4116 6452
378 351 516 416 1509

1350 355 1753 419 ADVERSUS
1793 358 2348 423 NESTORIANOS.
2377 387 2449 400 —
2483 364 2628 425 LIB.
2674 366 2726 427 Ι.

3519 366 3658 433 1510

378 478 473 532 ρον
502 459 677 523 οὕτως
700 458 856 513 ἔσται
882 459 1255 531 προῦαίνουσα
1297 462 1330 533 ὴ
1380 464 1858 535 νόησις.”Απειρον
1882 467 1961 520 ἔτι

2069 469 2319 533 tentiam,
2350 486 2609 527 mensura
2647 487 2759 527 non
2794 470 3078 536 deﬁnitur,
3106 469 3201 527 sed
3262 472 3319 527 in
3366 479 3653 533 nonnullis

374 550 657 617 δοξάζεται
671 546 812 608 εἶναι
824 551 916 603 καὶ
927 551 989 604 τὸ
998 551 1141 605 κατὰ
1157 552 1260 622 τὴν
1270 553 1629 627 ὲνεργητικὴν
1640 557 1739 627 τῆς
1752 557 1966 627 φύσεως

373 644 605 714 δύναμιν
629 642 815 713 μέτρῳ
839 644 914 713 μὴ
932 644 1413 715 περιοριζόμενον,
1446 646 1478 716 ἢ
1515 648 1574 702 ὲν
1628 652 1809 713 ταῖςδὲ
1853 668 1964 705 τισι

378 738 570 808 μόναις
593 738 717 800 ταῖς
728 736 1037 806 ἐνεργείαις
1061 736 1482 809 γνωριζόμενον.
1500 738 1667 793 Τοῦδε
1692 740 1799 812 γάρ
1823 758 1965 803 τινος

337 887 343 890 ν
375 825 664 897 ἀνθρώπου
687 824 847 895 τυχὸν
873 825 1176 893 δυναμένου
1199 826 1292 880 δύο
1310 829 1502 882 στάδια
1530 830 1781 901 δραμεῖν,
1806 831 1839 902 ἢ
1872 833 1966 886 καὶ

376 920 511 973 δέκα
546 920 706 991 μόνον
731 958 747 982 ,
796 920 891 973 καὶ
939 917 1097 972 τοῦδέ
1157 937 1301 985 τινος
1340 921 1615 992 ἰσχύοντος
1674 924 1725 994 ρ’
1778 924 1966 996 λίτρας

376 1006 508 1082 ἆραι
540 1011 574 1083 ἢ
604 1011 781 1081 χιλίας
812 1011 1007 1081 μόνον’
1039 1010 1137 1065 καὶ
1191 1013 1346 1067 τοῦδέ
1404 1032 1550 1078 τινος
1584 1018 1851 1086 γεωργεῖν
1904 1033 1963 1070 τε

376 1105 473 1159 καὶ
501 1108 807 1174 ναυπηγεῖν
828 1106 923 1158 καὶ⁵
963 1106 1200 1177 γράφειν
1223 1108 1318 1160 καὶ
1344 1107 1513 1178 ἕτερά
1546 1126 1668 1162 τινα
1694 1108 1963 1181 διαπράτο

374 1196 564 1250 τεσθαι
585 1196 891 1267 δυναμένου
927 1197 1127 1268 μόνον’
1168 1199 1244 1270 μὴ
1274 1199 1460 1270 μέντοι
1512 1201 1659 1265 τινὸς
1697 1201 1962 1274 τούτωνῆ

374 1288 621 1359 ἀπείρως
653 1289 1081 1360 σταδιοδρομεῖν,
1133 1290 1457 1363 ἢάμέτρως
1511 1292 1863 1364 ἀχθοφορεῖν,
1928 1292 1961 1363 ἢ

376 1380 568 1445 άπλῶς
600 1385 999 1452 παντουργεῖν’
1053 1383 1130 1447 ὡς
1187 1381 1286 1437 τοῦ
1333 1384 1501 1438 αὑτοῦ
1552 1386 1648 1438 καὶ
1703 1384 1965 1456 πολεμεῖν

378 1474 476 1529 καὶ
504 1474 830 1546 κιθαρῳδεῖν
859 1476 954 1530 καὶ
1008 1475 1281 1547 ἰατρεύειν
1311 1478 1407 1532 καὶ
1446 1477 1627 1533 πάντα
1657 1479 1834 1532 ποιεῖν
1864 1479 1966 1533 ὅσα

378 1566 591 1635 γίνεται
622 1568 681 1621 ὲν
734 1567 927 1640 κόσμῳ
978 1568 1291 1640 ἰσχύοντος·
1326 1571 1380 1624 εἰ
1423 1588 1509 1635 τις
1557 1570 1679 1625 καθ’
1708 1570 1966 1625 ὑπόθεσιν

379 1658 535 1730 ὤφθη
560 1657 805 1724 τοιοῦτος
836 1659 1003 1733 ἀνὴρ,
1032 1659 1226 1716 τοῦτον
1264 1658 1494 1735 ἄπειρον
1530 1666 1600 1736 τῇ
1635 1663 1963 1735 ὲνεργητικῇ

374 1747 604 1820 δυνάμει
634 1748 847 1819 ἔφημεν
877 1750 964 1805 ἀν.

2073 571 2284 617 tantum
2321 564 2637 619 actionibus
2695 565 3019 620 innotescit.
3052 564 3108 619 Si
3146 565 3293 620 enim
3346 566 3438 621 hic
3486 567 3656 624 homo

2068 655 2180 709 duo
2214 656 2388 710 stadia
2426 673 2653 713 currere
2696 657 2840 713 forte
2876 666 3077 728 potest,
3134 659 3219 713 vel
3273 660 3487 723 decem,
3541 676 3651 714 non

2066 757 2252 803 autem
2283 750 2541 819 amplius,
2574 758 2670 805 aut
2708 750 2755 805 si
2807 750 2898 806 ille
2948 760 3168 806 centum
3220 750 3391 805 libras
3442 760 3653 806 tantum

2066 850 2162 893 aut
2191 840 2340 893 mille
2367 842 2581 905 tollere,
2612 852 2708 897 aut
2737 843 2783 897 si
2815 843 3038 913 quidam
3079 843 3223 898 alius
3248 860 3408 899 arare
3436 853 3531 898 aut
3556 860 3654 899 na—

2064 930 2253 1001 vigare
2278 940 2375 985 aut
2398 933 2645 988 scribere
2675 943 2771 988 aut
2796 935 3050 1004 quaedam
3079 935 3184 989 alia
3211 935 3390 990 facere
3413 944 3649 999 tantum,

2066 1038 2176 1077 non
2208 1031 2390 1079 tamen
2441 1026 2661 1081 illorum
2712 1028 2914 1097 aliquis
2964 1026 3019 1081 in
3073 1027 3349 1081 inﬁnitum
3404 1044 3654 1093 currere,

2066 1124 2161 1169 aut
2190 1117 2521 1172 immensum
2566 1118 2782 1187 pondus
2822 1120 3016 1175 tollere
3044 1131 3141 1175 aut
3170 1121 3495 1191 simpliciter
3529 1137 3651 1175 oni--

2067 1204 2157 1259 nia
2210 1205 2421 1269 facere,
2450 1208 2558 1263 dici
2605 1217 2811 1279 potest,
2873 1209 2948 1265 ita
2981 1221 3041 1265 ut
3092 1212 3295 1265 bellare
3338 1222 3396 1267 et
3441 1213 3651 1267 cithara

2066 1312 2285 1363 canere,
2319 1310 2376 1355 et
2405 1316 2601 1355 sanare
2632 1309 2689 1355 et
2712 1302 2895 1357 omnia
2932 1319 3053 1372 qua:
3080 1302 3133 1356 in
3172 1304 3379 1357 mundo
3407 1313 3537 1361 sunt
3568 1304 3651 1357 fa-

2067 1389 2261 1445 cienda
2294 1391 2475 1447 facere
2502 1394 2721 1448 dicatur
2753 1412 2766 1447 :
2800 1394 2845 1450 si
2873 1405 3058 1449 autem
3096 1411 3163 1449 ex
3191 1396 3479 1464 supposito
3527 1395 3658 1451 talis

2067 1483 2425 1540 inveniretur
2456 1485 2644 1553 homo,
2678 1487 2833 1542 illum
2878 1486 3125 1557 potentia
3180 1486 3455 1540 inﬁnitum
3505 1486 3657 1542 dice-

2070 1590 2279 1630 remus.

444 1836 669 1895 Τούτων
702 1835 797 1895 οὖν
825 1840 1000 1906 οὕτως
1053 1841 1489 1913 διεγνωσμένων,
1548 1843 1831 1916 πθόμεθα
1850 1844 1960 1898 τῶν

2134 1841 2349 1909 Quibus
2376 1844 2456 1901 sic
2482 1845 2779 1911 distinctis,
2802 1846 2871 1901 ab
2893 1846 2980 1901 bis
3003 1846 3095 1916 qui
3128 1844 3325 1900 inﬁniti
3348 1860 3471 1900 cum
3498 1843 3656 1899 ﬁnito

373 1932 808 2002 ἀποφασκόντων
864 1933 964 2005 τὴν
996 1934 1091 1988 τοῦ
1141 1934 1370 2005 ἀπείρου
1427 1935 1565 2006 πρὸς
1632 1936 1694 1989 τὸ
1731 1937 1966 2006 περατδν

375 2022 571 2077 ἕνωσιν
597 2039 611 2054 °
659 2019 771 2096 ἆρά
831 2041 896 2093 γε
929 2026 1089 2080 τοῦτο
1117 2027 1180 2080 τὸ
1206 2027 1351 2081 θεῖον
1392 2027 1489 2081 τοῦ
1536 2027 1713 2098 Λόγου
1739 2028 1968 2100 ἄπειρον

375 2116 528 2168 ποῖον
549 2113 822 2180 νοοῦντες,
854 2117 1079 2189 περατῷ
1101 2117 1353 2172 ὲνοῦσθαι
1381 2119 1443 2173 ού
1476 2119 1877 2191 συγχωροῦσιν.
1902 2118 1966 2170 Εἰ

382 2205 483 2277 μὲν
510 2202 603 2260 οὖν
630 2206 693 2261 τὸ
716 2208 860 2261 κατὰ
888 2208 1062 2274 θέσιν,
1100 2208 1133 2279 ἢ
1160 2209 1666 2282 πολυπλασιασμὺν,
1697 2211 1730 2283 ἢ
1760 2199 1967 2282 διαίρει

385 2312 469 2351 σιν
493 2296 731 2365 ἐροῦσιν,
757 2298 985 2363 εἰκότως
1008 2299 1488 2372 ληροπαραπαίειν
1517 2300 1761 2367 δόξουσιν
1780 2316 1795 2331 ’
1822 2301 1872 2354 εἰ
1908 2299 1966 2354 δὲ

376 2380 443 2438 τὸ
473 2386 613 2439 κατά
641 2387 875 2460 τοπικὴν
895 2388 1237 2459 παρέκτασιν
1264 2389 1363 2459 τῆς
1392 2388 1530 2453 ἰδίας
1553 2389 1834 2459 συνεχείας
1865 2404 1968 2457 φα-

380 2476 484 2544 σὶν,
509 2477 724 2549 ἀνάγκη
746 2479 960 2533 τοσόνδε
979 2479 1207 2553 ἄπειρον
1238 2479 1298 2533 ὃν
1322 2480 1384 2535 τὸ
1414 2480 1575 2546 θεῖον,
1597 2480 1631 2553 ἢ
1669 2480 1846 2550 πάντη
1863 2479 1969 2544 ἔξω

378 2583 469 2621 ποι
490 2563 631 2623 εἶναι
659 2570 862 2635 παντὸς
884 2571 1037 2625 τοῦδε
1065 2569 1161 2625 τοῦ
1196 2571 1435 2643 περατοῦ
1457 2573 1685 2643 κόσμου,
1709 2573 1804 2626 καὶ
1815 2571 1973 2642 ἀσχέ-

375 2674 483 2722 τως
514 2658 661 2730 ἔχειν
687 2659 825 2731 πρὸς
847 2660 918 2716 τά
944 2662 1071 2733 τῇδε
1101 2663 1281 2717 πάντα
1295 2662 1969 2736 ἀποδιωρισμένωναύτῶν

377 2751 475 2805 καὶ
504 2751 755 2806 ὁπωσοῦν
786 2753 970 2808 αὐτῶν
988 2755 1089 2826 οὐχ
1117 2756 1413 2827 ἠνωμένων
1435 2773 1449 2787 ·
1494 2757 1590 2812 καί
1618 2755 1773 2810 ἔσται
1795 2754 1968 2827 ψευδῆ

377 2844 442 2898 τό
456 2846 613 2901 τεῈν
622 2847 775 2918 αύτῷ
793 2847 976 2919 ζῶμεν
994 2851 1091 2903 καὶ
1110 2850 1260 2905 κινού
1269 2850 1432 2921 μεθα,
1451 2851 1546 2905 καὶ
1562 2851 1731 2921 ἐσμέν
1748 2867 1763 2881 σ
1776 2850 1870 2903 καὶ
1884 2849 1966 2915 τὸ,

391 2936 481 3004 Ἐξ
506 2930 568 2991 οῦ
601 2941 694 2993 καὶ
711 2943 771 2994 ὲν
800 2933 846 3009 ᾧ
868 2941 938 2994 τά
954 2940 1151 2996 πάνταο
1172 2945 1267 2998 καὶ
1293 2943 1377 3008 τὺ,
1393 2941 1501 2996 Τοῦ
1532 2943 1742 3007 πάντας
1756 2944 1814 2995 ὲν
1834 2942 1969 2995 πᾶσι

377 3034 759 3105 πληρουμένου
779 3050 794 3065 ·
815 3036 909 3088 καὶ
931 3030 1186 3106 τὸ,⁶’1ναῇ
1212 3035 1242 3087 ό
1269 3035 1402 3098 Θεὸς
1421 3033 1491 3088 τά
1517 3035 1694 3089 πάντα
1716 3036 1774 3088 ὲν
1792 3036 1927 3088 πᾶσι
1951 3038 1968 3055 ⁸

377 3127 473 3179 καὶ
493 3125 562 3181 τὰ
578 3126 759 3181 τοιάδε
789 3126 971 3181 πάντα
989 3128 1258 3198 εἰρημένα
1277 3142 1290 3156 ·
1315 3127 1348 3198 ἢ
1371 3126 1558 3181 εἰτάδε
1579 3125 1796 3197 ἀληθῶς
1813 3125 1967 3199 εἴρη-

377 3235 491 3283 ται,
520 3216 613 3272 καί
638 3234 720 3272 τοι
750 3218 982 3290 ἀπείρου
1016 3218 1167 3283 ὄντος
1193 3217 1291 3272 τοῦ
1326 3217 1485 3285 Θεοῦ,
1503 3216 1746 3289 περατοῦ
1774 3216 1833 3271 δὲ
1868 3215 1962 3270 τοῦ

340 3332 343 3335 λ
379 3311 590 3380 κόσμου
614 3310 757 3364 κατά
780 3308 969 3375 τόπον,
1007 3309 1188 3380 μάτην
1222 3309 1533 3381 ὑφορῶνται
1572 3308 1672 3380 τὴν
1718 3306 1815 3361 τοῦ
1851 3324 1966 3361 τοι-

376 3403 500 3457 οῦδε
530 3401 761 3472 ἀπείρου
788 3400 923 3471 πρὸς
949 3400 1012 3455 τὸ
1042 3400 1279 3472 περατδν
1298 3400 1513 3464 ἕνωσιν,
1546 3398 1837 3469 ἑνουμένου
1871 3398 1967 3453 καὶ

382 3495 718 3568 πληροῦντος
748 3493 842 3549 τοῦ
872 3492 1008 3547 Θεοῦ
1034 3494 1103 3546 τὰ
1147 3493 1327 3547 πάντα
1350 3507 1366 3524 ο
1425 3492 1475 3545 εἰ
1505 3491 1562 3545 δὲ
1584 3493 1667 3557 τὸ,
1703 3489 1863 3544 Κατά
1904 3488 1967 3543 τό

382 3605 513 3642 ποτε
537 3587 910 3658 ἀτελευτήτως
936 3585 1081 3656 ἔχον,
1112 3583 1274 3639 τοῦτο
1326 3582 1422 3637 ἐπὶ
1468 3581 1627 3645 Θεοῦ,
1659 3582 1795 3651 φασὶ
1831 3582 1967 3634 νοεῖ-

383 3680 509 3735 σθαι
540 3680 723 3741 αὐτοῖς
753 3677 817 3731 τὸ
858 3676 934 3750 μὴ
966 3675 1255 3747 ἑνούμενον
1283 3674 1533 3744 ἄπειρον,
1564 3671 1791 3726 αὐτόθεν
1827 3672 1967 3724 εἰσὶν

382 3773 694 3841 εὐάλεγκτοι
719 3771 785 3824 ὲκ
815 3770 916 3839 τῆς
956 3769 1092 3832 ἰδίας
1110 3767 1461 3828 ὑποστάσεως
1482 3782 1495 3795 ·
1520 3764 1744 3834 καὶγὰρ
1764 3762 1967 3817 τούτων

380 3868 415 3937 ἠ
443 3865 590 3935 ψυχὴ
620 3863 848 3935 ἄπειρον
879 3861 1079 3932 ἔχουσα
1106 3860 1205 3930 τὴν
1228 3858 1372 3912 κατὰ
1410 3857 1472 3911 τό
1497 3873 1628 3910 ποτε
1660 3856 1964 3927 διάρκειαν,

381 3959 541 4029 εἴπερ
576 3956 760 4019 αὐτοῖς
791 3954 961 4017 ὅντως
994 3952 1261 4014 ἀθάνατος
1293 3949 1462 4014 δοκεῖ,
1494 3948 1646 4018 ὅμως
1666 3946 1746 4018 τῷ
1772 3946 1848 4018 μὴ
1871 3945 1967 3999 νῦν

386 4046 587 4117 ῥαδίως
618 4042 840 4115 περατῷ
867 4040 1081 4113 σώματι
1111 4039 1291 4096 αὐτῶν
1318 4040 1525 4109 ἥνωται
1547 4038 1643 4091 καὶ
1692 4035 1812 4090 καθ’
1837 4035 1969 4089 ὑπό-

386 4156 598 4193 στασιν.
636 4138 699 4191 Εἰ
729 4137 787 4191 δὲ
808 4135 1075 4191 πάντοθεν
1102 4131 1524 4202 συνωθούμενοι,
1553 4131 1614 4195 ἐξ
1640 4129 1887 4197 ἀνάγκης
1906 4127 1968 4180 τὸ

382 4233 526 4287 κατά
560 4231 791 4302 δύναμιν
849 4228 1076 4298 ἀπειρόν
1135 4225 1226 4279 ἐπὶ
1276 4223 1372 4278 τοῦ
1405 4222 1551 4276 θείου
1577 4220 1711 4290 φασὶ
1764 4218 1965 4287 λέγειν,

383 4324 605 4379 λεκτέον
654 4324 860 4387 αὐτοῖς,
912 4320 988 4384 ὡς
1040 4317 1101 4384 ἐξ
1128 4318 1373 4386 ἀνάγκης
1405 4314 1632 4384 θάτερον
1653 4312 1968 4383 ἀνατραπή-

387 4435 540 4473 σεται
591 4415 702 4470 τῶν
727 4415 856 4484 παρ’
890 4412 1103 4467 αὐτῶν
1143 4410 1179 4480 ἢ
1218 4409 1328 4479 γάρ
1356 4407 1582 4477 ἄπειρον
1613 4403 1674 4458 ὂν
1706 4406 1773 4474 τῇ
1804 4404 1968 4457 δυνά·

2072 1934 2337 2004 rejiciunt
2362 1937 2782 2001 unionem,lta;c
2800 1955 3110 2008 quaeramus
3140 1954 3153 1991 :
3182 1936 3460 2008 quomodo
3491 1936 3655 1990 intel-

2068 2021 2241 2092 ligitis
2273 2024 2449 2079 divini
2490 2025 2654 2080 Verbi
2689 2024 3041 2089 infinitatem,
3086 2025 3179 2095 qui
3202 2040 3315 2079 non
3338 2023 3656 2080 conceditis

2069 2128 2191 2168 eam
2232 2114 2389 2170 ﬁnito
2422 2116 2569 2170 nniri
2620 2118 2828 2187 posse?
2859 2116 2913 2171 Si
2955 2116 3261 2171 secundum
3295 2115 3653 2186 positionem,

2067 2206 2164 2251 aut
2194 2199 2712 2269 multiplicationem
2744 2210 2841 2254 aut
2868 2200 3223 2263 divisionem,
3253 2198 3489 2253 delirare
3522 2212 3657 2252 con—

2067 2284 2404 2354 vincuntur;
2434 2288 2477 2343 si
2510 2304 2644 2343 vero
2673 2289 2980 2343 secundum
3011 2288 3244 2343 localem
3270 2286 3653 2343 extensionem

2069 2378 2192 2448 ejus
2225 2386 2458 2443 naturae,
2496 2380 2816 2435 necessario
2846 2379 2953 2433 hoc
2976 2379 3226 2433 divinum
3256 2377 3533 2433 inﬁnitum
3567 2377 3656 2430 vel

2070 2468 2298 2523 omnino
2350 2469 2460 2524 erit
2508 2477 2665 2525 extra
2726 2470 2876 2525 hunc
2929 2469 3195 2523 mundum
3255 2468 3495 2531 ﬁnitum.
3554 2483 3658 2523 nec

2072 2561 2513 2630 comprehendet
2557 2578 2904 2633 quaecunque
2972 2562 3064 2617 hic
3121 2570 3290 2627 sunt,
3336 2577 3464 2616 cum
3512 2561 3661 2615 inter

2072 2663 2132 2704 se
2163 2651 2275 2705 sint
2303 2650 2562 2706 distincta
2595 2660 2652 2706 et
2687 2652 3096 2722 quodammodo
3129 2667 3241 2707 non
3276 2652 3429 2706 unita
3453 2692 3468 2716 ,
3511 2651 3658 2707 unde

2076 2733 2275 2790 falsum
2305 2735 2455 2805 quod
2476 2736 2533 2790 ln
2563 2736 2681 2806 ipso
2702 2737 2941 2791 vivimus
2964 2744 3019 2791 et
3046 2752 3333 2792 movemur
3358 2744 3414 2789 et
3441 2750 3656 2801 sumus,

2076 2826 2315 2897 etquod
2345 2844 2414 2882 ex
2445 2827 2566 2898 ipso
2585 2837 2642 2883 et
2677 2829 2731 2883 in
2775 2829 2896 2899 ipso
2943 2836 3073 2883 sunt
3129 2829 3335 2893 omnia,
3396 2836 3453 2883 et
3506 2828 3655 2897 quod

2072 2917 2257 2973 omnia
2302 2918 2359 2972 in
2406 2919 2668 2974 omnibus
2696 2920 2891 2988 replet,
2928 2927 2983 2973 et
3028 2918 3163 2973 illud
3203 2936 3216 2972 :
3262 2926 3325 2972 ut
3380 2918 3452 2973 sit
3510 2918 3660 2974 Deus

2072 3008 2260 3062 omnia
2288 3008 2343 3062 in
2375 3009 2653 3073 omnibus,
2690 3016 2747 3064 et
2769 3007 2951 3063 omnia
2998 3008 3200 3063 similia
3237 3008 3418 3073 dicta;
3467 3008 3554 3063 vel
3608 3008 3655 3061 si

2076 3099 2167 3155 illa
2194 3100 2380 3154 omnia
2406 3117 2535 3155 vere
2565 3100 2711 3155 dicta
2742 3109 2893 3166 sunt,
2924 3099 3055 3154 licet
3089 3099 3340 3154 inﬁnitus
3375 3100 3447 3153 sit
3484 3100 3655 3165 Deus,

2070 3192 2314 3248 mundus
2368 3202 2552 3247 autem
2583 3191 2688 3247 iste
2720 3191 2900 3262 quoad
2926 3191 3110 3245 locum
3137 3190 3347 3259 ﬁnitus,
3377 3190 3658 3245 immerito

2065 3307 2201 3363 ergo
2230 3291 2379 3347 illius
2428 3292 2631 3347 inﬁniti
2681 3308 2806 3347 cum
2844 3291 3000 3347 ﬁnito
3047 3300 3321 3362 respuunt
3365 3292 3654 3356 unionem,

2066 3400 2191 3440 cum
2222 3385 2369 3439 Deus
2403 3386 2610 3449 omnia,
2633 3384 2915 3439 adunante
2936 3392 2992 3439 et
3022 3384 3270 3454 replente
3300 3382 3485 3437 omnia
3506 3383 3652 3448 Deo;

2067 3472 2112 3529 si
2146 3472 2455 3527 secundum
2482 3472 2833 3527 durationem
2861 3473 2982 3526 sine
3006 3470 3135 3536 ﬁne,
3168 3470 3364 3525 dicunt
3390 3485 3449 3525 se
3483 3469 3650 3525 intel-

2065 3565 2239 3636 ligere
2279 3565 2452 3619 Deum
2506 3581 2616 3619 non
2664 3562 2812 3619 uniri
2864 3579 2931 3617 ex
2982 3562 3205 3633 propria
3248 3577 3531 3632 persona:
3566 3562 3652 3616 fa-

2066 3657 2274 3713 cillime
2315 3656 2699 3720 confutantur,
2735 3655 3009 3724 siquidem
3056 3670 3249 3710 eorum
3284 3655 3490 3721 anima,
3524 3670 3651 3709 cum

2067 3749 2273 3804 habeat
2325 3748 2539 3803 inﬁnite
2589 3748 2913 3803 duraturam
2962 3748 3410 3818 perpetuitatem,
3460 3755 3651 3817 utpote

2067 3857 2192 3911 qua:
2231 3841 2368 3911 ipsis
2404 3841 2626 3896 videtur
2657 3841 3006 3905 immortalis,
3034 3841 3255 3911 corpori
3296 3850 3478 3895 tamen
3519 3857 3652 3896 sane

2069 3935 2227 3988 ﬁnito
2241 3934 2434 3989 unitur
2448 3946 2506 3989 et
2532 3933 2836 3988 secundum
2861 3948 3177 4003 personam.
3198 3932 3255 3986 Si
3280 3942 3464 3986 autem
3493 3933 3656 3987 undi-

2069 4042 2179 4097 que
2203 4026 2373 4096 pulsi,
2418 4041 2486 4080 ex
2523 4025 2857 4081 necessitate
2885 4025 3079 4079 dicunt
3127 4025 3298 4079 Deum
3346 4022 3650 4078 secundum

2070 4117 2375 4187 potentiam
2395 4132 2515 4172 esse
2544 4116 2849 4180 inﬁnitum,
2869 4115 2975 4169 illis
2994 4114 3368 4185 reponendum
3388 4123 3475 4169 est
3496 4114 3654 4168 alter-

2069 4218 2258 4262 utrum
2318 4206 2635 4264 necessario
2695 4222 2816 4262 esse
2864 4204 3225 4275 rejiciendum
3286 4220 3355 4259 ex
3401 4205 3487 4259 his
3529 4220 3655 4275 qua:

2070 4299 2305 4354 dicunt:
2338 4299 2425 4354 vel
2453 4299 2602 4354 enim
2647 4296 2793 4368 quod
2832 4297 3076 4366 potentia
3126 4294 3403 4349 inﬁnitum
3457 4302 3542 4349 est
3596 4308 3654 4350 et

2069 4397 2220 4454 omni
2256 4413 2357 4467 par
2393 4396 2619 4463 actioni,
2660 4404 2847 4466 posset
2888 4394 3078 4458 etiam,
3107 4393 3261 4447 nullo
3292 4392 3652 4462 impediente,

364 4527 481 4583 ομει
510 4508 607 4564 καὶ
635 4507 771 4578 πρὸς
803 4506 985 4559 πᾶσαν
1014 4503 1298 4572 ἐνέργειαν
1324 4498 1507 4570 ἰσχύον
1534 4497 1750 4551 δύναιτο
1777 4494 1845 4550 ἀν
1871 4494 1965 4549 καὶ⁵

2073 4492 2127 4546 ἰιι
2160 4490 2314 4544 ﬁnita
2364 4497 2563 4544 natura
2597 4502 2697 4543 sua
2738 4488 2923 4542 omnia
2964 4486 3191 4557 propria
3248 4486 3429 4540 facere
3458 4503 3471 4540 :
3503 4484 3655 4555 quod

384 4602 476 4657 διά
505 4598 753 4673 περατῆς
780 4601 998 4669 φύσεως
1031 4593 1199 4665 μηδὲν
1228 4590 1335 4645 ὑπὸ
1355 4588 1581 4661 μηδενὸς
1601 4586 1964 4659 ἐμποδιζόμε-

386 4711 477 4747 νον
501 4692 749 4763 ἐνεργεῖν
773 4689 842 4743 τά
871 4687 979 4741 ἴδια
1013 4685 1194 4739 πάντα
1212 4698 1225 4712 ·
1263 4683 1292 4735 ὃ
1320 4683 1467 4735 ἐστιν
1493 4676 1818 4739 ὲνδιδοῦντος
1841 4676 1967 4728 ὲαυ-

385 4788 479 4840 τὸν
516 4784 597 4855 τῷ
626 4781 799 4852 ἑτέρῳ
830 4779 926 4834 καὶ
958 4776 1088 4848 μίαν
1132 4772 1433 4828 ὑπόστασιν
1478 4768 1539 4835 ἐξ
1583 4767 1831 4830 ινώσεως
1857 4764 1966 4821 τῶν

384 4877 589 4933 δύοτδιά
616 4875 715 4945 τῆς
756 4868 1165 4941 ἀλληλοχωρίας
1191 4864 1526 4928 δεικνύντοςο
1561 4862 1595 4933 ἢ
1626 4861 1702 4934 μὴ
1732 4860 1966 4931 δυνάμε-

384 4986 478 5025 νον
508 4969 604 5023 καὶ
624 4966 714 5020 διὰ
737 4961 977 5034 περατοῦ
1019 4959 1090 5014 τά
1116 4958 1217 5029 τῆς
1248 4955 1455 5018 οἰκείας
1485 4953 1764 5021 δυνάμεως
1790 4949 1968 5005 πάντα

366 5060 655 5134 προάγειν
683 5058 779 5113 καὶ
811 5055 1083 5127 παριστᾷν
1106 5048 1461 5115 ἐαυτοῦ,ὅλον
1500 5045 1559 5101 ἒν
1588 5042 1729 5099 εἰναι
1761 5042 1839 5114 τῷ
1868 5058 1968 5134 πε-

391 5133 562 5226 ρατῷ,
593 5152 695 5205 οὐκ
718 5150 888 5212 ὅντως
917 5146 1145 5216 ἄπειρον
1174 5138 1314 5197 εἶναι
1342 5143 1408 5212 τῇ
1444 5138 1769 5209 ὲνεργητικῇ
1804 5133 1966 5188 δυνά-

391 5265 484 5319 μει
510 5243 763 5316 φωραθὲν
793 5240 939 5295 κατά
952 5254 1077 5291 τινα
1096 5236 1320 5307 τρόπον,
1348 5234 1517 5302 ἧγουν
1540 5232 1607 5301 τῇ
1643 5227 1968 5299 σμικρότητι

388 5338 484 5392 τοῦ
520 5336 732 5407 ἐτέρου,
766 5330 1133 5401 κωλυόμενον,
1161 5327 1267 5381 ὑπὸ
1288 5324 1441 5379 τοῦδε
1471 5323 1569 5386 τὰς
1602 5321 1813 5384 οἰκείας
1832 5335 1969 5390 προ-

389 5434 547 5499 άγειν
576 5428 757 5489 πάσας
796 5421 1078 5493 ἐνεργείας
1100 5435 1114 5450 ’
1173 5417 1362 5486 ὥσπερ
1410 5412 1597 5478 Δασὶδ,
1631 5410 1835 5481 γυμνὸς
1870 5409 1970 5499 μὲν

390 5521 489 5576 καὶ
529 5515 855 5588 ἀπερίθετος
909 5512 1111 5574 παντὸς
1170 5504 1451 5575 ἀλλοτρίου
1498 5503 1600 5573 τῆς
1645 5498 1970 5571 ποιμενικῆς

390 5609 704 5680 διασκευῆς,
757 5605 985 5668 δυνατὸς
1040 5595 1508 5667 καταγωνίζεσθαι
1540 5593 1633 5648 καὶ
1662 5593 1819 5663 νικᾷν
1880 5590 1970 5644 τὸν

394 5700 432 5753 Γ
435 5698 584 5753 ολιὰθ
612 5694 703 5770 ἦν.
734 5693 1123 5769 Περικείμενος
1159 5688 1214 5741 δὲ
1253 5686 1479 5757 θώρακα
1505 5684 1599 5737 καὶ
1628 5682 1828 5754 κράνος
1880 5680 1972 5735 καὶ

364 5844 367 5845 ,
394 5790 662 5867 κνημῖδας
700 5788 796 5842 καὶ
821 5784 1025 5842 ἀσπίδα
1052 5781 1146 5838 καὶ
1173 5780 1325 5849 ξίφος
1373 5778 1469 5833 καὶ
1502 5774 1689 5839 ἀπλῶς
1735 5772 1971 5846 ἀχθοφο-

2072 4591 2134 4636 ut
2168 4582 2291 4651 ejus
2320 4580 2417 4650 qui
2442 4595 2502 4635 se
2531 4579 2690 4634 alteri
2717 4578 3091 4635 communicat
3116 4586 3173 4633 et
3198 4578 3292 4648 qui
3336 4595 3403 4632 ex
3450 4578 3658 4632 unione

2069 4674 2304 4730 duorum
2331 4689 2429 4744 per
2459 4680 2707 4728 mutuam
2742 4672 3115 4727 accessionem
3159 4686 3322 4725 unam
3369 4670 3658 4725 constituit

2068 4778 2360 4834 personam
2382 4780 2398 4830 ;
2424 4763 2511 4817 vel
2546 4761 2694 4833 quod
2720 4777 2831 4816 non
2862 4769 3047 4831 posset
3070 4761 3255 4815 omnia
3292 4776 3407 4815 sua:
3447 4769 3647 4830 poten-

2073 4856 2163 4911 tiae
2199 4855 2424 4926 propria
2448 4870 2552 4925 per
2582 4854 2798 4909 ﬁnitum
2833 4853 3036 4909 elicere
3057 4860 3114 4908 et
3142 4852 3434 4908 ostendere
3474 4868 3648 4907 unum

2070 4947 2296 4999 omnino
2323 4961 2448 5000 cum
2484 4943 2640 4998 ﬁnito
2668 4949 2835 5009 esset,
2861 4959 2971 4997 non
3022 4943 3170 4997 enim
3225 4941 3469 5012 potentia
3520 4956 3652 4995 vere

2069 5045 2155 5092 est
2201 5037 2477 5092 inﬁnitum
2530 5036 2676 5106 quod
2723 5036 2827 5090 sub
2873 5036 3058 5104 aliquo
3091 5042 3371 5105 respectu,
3395 5034 3655 5087 videlicet

2071 5129 2344 5184 tenuitate
2374 5129 2626 5193 alterius,
2660 5126 2990 5195 prohibetur
3018 5140 3213 5179 omnes
3252 5139 3384 5178 suas
3408 5123 3661 5178 actiones
3736 5122 3741 5127 ’

2071 5220 2363 5292 proferre;
2404 5220 2546 5275 sicut
2576 5218 2743 5273 David
2770 5217 2956 5273 nudus
2979 5224 3035 5271 et
3062 5217 3205 5271 liber
3242 5214 3312 5269 ab
3359 5214 3508 5269 omni
3563 5230 3658 5269 ar-

2072 5320 2287 5365 matura
2320 5309 2424 5363 alia
2486 5323 2517 5361 a
2568 5306 2830 5377 pastorali
2883 5305 3099 5371 habitu,
3144 5306 3327 5375 potuit
3366 5303 3657 5360 decertare

2072 5416 2199 5455 cum
2222 5399 2441 5455 Goliath
2462 5407 2518 5453 et
2548 5398 2703 5451 illum
2725 5396 2970 5459 vincere;
2999 5394 3227 5448 indutus
3248 5403 3430 5448 autem
3458 5393 3656 5457 lorica,

2072 5494 2249 5564 galea,
2268 5491 2471 5554 ocreis,
2496 5490 2689 5561 clypeo
2710 5497 2765 5541 et
2794 5487 2976 5557 gladio
2998 5496 3052 5540 et
3074 5502 3185 5541 uno
3212 5486 3384 5541 verbo
3421 5495 3657 5541 onustus

2073 5584 2244 5639 armis
2280 5583 2432 5648 Saul,
2462 5582 2637 5651 impar
2677 5588 2799 5635 erat
2849 5577 3177 5633 debellando
3232 5588 3286 5633 ct
3348 5578 3656 5633 occidendo

2076 5676 2262 5742 hosti;
2298 5674 2383 5730 vel
2426 5674 2593 5745 igitur
2643 5689 2753 5727 non
2779 5672 2885 5726 crit
2932 5669 3207 5724 inﬁnitum
3240 5671 3337 5726 Dei
3383 5671 3652 5732 Verbum,

2074 5769 2185 5837 vel,
2218 5768 2265 5824 si
2305 5768 2608 5835 inﬁnitum,
2640 5783 2750 5823 non
2782 5765 2985 5837 poterit
3015 5781 3112 5835 per
3144 5763 3354 5819 ﬁnitam
3392 5771 3653 5818 naturam
