4116 6448
481 368 614 435 [511

1742 360 2053 424 LEONTII
2092 361 2496 422 BYZANTINI

3600 353 3732 415 1512

476 500 608 540 suas
641 478 1152 552 proprias'omnmo
1195 476 1443 530 actiones
1481 472 1814 543 producere.
1867 472 2053 541 Itaque

2171 472 2278 540 ρῶν
2304 474 2417 534 τοῖς
2447 470 2634 532 ὅπλοις
2656 466 2752 520 τοῦ
2795 465 2991 527 Σαοὺλ,
3032 461 3294 525 ἀδύνατος
3344 455 3413 532 ἦν
3447 461 3585 531 πρὸς
3635 466 3734 532 τὴν

479 590 589 629 non
619 578 800 641 potest
824 568 951 621 inde
972 563 1339 619 demonstrari
1372 562 1728 631 impossibilis
1748 562 2053 617 secundum

478 676 771 733 personam
795 659 925 712 unio
952 671 1078 710 cum
1107 654 1260 707 [inita
1289 662 1504 707 natura.

2164 564 2597 635 ἀντιπαράταξιν
2626 564 2720 615 καὶ¹
2764 560 3043 629 ἀναίρεσιν
3072 556 3168 609 τοῦ
3222 554 3518 623 ἀλλοφύλου
3539 570 3554 585 ·
3584 555 3739 607 ἔσται

2160 654 2254 707 οὑν
2278 654 2486 722 σαφῶς,
2537 652 2571 723 ἢ
2598 654 2698 705 οὐκ
2744 651 2971 720 ἄπειρος
2998 646 3096 718 τὴν
3124 646 3354 715 δύναμιν
3385 646 3414 697 ὁ
3465 644 3596 708 Θεὸς
3631 645 3739 697 Λό-

476 757 647 826 γος,ἢ
677 754 992 823 εἰάπειρος,
1018 751 1117 803 οὑκ
1154 748 1443 810 ἀδύνατος·
1473 748 1570 801 καὶ
1626 746 1716 800 διὰ
1778 747 2023 816 περατῆς
2038 746 2255 814 φύσεως
2314 751 2491 803 πάντα
2528 749 2596 802 τά
2636 749 2744 801 tota.
2808 747 3038 799 πάντοτε
3102 746 3365 815 ἐνεργεῖν.
3402 742 3603 812 Διόπερ
3635 740 3736 792 οὑκ

476 854 624 906 εστιν
643 852 707 901 ἐκ
731 846 886 901 τοῦδε
904 845 1005 916 τὴν
1032 844 1151 897 καθ’
1178 844 1475 895 ὑπόστασιν
1498 841 1634 911 πρὸς
1660 841 1818 912 τήνδε
1844 842 2056 906 ἕνωσιν,
2096 842 2356 896 ἀδύνατον
2386 841 2756 913 παραστῆσαι.

1077 958 1230 1014 CAP.
1266 955 1457 1011 XLIX.

552 1071 677 1125 [hec
708 1067 1041 1139 compositio
1077 1083 1240 1137 quam
1273 1064 1483 1123 dicitis.
1520 1064 1800 1134 inquiunt,
1842 1064 1927 1119 vel
1956 1079 2060 1117 no-

476 1180 599 1217 vam
633 1172 888 1215 naturam
925 1158 1209 1229 produxit,
1256 1174 1428 1227 quare
1470 1156 1636 1227 igitur
1672 1172 1779 1211 non
1830 1171 2064 1210 consen-

480 1258 598 1311 titis
625 1257 712 1310 his
742 1255 837 1325 qui
864 1262 1093 1308 naturas
1116 1253 1381 1307 miscent?
1404 1250 1498 1305 Vel
1526 1266 1722 1305 novam
1748 1266 2058 1321 personam,

480 1360 537 1405 et
569 1352 672 1404 'cur
704 1364 805 1402 nos
841 1345 1157 1417 repellitis?
1190 1346 1275 1399 vel
1329 1361 1432 1400 nec
1486 1352 1741 1398 naturam
1789 1358 1891 1397 nec
1937 1358 2065 1412 per—

481 1458 695 1507 sonam,
736 1449 792 1495 et
840 1450 971 1494 tunc
1004 1438 1206 1492 frustra
1247 1438 1390 1493 facta
1439 1446 1541 1492 est.
1588 1435 1694 1491 Sed
1726 1452 1833 1489 non
1866 1449 2061 1489 neces-

482 1536 652 1599 sario,
683 1534 869 1595 amici.
896 1530 1224 1601 compositio
1247 1538 1344 1584 aut
1367 1540 1620 1583 naturam
1651 1536 1745 1581 aut
1770 1542 2059 1597 personam

482 1640 682 1679 novam
710 1622 988 1694 producit.
1030 1620 1256 1676 Ferrum
1278 1618 1423 1673 enim
1448 1618 1503 1671 in
1526 1616 1861 1672 carbonibus
1880 1614 2064 1685 ignitis

485 1717 861 1778 combustum,
896 1729 1078 1783 neque
1107 1721 1359 1767 naturam
1389 1726 1571 1779 neque
1621 1722 1911 1780 personam
1963 1721 2062 1759 ηο-

2744 951 2997 1007 ΚΕΦΛΛ.
3023 948 3157 1006 ΜΘ’.

2265 1070 2312 1122 Η
2356 1067 2623 1131 σύνθεσις,
2654 1067 2819 1137 φησὶν
2841 1107 2855 1132 ,
2878 1068 2943 1136 ἣν
2979 1063 3135 1133 φατὲ,
3162 1064 3195 1135 ἢ
3234 1062 3395 1132 φύσιν
3422 1060 3739 1132 καινοτέραν

2162 1162 2408 1229 ἐποίησε,
2442 1161 2537 1213 καὶ
2564 1161 2617 1213 τί
2642 1161 2717 1231 μὴ
2740 1156 3102 1227 καταδέχεσθε
3137 1157 3261 1219 τοὺς
3292 1154 3675 1225 μιξοφυσίτας;
3702 1153 3736 1223 ἢ

2163 1255 2459 1308 ὑπόστασιν
2483 1253 2773 1323 νεωτέραν,
2812 1253 2905 1304 καὶ
2929 1251 3016 1303 διά
3049 1249 3102 1302 τί
3131 1250 3275 1318 ἡμᾶς
3308 1246 3627 1301 ἀποσείεσθε
3658 1262 3673 1311 ;
3701 1245 3736 1318 ἢ

2163 1345 2284 1398 οὐδὲ
2318 1343 2478 1413 φύσιν
2520 1342 2643 1396 οὑδὲ
2672 1342 2992 1407 ὑπόστασιν,
3050 1339 3143 1392 καὶ
3194 1341 3368 1409 μάτην
3424 1337 3737 1405 γεγένηται.

2176 1437 2418 1490 ’ΛλλὊὺκ
2433 1436 2765 1506 ἀναγκαίως,
2782 1429 2827 1488 ὦ
2842 1426 3007 1500 οὗτοι,
3024 1434 3172 1484 πᾶσα
3190 1429 3456 1493 σύνθεσις,
3474 1428 3507 1501 ἢ
3527 1428 3687 1498 φύσιν
3702 1427 3737 1499 ἢ

2165 1531 2459 1583 ὑπόστασιν
2480 1529 2751 1599 νεωτέραν
2772 1525 3000 1579 ὲκτελεῖ.
3031 1522 3314 1595 Πυρωθεὶς
3332 1520 3441 1592 γὰρ
3464 1522 3492 1573 ό
3520 1520 3741 1588 σίδηρος

2165 1624 2222 1675 ἐν
2239 1621 2518 1694 ἄνθραξιν,
2543 1619 2667 1674 οὔτε
2682 1619 2844 1689 φύσιν
2866 1618 2987 1671 τινὰ
3003 1617 3160 1686 ξένην
3190 1613 3581 1673 ἐπιδείκνυται,
3609 1610 3737 1665 οὔτε
3760 1672 3777 1679 α

2166 1714 2462 1768 ὑπόστασιν
2504 1713 2658 1767 νέαν·
2693 1712 2727 1783 ἠ
2761 1729 2820 1766 τε
2858 1711 2967 1782 γὰρ
3032 1707 3128 1763 τοῦ
3166 1708 3383 1779 σιδήρου
3444 1706 3741 1768 ὑπόστασις

482 1825 605 1863 vam
645 1807 891 1878 praebet:
918 1820 1149 1875 persona
1182 1805 1330 1858 enim
1374 1802 1505 1857 ferri
1556 1810 1613 1856 et
1658 1815 1891 1871 persona
1936 1813 2060 1851 car-

2171 1807 2262 1859 καὶ
2300 1808 2333 1877 ἡ
2369 1805 2481 1859 τῶν
2517 1806 2761 1877 πυρίνων
2783 1803 3093 1875 ἀνθράκων,
3124 1802 3323 1872 ὁμοίως
3340 1798 3554 1869 ἔχουσιν
3576 1809 3589 1822 ·
3623 1795 3740 1849 ἀλλ’

485 1903 694 1956 bonum
726 1907 1044 1963 remanent;
1075 1897 1169 1951 sed
1197 1897 1251 1950 in
1287 1895 1415 1950 ferri
1438 1909 1673 1964 persona
1700 1900 1897 1946 natura
1922 1890 2063 1960 ignis

481 2008 550 2045 ex
578 2006 634 2045 se
659 1988 1067 2059 impersonalis,
1102 1986 1257 2040 unita
1280 1994 1363 2040 est
1393 1995 1605 2039 natura;
1627 1982 1784 2048 ferri,
1814 1981 2061 2051 ejusdem

484 2097 734 2151 persona:
768 2095 832 2134 ac
883 2078 1065 2148 ipsum
1098 2076 1288 2131 facta:
1331 2074 1464 2145 quid
1512 2073 1681 2144 igitur
1733 2071 1789 2125 in
1842 2070 2063 2125 Christo

482 2170 850 2242 compositio?
880 2169 1018 2223 nihil
1048 2168 1198 2223 aliud
1234 2183 1397 2237 quam
1431 2167 1577 2236 quod
1610 2165 1764 2235 prius
1809 2164 1879 2219 ab
1925 2164 2065 2219 invi-

482 2281 602 2320 cem
637 2270 910 2333 separata,
943 2262 1053 2332 jam
1099 2262 1511 2331 conjunguntur
1552 2255 1855 2312 secundum
1897 2269 2063 2308 unam

483 2341 781 2426 personam
816 2353 981 2408 unius
1006 2354 1428 2423 conjunctorum
1457 2367 1471 2403 :
1496 2349 1644 2419 quod
1697 2347 1831 2402 satis
1877 2357 1962 2401 est
1995 2345 2064 2400 ad

487 2448 773 2503 ditandam
820 2453 1066 2501 nostram
1119 2453 1372 2498 naturam
1414 2440 1569 2497 omni
1616 2449 1815 2495 natura
1856 2437 2062 2493 divina.

1150 2664 1299 2720 CAP.
1341 2662 1404 2717 L.

456 2784 463 2792 '
563 2778 657 2834 Vel
692 2772 964 2831 naturalis
1008 2781 1093 2829 est
1122 2773 1213 2826 illa
1239 2787 1401 2842 quam
1432 2770 1619 2827 dicitis
1649 2771 1814 2827 Verbi
1858 2780 1913 2828 et
1943 2788 2063 2827 car-

500 2870 590 2925 nis
628 2868 785 2929 unio,
818 2876 875 2921 et
909 2866 962 2920 in
990 2880 1101 2934 quo
1123 2864 1359 2918 dill‘ertis
1388 2862 1456 2917 ab
1484 2863 1573 2918 his
1602 2865 1696 2934 qui
1722 2864 1915 2919 dicunt
1942 2881 2065 2918 om-

490 2963 626 3017 nino
649 2960 885 3014 similem
906 2973 1027 3012 esse
1049 2956 1106 3010 in
1126 2954 1349 3011 Christo
1371 2966 1427 3010 et
1448 2955 1503 3009 in
1531 2955 1754 3011 homine
1779 2955 2067 3010 unionem?

486 3056 578 3112 vel
612 3051 919 3125 personalis
944 3057 1048 3113 est,
1080 3058 1137 3103 et
1162 3065 1261 3104 cur
1288 3047 1447 3102 nobis
1472 3064 1580 3102 non
1614 3049 1945 3103 consentitis
1966 3048 2064 3119 qui

489 3145 728 3202 dicimus
773 3158 894 3197 eam
952 3140 1186 3196 similem
1245 3156 1366 3195 esse
1422 3141 1614 3195 unioni
1656 3141 1892 3196 amantis
1938 3157 2062 3195 cum
2090 3183 2134 3245 Ο

489 3236 751 3293 amante?
778 3234 875 3289 Vel
906 3249 1085 3303 nequc
1115 3232 1385 3287 naturalis
1410 3249 1591 3303 neque
1623 3234 1930 3303 personalis
1960 3243 2064 3297 est,

489 3332 547 3379 et
580 3333 711 3376 tunc
751 3329 940 3390 aperte
979 3320 1255 3375 ostendite
1282 3320 1412 3391 quid
1438 3321 1597 3375 vobis
1625 3322 1881 3376 videatur
1912 3323 2071 3377 esse?

492 3413 624 3478 Sed,
672 3427 705 3467 o
749 3412 1033 3482 80phista2,
1075 3412 1229 3483 juxta
1261 3421 1443 3467 vestra
1477 3413 1643 3479 dicta,
1685 3430 1867 3483 nequc
1902 3423 2067 3468 natu-

491 3502 626 3556 ralis
654 3509 740 3556 est
789 3516 970 3570 neque
1028 3502 1367 3571 personalis;
1425 3502 1521 3557 sed
1566 3504 1869 3559 secundum
1921 3505 2067 3574 piam

494 3593 850 3657 sententiam,
882 3601 1033 3649 recte
1068 3603 1252 3663 potest
1285 3594 1392 3649 dici
1432 3604 1488 3650 et
1518 3597 1782 3651 naturalis
1828 3597 2072 3652 simulet

493 3688 830 3756 personalis.
857 3686 1160 3756 [Equivoca
1220 3688 1366 3743 enim
1427 3704 1551 3743 cum
1591 3691 1703 3743 sint
1743 3691 1868 3757 ista,
1900 3690 2070 3745 alter-

492 3780 679 3833 native
709 3793 776 3832 ex
808 3780 1074 3834 alterutra
1104 3780 1242 3835 subd
1257 3781 1423 3835 ucitis
1455 3780 1604 3850 quod
1657 3781 1747 3851 pie
1801 3783 2067 3837 sentitur.

491 3870 773 3925 Naturalis
819 3880 1005 3925 autem
1038 3871 1244 3926 dicitur
1276 3887 1398 3940 quae
1448 3873 1503 3925 in
1545 3872 1731 3941 aliquo
1767 3873 2070 3928 secundum

491 3960 866 4029 proprietates
912 3971 1124 4015 natura;
1181 3972 1283 4025 est,
1334 3963 1479 4016 sicut
1530 3977 1683 4017 mors
1709 3942 2073 4033 Lazari,-quaa

491 4067 605 4137 non
630 4061 773 4117 erat,
806 4054 958 4107 velut
980 4055 1100 4124 ejus
1125 4054 1486 4118 resurrectio,
1533 4069 1697 4123 supra
1746 4057 1866 4125 ejus
1914 4065 2075 4109 natu-

491 4134 632 4198 ram.
690 4145 970 4200 Naturalis
996 4161 1216 4216 quoque
1249 4145 1453 4199 dicitur
1483 4134 1605 4216 qua:
1632 4154 1715 4200 est
1748 4134 2075 4216 simpliciter

493 4237 628 4291 unio
658 4247 983 4293 naturarum
1000 4249 1094 4293 aut
1123 4250 1335 4294 natura:
1359 4248 1416 4293 et
1441 4254 1550 4293 non
1582 4239 1976 4303 accidentium,
2014 4250 2076 4295 ut

485 4339 578 4383 est
604 4330 869 4400 oxymelis
909 4332 1160 4384 mistura.
1217 4331 1336 4384 Non
1363 4332 1510 4385 enim
1558 4330 1778 4399 utrique
1823 4332 2075 4385 naturale

488 4427 577 4473 est
610 4434 792 4487 neque
830 4420 1207 4474 necessarium
1250 4420 1305 4473 in
1339 4420 1570 4474 mistura
1609 4420 1889 4491 conjungi,
1933 4420 2076 4474 sicut

2165 1897 2223 1948 ὲν
2248 1900 2312 1967 τῇ
2335 1895 2427 1949 τοῦ
2452 1896 2670 1966 σιδήρου
2702 1896 3021 1953 ὑποστάσει,
3052 1891 3211 1961 φύσις
3232 1891 3401 1961 πυρὸς
3433 1888 3744 1943 ἀνυπόστα-

2163 2006 2254 2050 τος
2288 1989 2410 2043 καθ’
2448 1988 2616 2058 αὑτὴν
2661 1983 2820 2050 οὖσα,
2877 1984 3138 2057 συνετέθη
3172 1987 3237 2054 τῇ
3276 1982 3437 2052 φύσει
3469 1981 3562 2034 τοῦ
3596 1978 3745 2050 σιδή-

2169 2097 2282 2151 ρου,
2319 2080 2716 2142 συνυπόστατος
2739 2078 2875 2148 αὑτῇ
2931 2075 3220 2147 γενομένη.
3266 2075 3331 2126 Τί
3363 2067 3455 2126 οὗν
3485 2071 3743 2140 ἐποίησεν

2164 2172 2467 2243 ήσύνθεσις
2495 2170 2590 2224 καὶ
2624 2170 2718 2223 ἐπὶ
2752 2169 3023 2240 Χριστοῦ,
3056 2166 3211 2221 οὐδὲν
3249 2166 3443 2236 ἕτερον
3470 2162 3639 2231 ἀλλ’ἢ
3673 2162 3743 2215 τά

2165 2263 2357 2334 πρώην
2386 2262 2656 2316 ἀσύνθετα
2706 2261 2976 2331 ἀλλήλοις.
3010 2258 3242 2312 σύνθετα
3267 2250 3404 2309 εἶναι
3439 2254 3581 2308 κατὰ
3612 2253 3744 2323 μίαν

2165 2357 2261 2426 τὴν
2293 2357 2518 2426 θατέρου
2545 2354 2654 2408 τῶν
2683 2355 3061 2423 συγκειμένων
3095 2349 3393 2402 ὑπόστασιν
3417 2364 3434 2380 ο
3477 2348 3613 2417 ὅπερ
3644 2346 3746 2415 ἁρο

2165 2452 2252 2501 κεῖ
2281 2449 2418 2518 πρὸς
2448 2448 2510 2500 τὸ
2562 2447 2740 2516 πάσης
2775 2441 3171 2498 καταπλουτείν
3196 2439 3298 2510 τῆς
3341 2438 3492 2502 θείας
3526 2435 3745 2505 φύσεως

2164 2541 2263 2612 τὴν
2293 2540 2568 2612 ἡμετέραν
2611 2536 2796 2608 φύσιν.

2761 2658 3017 2714 ΚΕΦΑΛ.
3046 2655 3131 2711 N'.

2240 2773 2313 2827 Ἠ
2342 2772 2541 2843 φυσική
2576 2772 2723 2825 ἐστιν
2752 2771 2786 2840 ἡ
2816 2770 3006 2831 ἓνωσις
3030 2764 3169 2835 αὔτη
3193 2766 3261 2836 ἣν
3290 2763 3427 2834 φατὲ
3450 2762 3543 2816 τοῦ
3563 2760 3741 2829 Λόγου

2166 2865 2260 2918 καὶ
2282 2864 2384 2933 τῆς
2407 2862 2625 2933 σαρκὸς,
2658 2862 2753 2914 καὶ
2776 2861 2886 2913 τίνι
2917 2856 3241 2928 διαφέρεσθε
3299 2856 3435 2926 πρὸς
3486 2855 3613 2915 τοὺς
3648 2852 3740 2905 λέέ

2166 2972 2363 3024 γοντας
2394 2955 2583 3024 ὁμοίαν
2614 2952 2791 3021 πάντη
2826 2947 2967 3005 εἶναι
2997 2948 3091 3002 τοῦ
3119 2946 3407 3017 ἀνθρώπου
3424 2945 3521 3016 τὴν
3550 2943 3743 2996 σύνθε-

2168 3064 2274 3111 σιν,
2302 3048 2399 3099 καὶ
2420 3047 2518 3115 τὴν
2550 3043 2826 3115 Χριστοῦ;
2861 3040 3256 3112 ῆὺποστατική
3311 3040 3449 3102 ἐστι,
3485 3037 3580 3089 καὶ
3626 3034 3741 3098 πῶς

2168 3140 2300 3209 ημῖν
2330 3137 2390 3188 οὑ
2415 3133 2832 3206 συμφθέγγεσθε
2866 3132 2942 3196 ὼς
2959 3130 3243 3200 ἀγαπητοῦ
3276 3130 3412 3200 πρὸς
3443 3128 3743 3196 άγαπιῖιντα

2169 3228 2467 3298 ἐξαιρέτως
2489 3226 2690 3295 ταύτην
2715 3224 3069 3288 δοξάζουσιν;
3110 3222 3143 3293 ἢ
3177 3221 3299 3273 οὑδὲ
3346 3224 3549 3289 φυσική
3593 3221 3744 3272 ἐστιν

2170 3318 2292 3372 οὑδὲ
2328 3315 2689 3385 ὑποστατικὴ,
2724 3316 2818 3368 καὶ
2843 3313 2924 3376 τίς
2946 3312 3086 3381 αὓτη
3121 3308 3262 3365 εἷναι
3291 3311 3440 3364 δοκεῖ
3464 3310 3594 3379 ὑμῖν
3623 3309 3742 3362 δια-

2172 3410 2467 3477 σαφήσατε.
2486 3405 2646 3472 Ἀλλ’,
2666 3400 2713 3460 ὧ
2737 3403 3058 3473 σοφιστικοὶ,
3082 3403 3224 3456 κατά
3248 3404 3317 3454 τά
3339 3401 3397 3465 ἐξ
3417 3401 3569 3471 ὑμῶν
3592 3402 3746 3471 εἰρη-

2173 3501 2330 3571 μένα,
2355 3499 2476 3552 οὑδὲ
2503 3497 2707 3568 φύσικῆ
2748 3497 2871 3550 οὑδὲ
2900 3495 3238 3565 ὑποστατική
3259 3510 3272 3522 ·
3310 3492 3449 3547 κατὰ
3484 3492 3541 3546 δὲ
3564 3492 3632 3545 τὰ
3657 3493 3745 3545 εὑ*

2174 3590 2351 3653 σεϐὡς
2379 3589 2674 3661 νοούμενα,
2697 3588 2792 3642 καὶ
2816 3588 3019 3659 φυσικὴ
3048 3588 3145 3640 καὶ
3166 3583 3505 3655 ὑποστατικὴ
3534 3583 3746 3651 λέγοιτο

2172 3684 2242 3739 ἂν
2280 3686 2412 3755 ἡμῖν
2465 3683 2663 3754 ὀρθῶς.
2701 3681 2812 3736 Δύο
2866 3682 2975 3753 γὰρ
3029 3679 3205 3733 οὑσῶν
3259 3679 3366 3732 τῶν
3416 3675 3746 3746 ὁμωνυμιιῖιν

2171 3777 2362 3840 τῶνδε,
2411 3775 2639 3841 ἐναλλὰξ
2671 3775 2899 3848 θάτερον
2949 3775 3014 3827 ὲκ
3041 3772 3277 3844 θατὲρας
3302 3768 3647 3837 ὑπεκλέψατε
3684 3766 3745 3820 τὺ

2172 3868 2560 3939 εὐσεϐέστερον
2586 3866 2696 3919 τῶν
2736 3865 3172 3936 σημαινομένων.
3218 3863 3449 3931 Λέγεται
3497 3861 3605 3932 γὰρ
3640 3876 3743 3929 φυ-

2175 3959 2322 4030 σικὴ,
2366 3961 2400 4029 ἡ
2459 3958 2535 4021 ὡς
2586 3958 2728 4013 κατὰ
2784 3958 2957 4025 Λόγον
3000 3956 3216 4025 φύσεως
3259 3949 3393 4007 οὖσα
3426 3951 3569 4022 τῷδέ
3614 3969 3746 4017 τινι,

2172 4048 2284 4107 οἷον
2321 4055 2353 4123 ἠ
2384 4053 2641 4123 κοίμησις
2671 4050 2765 4103 τοῦ
2789 4049 3043 4120 Λαζάρου
3070 4062 3086 4079 ⁶
3116 4050 3176 4102 οὑ
3203 4036 3313 4115 γάρ
3333 4044 3524 4115 ὥσπερ
3548 4045 3582 4113 ἡ
3616 4044 3750 4097 ἀνα-

2174 4144 2363 4207 ϐίωσις
2395 4143 2562 4196 αὑτοῦ
2591 4141 2733 4214 ὑπὲρ
2777 4142 2949 4208 Λόγον
2996 4141 3095 4210 τῆς
3140 4140 3351 4210 φύσεως
3395 4136 3597 4200 -αὑτού,
3655 4133 3749 4189 καὶ

2172 4238 2271 4306 ἥδε
2315 4232 2407 4308 ἦν.
2439 4238 2670 4305 Λέγεται
2716 4234 2953 4304 φυσικὴ,
3011 4235 3108 4286 καὶ
3150 4235 3182 4302 ἡ
3227 4233 3301 4294 ὡς
3336 4227 3553 4297 φύσεων
3586 4241 3748 4280 τινων

2174 4328 2360 4390 ἁπλῶς
2384 4329 2417 4396 ἢ
2444 4327 2661 4396 φύσεως
2681 4323 2814 4379 οὖσα
2848 4326 2943 4379 καὶ
2974 4323 3035 4377 οὑ
3068 4321 3495 4393 συμϐεϐηκότων
3514 4335 3528 4349 ο
3559 4316 3746 4386 ὥσπερ

2176 4425 2211 4495 ἡ
2261 4425 2457 4495 κρᾶσις
2507 4422 2602 4476 τοῦ
2650 4421 2987 4492 ὀξυμέλιτος.
3024 4420 3100 4472 Οὑ
3134 4420 3243 4487 γὰρ
3300 4418 3361 4469 τὸ
3410 4414 3550 4469 κατὰ
3576 4412 3749 4481 Λόγον

494 4526 607 4564 non
644 4519 765 4564 erat
796 4512 1049 4565 naturale
1073 4510 1283 4565 Lazaro
1305 4513 1472 4577 mori;
1494 4512 1635 4567 hanc
1663 4527 1884 4581 quoque
1914 4513 2069 4565 unio-

2178 4518 2406 4586 φυσικὸν
2435 4517 2640 4570 τούτων
2693 4516 2956 4586 ἑκάτερον
2985 4515 3079 4568 καὶ
3125 4512 3203 4582 τῷ
3232 4510 3292 4576 ἐξ
3341 4511 3588 4579 ἀνάγκης
3619 4510 3753 4563 ὑπο-

495 4617 621 4655 nem
664 4602 903 4655 dicimus
954 4604 1304 4669 naturalem;
1352 4605 1459 4658 mel
1509 4606 1714 4659 etenim
1745 4613 1802 4658 et
1848 4612 2065 4659 acetum

494 4695 571 4748 ita
621 4710 679 4748 se
738 4694 968 4759 habent,
1021 4697 1237 4751 etiamsi
1290 4713 1574 4768 nunquam
1629 4696 1968 4753 misceantur
2014 4699 2069 4753 in

492 4787 763 4856 oxymele;
782 4785 1021 4842 Lazarus
1044 4798 1251 4853 autem,
1279 4804 1460 4843 nonne
1484 4798 1569 4843 est
1589 4790 1789 4843 animal
1815 4790 2069 4856 mortale,

488 4877 712 4933 etiamsi
746 4893 1029 4947 nunquam
1077 4880 1151 4934 sit
1185 4881 1525 4935 moriturus?
1554 4881 1823 4938 Similiter
1885 4894 2069 4940 autem

492 4969 806 5039 personalis
833 4969 966 5024 unio
1001 4970 1207 5025 dicitur
1260 4988 1381 5041 quae
1411 4981 1497 5029 est
1538 4975 1775 5043 partium
1821 4991 1944 5045 qua:
2003 4976 2071 5030 ad

493 5069 789 5124 personam
823 5059 1163 5127 referuntur,
1212 5064 1297 5117 vel
1331 5078 1723 5134 personarum;
1768 5066 2072 5121 naturalem

492 5158 683 5203 autem
713 5150 767 5204 in
809 5149 1029 5207 Christo
1071 5153 1310 5209 dicimus
1374 5157 1659 5222 unionem,
1712 5157 1841 5227 quia
1894 5157 1951 5211 in
2005 5173 2074 5212 eo

500 5241 1018 5300 uniunturnaturaa.
1058 5245 1216 5312 Quod
1243 5247 1289 5301 si
1316 5250 1525 5304 ratione
1542 5258 1753 5304 natura?
1773 5264 1895 5304 eam
1920 5248 2074 5304 dice-

496 5347 686 5389 remus
734 5351 855 5390 esse
903 5335 1128 5404 factam,
1179 5355 1301 5408 quae
1356 5351 1481 5395 sunt
1533 5340 1778 5412 ejusdem
1842 5348 2075 5402 naturae,

418 5508 427 5511 _
497 5426 661 5482 Pater
688 5428 900 5485 scilicet
919 5440 976 5487 et
1000 5430 1245 5502 Spiritus
1263 5442 1510 5497 sanctus,
1540 5434 1691 5487 carni
1748 5434 2073 5499 unirentur;

496 5525 593 5581 sed
626 5538 683 5581 et
723 5543 917 5585 omnes
970 5529 1227 5585 homines
1264 5529 1309 5583 si
1365 5530 1579 5583 ratione
1605 5537 1825 5583 natura:
1857 5528 2076 5584 Christo

497 5618 755 5672 uniretur
781 5620 1115 5688 humanitas,
1150 5620 1376 5675 totidem
1408 5618 1613 5674 Christi
1636 5631 1841 5686 essent,
1866 5620 2076 5675 Pilatus

496 5724 721 5779 quoque
747 5721 803 5765 et
831 5710 1076 5767 Herodes
1108 5722 1165 5767 et
1196 5712 1351 5768 Anna
1383 5720 1439 5766 et
1473 5710 1732 5781 Caiphas,
1763 5722 1817 5767 et
1849 5712 2072 5782 quidem

500 5804 836 5871 necessario,
873 5804 1018 5859 sicut
1044 5820 1238 5861 omnes
1266 5804 1483 5860 ratione
1504 5812 1715 5859 natura:
1736 5804 2069 5871 moriuntur;

2177 4611 2390 4664 κεῖσθαι
2418 4611 2484 4680 τῇ
2503 4609 2639 4680 πρὸς
2668 4608 2871 4678 ἄλληλα
2906 4608 3100 4678 κράσει
3124 4620 3141 4637 ο
3173 4605 3363 4677 ὥσπερ
3386 4605 3477 4658 τὸν
3502 4604 3753 4674 Λάζαρον

2176 4706 2243 4774 τῇ
2269 4703 2525 4773 κοιμήσει
2553 4702 2648 4755 τοῦ
2670 4700 2927 4766 θανάτου,
2954 4699 3190 4769 φυσικήν
3217 4715 3399 4767 φαμεν
3436 4698 3528 4751 καὶ
3554 4697 3713 4766 τήνδε
3734 4712 3749 4727 ·

2178 4790 2240 4844 τὸ
2264 4790 2374 4861 γὰρ
2407 4789 2529 4861 μέλι
2558 4790 2656 4844 καὶ
2682 4790 2743 4842 τὸ
2785 4789 2929 4855 ὅξος,
2963 4788 3225 4850 ὡσαύτως
3270 4787 3383 4855 ἐχιι
3420 4786 3508 4839 ἀεὶ
3543 4786 3647 4840 κᾶν
3678 4785 3754 4857 μὴ

2183 4883 2483 4938 συντεθῶσι
2528 4900 2661 4936 ποτε
2691 4884 2766 4945 ὡς
2798 4881 3056 4953 ὀξύμελι·
3110 4878 3360 4949 Λάζαρος
3407 4880 3465 4933 δὲ
3512 4880 3613 4932 οὑκ
3638 4880 3756 4932 ἔστι

2179 4976 2318 5042 ζῶον
2342 4976 2554 5047 θνητὸν,
2585 4975 2744 5047 εἴπερ
2770 4976 2843 5045 μὴ
2866 4976 2962 5027 καὶ
3012 4972 3309 5042 κοιμᾶσθαι
3368 4970 3551 5041 μέλλοι
3582 4970 3713 5023 ποτέ
3736 4984 3756 5036 ;

2177 5070 2439 5133 ὡσαύτως
2462 5069 2520 5122 δὲ
2544 5072 2637 5121 καὶ
2662 5067 2999 5138 ὑποστατικὴ
3030 5068 3062 5135 ἠ
3100 5065 3199 5136 μέν
3218 5081 3301 5127 τις
3331 5064 3551 5131 λέγεται
3573 5062 3757 5133 μερῶν

2181 5159 2325 5215 κατὰ
2361 5158 2519 5227 λόγον
2552 5158 2928 5221 ὑποστάσεως,
2955 5158 2987 5225 ἡ
3024 5154 3082 5208 δὲ
3122 5155 3198 5219 ὡς
3232 5153 3584 5207 ὑποστάσεων
3605 5167 3618 5181 ·
3651 5170 3756 5221 φυ-

2183 5254 2343 5321 σικὴν
2370 5253 2469 5323 μὲν
2493 5250 2587 5306 οὖν
2620 5267 2800 5320 φαμεν
2832 5251 2993 5320 ἡμεῖς
3019 5250 3117 5318 τὴν
3145 5248 3341 5301 ἕνωσιν
3375 5251 3467 5299 ἐπὶ
3494 5246 3757 5318 Χριστοῦ,

2179 5342 2255 5405 ὡς
2273 5341 2489 5411 φύσεων
2503 5342 2811 5412 ἡνωμένων
2821 5330 3140 5394 κατ⁴αὑτόν.
3160 5338 3224 5391 Εἰ
3241 5338 3351 5409 γάρ
3376 5339 3520 5406 λόγῳ
3543 5337 3759 5407 φυσικῷ

2181 5435 2383 5505 ταύτην
2439 5434 2709 5503 εἴποιμεν,
2755 5432 2865 5503 ἄρα
2894 5448 2957 5500 γε
3000 5431 3098 5501 τῆς
3146 5430 3317 5500 αὐτῆς
3358 5429 3507 5501 αὑτῷ
3540 5429 3759 5497 φύσεως

2180 5528 2310 5581 ὄντα
2341 5527 2371 5580 ὅ
2399 5543 2458 5579 τε
2487 5526 2679 5598 Πατὴρ
2701 5528 2794 5578 καὶ
2815 5525 2876 5577 τὸ
2895 5525 3050 5592 ἅγιον
3078 5522 3324 5592 Πνεῦμα,
3345 5524 3434 5575 καὶ
3467 5520 3609 5575 αὑτά
3625 5538 3758 5575 ποτε

2185 5617 2348 5688 σαρκὶ
2392 5615 2722 5686 ἑνωθήσεται
2749 5629 2762 5643 ·
2802 5614 2939 5668 ἀλλὰ
2977 5613 3070 5666 καὶ
3123 5612 3324 5675 πάντες
3367 5613 3421 5666 οι
3452 5611 3754 5682 ἄνθρωποι,

2181 5712 2228 5763 εἰ
2261 5709 2474 5780 φύσεως
2498 5708 2658 5778 Λόγῳ
2688 5707 2892 5777 ἥνωται
2926 5704 3045 5775 Θεῷ
3066 5706 3100 5776 ἡ
3121 5704 3497 5777 ἁνθρωπότης,
3527 5704 3758 5775 Χριστοὶ

2180 5800 2415 5865 ἔσονται,
2455 5798 2683 5862 Πιλάτος
2728 5814 2807 5851 τεΔ
2838 5796 2937 5852 καὶ
2987 5795 3235 5870 Ἡρώδης
3292 5797 3387 5852 καὶ
3417 5797 3614 5860 ’Δννας
3662 5794 3758 5849 καὶ
