4116 6486
403 455 537 518 1513

1389 462 1783 525 ADVERSUS
1823 465 2368 531 NESTORIANOS.
2400 496 2466 506 -·
2489 473 2637 533 LIB.
2681 474 2730 531 Ι.

3526 469 3658 533 1514

396 567 653 636 Καϊάφας
673 566 734 634 ἐξ
751 567 998 638 ἀνάγκης
1018 584 1033 599 ·
1074 568 1267 641 ὥσπερ
1297 572 1391 624 καὶ
1421 573 1619 637 πάντες
1655 575 1879 645 ὁμοίως,
1917 577 1972 628 ὲκ

2090 578 2335 650 insuper,
2366 598 2397 636 e
2436 582 2683 652 potentia
2733 582 2802 635 ad
2849 591 3035 637 actum
3083 583 3388 653 procedens
3423 584 3663 639 Verbum

397 657 631 728 φυσικοῦ
686 658 853 727 λόγου
889 658 1247 730 θνήσκουσιν·
1286 660 1366 714 ἔτι
1412 662 1520 734 μὴν
1565 664 1631 716 ἐκ
1678 664 1774 717 τοῦ
1821 665 1983 719 δυνά-

398 767 491 821 μει
522 751 604 813 εἰς
627 749 688 802 τὸ
720 751 973 820 ἐνεργείᾳ
1003 752 1284 822 προκόψας
1312 755 1369 805 ὲν
1400 755 1515 818 τοῖς
1562 759 1813 825 φυσικοῖς
1849 759 1981 811 ἑαυ-

395 842 491 895 τοῦ
516 844 544 896 6
572 842 745 911 Λόγος
781 847 1032 913 φανεῖται
1074 846 1214 898 κατά
1260 845 1359 916 τὴν
1399 845 1699 915 σάρκωσιν,
1734 850 1827 901 καὶ
1854 852 1981 902 ἁτε-

396 934 507 999 λείς
562 934 643 988 ἔτι
682 937 713 988 6
759 935 950 1008 Πατὴρ
979 937 1076 990 κει.)⁸
1124 937 1187 991 τὸ
1236 938 1391 1008 ἆγιον
1423 939 1649 1009 Πνεῦμα
1688 941 1985 1013 συγκριθῆ-

397 1041 612 1080 σονται·
633 1022 708 1082 ὧν
738 1027 791 1080 τί
813 1029 1209 1100 άσε6ἐστερον;
1248 1033 1342 1085 καὶ
1374 1032 1746 1105 ὑποστατικὴν
1766 1033 1845 1095 δὲ,
1874 1051 1983 1104 φα-

397 1118 517 1189 μὲν,
546 1117 645 1190 τὴν
691 1119 885 1175 ἕνωσιν
915 1122 1010 1175 ἐπὶ
1037 1122 1275 1193 Χριστοῦ
1299 1139 1314 1154 ο
1364 1124 1631 1178 ἀνάπαλιν
1685 1126 1867 1196 μέντοι
1901 1125 1981 1198 τῷ

398 1212 787 1283 σημαινομένῳ
835 1214 970 1283 ἡμῖν
1022 1214 1165 1268 κατὰ
1197 1215 1299 1285 τὴν
1342 1217 1579 1288 φυσικήν
1602 1236 1616 1249 ·
1649 1219 1709 1270 οὐ
1744 1218 1854 1290 γὰρ
1903 1219 1981 1282 ὡς

398 1301 775 1368 ὑποστάσεων,
808 1304 928 1357 ἀλλ’
955 1305 1032 1370 ὡς
1064 1306 1160 1361 τοῦ
1192 1308 1367 1377 Λόγου
1397 1306 1563 1363 οὖσαν
1595 1310 1693 1380 τῆς
1741 1310 1979 1365 ὑποστά-

401 1411 541 1457 σεως
564 1394 751 1453 αὑτοῦ.
775 1397 992 1467 Ὥσπερ
1051 1399 1160 1469 γὰρ
1206 1399 1314 1471 ἰδίᾳ
1365 1400 1539 1470 κρίνει
1571 1402 1662 1455 τὸν
1714 1402 1842 1455 Υίὸν
1872 1402 1981 1456 ἀπὸ

398 1484 494 1539 τοῦ
521 1487 735 1559 Πατρδς
763 1489 857 1541 καὶ
888 1490 984 1543 τοῦ
1023 1490 1339 1560 Πνεύματος
1356 1492 1466 1546 τῶν
1495 1494 1803 1564 ὁμοουσίων
1830 1493 1980 1565 αύτῷ

398 1578 432 1649 ἠ
487 1579 760 1651 γέννησις,
790 1581 883 1634 καὶ
912 1582 971 1634 τὸ
1020 1582 1316 1652 -αύτολόγον
1349 1580 1510 1652 εἶναι,
1547 1587 1642 1640 καὶ
1669 1587 1736 1640 τὰ
1765 1588 1968 1641 τοιάδε⁶

394 1668 541 1724 οὕτω
572 1672 665 1724 καὶ
702 1673 735 1742 ἡ
785 1672 1062 1745 σάρκωσις
1096 1675 1261 1728 αὑτοῦ
1304 1677 1619 1746 ἀναγκαίως
1665 1678 1829 1732 αὑτὸν
1858 1676 1981 1731 τού-

391 1781 501 1816 των
548 1763 871 1830 διαστέλλει,
920 1764 1016 1818 καὶ
1044 1766 1144 1836 οὐχ
1192 1767 1379 1839 ἕτερον
1432 1768 1542 1822 ἀπὸ
1581 1767 1690 1822 τῶν
1719 1768 1978 1839 ἀσάρκων

389 1856 650 1925 ὁμοφυῶν
700 1856 849 1926 αὑτῴ
892 1858 1234 1929 προσώπων⁸
1270 1861 1365 1914 καὶ
1424 1860 1621 1932 ἰδίωμα
1680 1862 1977 1931 ἐπίκτητον

393 1947 514 2018 μὲν,
543 1949 848 2019 ἀχώριστον
874 1950 931 2004 δὲ
979 1951 1185 2004 εἱσαεί·
1215 1954 1308 2005 καὶ
1334 1953 1453 2007 τόδε
1484 1955 1544 2008 ἐν
1580 1957 1646 2025 τῇ
1679 1956 1975 2011 ὑποστάσει
2009 1936 2049 1991 Β

389 2037 482 2091 τοῦ
513 2038 689 2106 Λόγου
718 2039 1134 2108 καταφαίνεται.
1170 2039 1310 2093 Ἀλλ’
1339 2041 1532 2113 ἑτέραν
1570 2043 1669 2113 τῆς
1717 2042 1975 2106 ἀσεϐείας

389 2131 645 2202 ἀφορμὴν
672 2130 1154 2203 προσποιούμενοι,
1183 2132 1272 2187 διὰ
1299 2133 1360 2187 τὸ
1409 2134 1485 2206 μὴ
1507 2133 1769 2187 δύνασθαι
1807 2134 1972 2187 ἰσότι-

393 2241 492 2294 μον
515 2221 655 2278 είναι
694 2224 773 2296 τῷ
807 2224 911 2296 ὅλῳ
945 2225 1173 2297 θάτερον
1217 2226 1326 2280 τῶν
1358 2228 1565 2298 μερῶν,
1602 2228 1737 2297 φασὶ
1764 2243 1971 2297 παραι-

391 2321 601 2375 τεῖσθαι
643 2321 742 2394 τὴν
790 2323 881 2375 ἐπὶ
920 2322 1160 2394 Χριστοῦ
1202 2324 1453 2378 σύνθεσιν
1476 2324 1572 2377 τοῦ
1616 2325 1791 2393 Λόγου
1830 2324 1969 2395 πρὸς

390 2413 489 2485 τὴν
516 2415 692 2487 σάρκα
717 2430 734 2448 ο
764 2416 984 2482 λέγουσι
1005 2417 1113 2489 γὰρ
1146 2418 1240 2471 ἐπὶ
1260 2416 1462 2483 λέξεως
1493 2417 1673 2472 ταυτί·

970 2545 1223 2601 ΚΕΦΑΛ.
1253 2546 1383 2601 NA'.

473 2680 711 2753 Ἀνάγκη
747 2680 946 2745 αὐτοὺς
984 2679 1169 2749 λέγειν
1224 2680 1317 2736 τὸν
1356 2681 1594 2751 Χριστὸν
1648 2681 1835 2747 αὑτὸν,
1880 2678 1975 2733 τοῦ

387 2771 525 2826 θεοῦ
560 2773 701 2827 κατά
735 2773 928 2844 μόνας,
977 2774 1072 2826 καὶ¹
1113 2772 1207 2827 τοῦ
1257 2772 1545 2845 ἀνθρώπου
1592 2772 1737 2826 κατά
1785 2773 1975 2843 μόνας,

388 2866 635 2919 τουτέστι
667 2865 777 2919 τῶν
833 2865 1051 2919 οἰκείων
1108 2866 1294 2937 μερῶν
1345 2854 1449 2919 ἀνά
1498 2865 1665 2935 μέρος
1710 2865 1804 2919 καὶ
1850 2864 1977 2919 καθ’

388 2960 558 3013 ἑαυτά
594 2959 1017 3029 ὲπινοουμένων,
1051 2957 1084 3028 ἢ
1140 2958 1424 3029 κρείττονα
1464 2953 1605 3010 εἶναι
1647 2957 1789 3011 κατά
1816 2974 1890 3023 τι,
1934 2957 1967 3028 ἢ

386 3052 611 3123 ἥττονα.
671 3053 753 3106 Τά
805 3052 913 3123 γὰρ
968 3052 1079 3105 τῶν
1134 3052 1592 3122 ἀποτελεσμάτων
1648 3052 1788 3121 μέρη
1847 3051 1973 3103 καθ’

389 3142 583 3207 ἑαυτὰ,
625 3142 717 3195 καὶ
760 3143 928 3212 χωρὶς
972 3141 1074 3212 τῆς
1105 3141 1244 3212 πρὸς
1284 3140 1487 3211 ἄλληλα
1519 3139 1822 3201 συνθέσεως
1854 3141 1973 3192 ἐπι·

387 3235 678 3306 νοούμενα,
706 3234 924 3297 πάντως
971 3233 1114 3287 κατά
1157 3250 1209 3285 τι
1260 3233 1293 3305 ἢ
1348 3232 1635 3302 κρείττονα
1689 3232 1723 3302 ἢ
1773 3232 1970 3301 ἥττονα

386 3322 703 3390 εὑρίσκεται
732 3320 825 3374 τοῦ
860 3319 919 3385 ἐξ
948 3320 1127 3374 αὐτῶν
1156 3319 1600 3391 ἀποτελέσματος
1623 3336 1637 3351 ·
1679 3316 1791 3373 οἷον
1831 3319 1969 3372 λίθοι

2086 671 2142 725 in
2194 672 2309 727 suis
2356 675 2700 729 naturalibus
2742 674 3025 729 videbitur
3058 692 3158 745 per
3206 676 3662 742 incarnationem,

2082 765 2140 809 et
2160 755 2468 826 imperfecti
2483 759 2885 829 judicabuntur
2902 760 3065 814 Pater
3086 768 3143 815 et
3164 760 3402 830 Spiritus
3418 770 3662 816 sanctus.

2083 845 2228 911 Quid
2261 858 2448 903 autem
2492 850 2586 906 bis
2634 852 2808 922 magis
2838 852 3112 922 impium?
3142 852 3495 911 Personalem
3528 870 3666 923 quo-

2083 954 2192 1007 que
2242 937 2480 994 dicimus
2526 940 2582 995 in
2620 940 2842 995 Christo
2888 943 3172 1005 unionem,
3231 943 3328 999 sed
3384 944 3663 999 contrario

2082 1040 2248 1081 sensu
2283 1042 2393 1096 quo
2417 1027 2659 1095 diximus
2679 1029 2989 1083 naturalem
3015 1046 3028 1082 :
3066 1029 3186 1085 Non
3218 1030 3367 1084 enim
3392 1046 3659 1099 persona-

2085 1132 2208 1170 rum
2231 1124 2317 1170 est
2368 1117 2521 1184 unio,
2556 1116 2653 1172 sed
2686 1118 2992 1172 secundum
3016 1118 3255 1174 Verbum
3270 1120 3391 1190 ejus
3406 1120 3665 1174 substan~

2084 1208 2236 1264 tiam.
2271 1209 2430 1265 Sicut
2460 1209 2609 1264 enim
2667 1209 2867 1263 Filium
2901 1226 2929 1264 a
2979 1209 3139 1263 Patre
3176 1220 3232 1265 et
3278 1211 3489 1281 Spiritu
3536 1227 3664 1266 sau-

2090 1310 2180 1356 cto
2228 1300 2332 1357 sibi
2365 1300 2938 1355 consubstantialibus
2959 1302 3183 1371 proprie
3207 1301 3495 1368 discernit,
3515 1303 3664 1372 quod

2084 1395 2156 1450 sit
2196 1395 2418 1466 genitus
2443 1404 2500 1449 et
2524 1411 2591 1448 ex
2615 1411 2673 1449 se
2699 1394 2941 1450 Verbum
2960 1404 3015 1449 et
3038 1394 3241 1449 similia
3269 1394 3399 1460 alia,
3423 1395 3503 1450 sic
3534 1412 3662 1451 eum

2080 1487 2393 1544 necessario
2417 1488 2537 1557 ejus
2559 1487 2889 1551 incarnatio,
2917 1502 3028 1540 non
3068 1496 3252 1541 autem
3278 1487 3449 1552 aliud,
3473 1488 3665 1543 abillis

2081 1579 2646 1635 consubstantialibus
2680 1588 2735 1634 et
2760 1579 3108 1649 incorporeis
3150 1579 3405 1650 personis
3458 1579 3665 1635 discer-

2082 1674 2186 1738 nit,
2235 1681 2290 1728 et
2312 1672 2430 1727 haec
2472 1672 2817 1741 acquisititia
2846 1672 3073 1742 quidem
3103 1682 3187 1727 est
3208 1672 3539 1741 proprietas,
3566 1672 3661 1727 sed

2080 1780 2300 1836 semper
2347 1764 2732 1834 inseparabilis
2763 1772 2820 1818 et
2872 1763 2929 1817 in
2964 1763 3131 1819 Verbi
3184 1763 3412 1833 quidem
3491 1763 3665 1834 hypo—

2079 1856 2214 1911 stasi
2261 1854 2666 1910 manifestatur.
2721 1854 2829 1909 Sed
2896 1854 3060 1909 aliam
3098 1868 3318 1924 quoque
3364 1854 3666 1924 impietatis

2081 1950 2429 2005 occasionem
2480 1949 2612 2003 inde
2655 1957 2934 2003 sumentes
2968 1947 3116 2018 quod
3143 1962 3256 2000 non
3309 1947 3486 2017 possit
3534 1963 3663 2017 pars

2081 2048 2254 2103 altera
2298 2046 2397 2101 toti
2432 2061 2553 2101 esse
2584 2046 2836 2115 aequalis,
2884 2044 3242 2113 reiiciendam
3273 2060 3396 2101 esse
3433 2054 3662 2100 conten-

2080 2140 2219 2196 dunt
2254 2140 2311 2194 in
2350 2139 2572 2195 Christo
2601 2138 2769 2193 Verbi
2798 2146 2856 2194 et
2896 2138 3083 2194 carnis
3109 2138 3409 2205 unionem;
3450 2145 3509 2194 ct
3542 2138 3660 2194 hac

2078 2248 2179 2302 pro
2218 2247 2319 2287 suo
2354 2231 2505 2286 dicto
2525 2230 2766 2286 afferunt
2796 2247 2809 2284 :

2708 2579 2714 2584 -
2730 2542 2884 2597 CAP.
2924 2542 3009 2596 LI.

2150 2680 2459 2738 Dicendum
2485 2679 2568 2735 eis
2595 2687 2682 2734 est
2704 2677 2987 2735 Christum
3014 2678 3220 2749 ipsum,
3253 2678 3340 2734 vel
3374 2680 3488 2735 Deo
3518 2680 3659 2745 solo,

2076 2776 2163 2832 vel
2198 2774 2420 2829 homine
2455 2772 2594 2837 solo,
2627 2770 2683 2825 id
2709 2778 2796 2827 est
2832 2771 2949 2826 suis
2992 2770 3245 2840 partibus
3281 2772 3577 2842 separatim
3607 2784 3663 2826 et

2078 2869 2135 2923 in
2168 2884 2227 2923 se
2258 2866 2649 2927 consideratis,
2674 2864 2762 2920 vel
2784 2864 3071 2919 meliorem
3096 2880 3219 2919 esse
3258 2865 3344 2919 vel
3388 2866 3656 2937 pejorem.

2082 2960 2276 3016 Omnis
2311 2946 2459 3013 enim
2499 2956 2791 3027 compositi
2817 2964 3003 3026 partes
3034 2957 3088 3009 in
3119 2972 3177 3012 se
3199 2964 3257 3011 et
3286 2957 3660 3029 independen~

2078 3058 2162 3103 ter
2210 3047 2278 3101 ad
2326 3061 2481 3100 suam
2532 3044 2819 3107 unionem,
2868 3043 2956 3098 vel
2999 3044 3259 3098 meliores
3306 3044 3391 3099 vel
3443 3047 3658 3117 pejores

2078 3138 2395 3194 necessario
2433 3146 2563 3191 sunt
2594 3144 2711 3190 toto
2739 3151 2807 3190 ex
2837 3135 2972 3205 ipsis
3003 3136 3389 3203 coalescente;
3414 3140 3655 3210 exempli

2076 3231 2271 3302 gratia,
2305 3230 2515 3299 lapides
2555 3237 2613 3283 et
2648 3228 2820 3299 ligna,
2858 3244 2981 3298 quae
3033 3236 3222 3298 partes
3282 3239 3411 3284 sunt
3459 3231 3657 3286 domus

2074 3323 2161 3378 vel
2224 3320 2415 3391 templi
2470 3319 2801 3384 Salomonis,
2857 3318 3087 3373 evidens
3138 3329 3226 3374 est
3248 3320 3462 3376 minora
3510 3338 3653 3387 esse.

387 3411 485 3466 καὶ
519 3412 669 3477 ξύλα,
718 3412 861 3483 μέρη
892 3413 1040 3464 οἴκου
1088 3412 1119 3483 ἢ
1154 3411 1284 3465 ναοῦ
1334 3412 1430 3465 τοῦ
1473 3410 1580 3464 ὑπὸ
1624 3411 1968 3481 Σολομῶντος

2075 3414 2289 3484 singula
2310 3384 2434 3467 etin
2458 3426 2539 3477 se,
2556 3419 2670 3465 tota
2686 3411 2870 3465 domo.
2900 3410 2993 3464 Sic
3015 3411 3367 3481 hyacinthus,
3388 3384 3652 3484 purpura,

387 3504 700 3567 κτισθέντος
723 3518 737 3533 ⁸
784 3505 880 3556 καὶ
908 3503 1177 3574 πρόδηλον
1217 3506 1301 3557 ὅτι
1329 3503 1594 3574 ἑκάτερον
1623 3502 1744 3556 καθ’
1784 3501 1966 3569 ἑαυτὸ,

383 3592 550 3668 ⁴ἧττον
601 3598 696 3651 τοῦ
737 3597 860 3651 ὅλου
905 3599 1093 3651 οἴκου·
1141 3597 1307 3649 πάλιν
1358 3594 1635 3659 ὑάκινθος,
1687 3595 1966 3667 πορφύρα,

388 3688 641 3743 κόκκινον
670 3689 1073 3759 κεκλωσμένον,
1114 3688 1314 3760 βύσσος
1346 3687 1651 3759 νενησμὲνη
1692 3688 1834 3759 μέρη
1873 3689 1967 3742 τοῦ

389 3781 884 3853 καταπετάσματος
912 3782 1011 3852 τῆς
1068 3783 1305 3853 σκηνῆςο
1354 3780 1450 3834 καὶ
1495 3780 1705 3835 τούτων
1738 3781 1969 3836 ἕκαστον

392 3872 535 3926 κατά
561 3873 730 3944 μόνας
757 3872 977 3925 ἔλαττον
1011 3873 1295 3945 προδήλως
1327 3871 1423 3925 τοῦ
1455 3872 1970 3943 καταπετάσματος·

387 3962 563 4026 οὕτως
595 3963 691 4016 καὶ
735 3963 832 4017 ἐπὶ
868 3963 961 4017 τοῦ
998 3963 1310 4033 ἀνθρώπου.
1364 3964 1525 4017 Κατὰ
1555 3963 1653 4033 μὲν
1682 3962 1806 4027 τοὺς
1832 3964 1971 4035 Χρι-

387 4055 640 4116 στιανοὺς
694 4054 959 4124 κρείττων
985 4057 1013 4107 6
1055 4054 1339 4125 ἅνθρωπος
1388 4055 1521 4109 αὐτὸ
1562 4054 1723 4109 τοῦτο
1750 4055 1810 4109 τὸ
1850 4055 1970 4109 ὅλον

386 4145 546 4209 ζῶον,
580 4147 677 4199 καὶ
706 4147 806 4218 τῆς
837 4147 1018 4216 ψυχῆς
1064 4148 1159 4200 καὶ
1203 4147 1297 4201 τοῦ
1341 4148 1591 4219 σώματος
1616 4162 1629 4175 ’
1671 4148 1796 4200 ἐπεὶ
1830 4147 1971 4219 μετά

383 4238 484 4309 τὴν
512 4238 690 4304 ἔξοδον
720 4241 821 4310 τῆς
847 4240 1026 4311 ψυχῆς
1059 4243 1122 4294 ἐκ
1171 4240 1267 4293 τοῦ
1318 4240 1590 4311 σώματος,
1628 4241 1725 4294 καὶ
1760 4241 1794 4311 ἠ
1825 4240 1972 4313 ψυχὴ

384 4330 521 4402 πρὸς
562 4332 846 4403 ἐνέργειαν
908 4333 1265 4404 αὐτοκίνητον
1323 4334 1601 4397 ἀδυνάτως
1645 4332 1756 4404 ἔχει
1796 4334 1871 4396 ὡς
1910 4335 1969 4387 ὲν

385 4421 539 4495 ὕπνῳ
573 4424 881 4496 βαθυτάτῳ.
918 4426 1014 4479 καὶ
1053 4426 1186 4498 μηδὲ
1218 4426 1421 4497 ἑαυτὴν
1480 4426 1819 4497 ἐπισταμένη
1850 4426 1969 4480 διὰ-

2075 3506 2387 3571 coccinum,
2415 3504 2611 3575 byssus
2634 3502 2798 3557 simul
2829 3502 3041 3556 intexta
3094 3510 3282 3572 partes
3308 3512 3437 3558 sunt
3487 3506 3650 3560 aultei

2077 3598 2439 3662 tabernaculi,
2494 3611 2689 3652 eorum
2745 3604 2931 3651 autem
2984 3596 3419 3667 unumquodque
3474 3599 3654 3653 mani-

2073 3692 2211 3748 feste
2250 3691 2432 3745 minus
2486 3699 2572 3745 est
2629 3689 2823 3743 aulam.
2885 3688 2978 3743 Sic
3022 3689 3189 3744 etiam
3246 3688 3314 3745 de
3372 3690 3651 3746 homine:

2075 3780 2377 3836 secundum
2439 3776 2587 3833 enim
2644 3775 3011 3842 Christianos,
3075 3776 3272 3831 melior
3321 3787 3406 3833 est
3464 3779 3651 3845 homo,

2076 3872 2277 3927 animal
2308 3869 2442 3925 illud
2472 3876 2668 3932 totum,
2696 3876 2753 3922 et
2778 3867 2960 3921 anima
2987 3877 3043 3922 et
3074 3884 3307 3939 corpore
3336 3886 3353 3936 ;
3377 3870 3655 3940 siquidem

2076 3972 2199 4034 post
2220 3962 2416 4016 animae
2440 3960 2743 4015 discessum
2769 3975 2838 4015 ex
2860 3975 3115 4030 corpore,
3136 3962 3318 4017 anima
3348 3978 3461 4016 non
3488 3962 3657 4018 habet

2077 4064 2285 4109 motum
2310 4053 2413 4107 sibi
2449 4051 2757 4123 proprium,
2797 4059 2859 4106 ut
2895 4051 3036 4106 litin
3066 4054 3247 4107 altiori
3286 4069 3504 4119 somno,
3550 4071 3657 4111 nec

2071 4162 2131 4201 se
2162 4136 2337 4215 ipsam
2365 4142 2669 4214 cognoscit,
2718 4154 2776 4196 et
2825 4158 3017 4198 eorum
3073 4161 3196 4214 qua:
3245 4160 3371 4201 cum
3421 4162 3656 4219 corpore

2072 4239 2204 4309 egit,
2228 4234 2535 4292 secundum
2559 4234 2777 4289 divinas
2797 4233 3115 4306 Scripturas
3136 4236 3411 4293 rationem
3435 4239 3653 4301 reddet.

2070 4331 2206 4401 quin
2232 4327 2459 4399 eﬂ‘ugiat
2490 4342 2591 4382 suo
2624 4343 2655 4382 a
2692 4342 2927 4398 corpore
2975 4328 3223 4384 discessu
3270 4338 3369 4385 aut
3399 4331 3457 4386 in
3498 4334 3656 4405 pejus

2072 4431 2303 4483 mutata,
2335 4438 2404 4477 ne
2445 4420 2747 4490 Scriptum
2779 4420 3074 4477 mendaces
3112 4421 3443 4480 elliciantur.

382 4531 554 4583 γουσα
578 4534 592 4547 ο
620 4519 712 4571 καὶ
755 4517 864 4571 τῶν
897 4517 1037 4588 μετά
1091 4517 1187 4571 τοῦ
1246 4517 1501 4590 σώματος
1536 4518 1791 4591 πράξεων
1821 4518 1962 4573 κατά
1993 4520 2092 4589 τὴν
2127 4515 2279 4569 θείαν
2322 4515 2545 4585 Γραφὴν
2577 4513 2909 4584 ἐκδεχομένη
2955 4515 3054 4584 τὴν
3090 4515 3326 4586 ἀμοιϐήν
3352 4535 3366 4549 ·
3430 4518 3657 4584 ἅστινας

380 4610 482 4663 οὐκ
500 4607 824 4677 ἐκφεύξεται
844 4609 922 4678 τῷ
951 4608 1220 4680 χωρισμῷ
1245 4608 1338 4662 τοῦ
1362 4609 1617 4680 σώματος
1641 4651 1656 4676 ,
1694 4609 1814 4663 οὐδὲ
1844 4610 1938 4663 ἐπὶ
1974 4608 2035 4661 τὸ
2066 4609 2249 4679 χεῖρον
2284 4606 2621 4676 τρεπομένη,
2660 4603 2746 4656 ἴνα
2772 4604 2846 4674 μὴ
2868 4603 2937 4656 τά
2969 4603 3067 4674 τῆς
3084 4604 3125 4657 Γ
3127 4609 3304 4678 ραφῆς
3330 4608 3651 4683 διαψευσθῇ.

452 4702 674 4764 Τούτοις
703 4701 759 4754 δὲ
789 4701 1001 4767 ἕπεται,
1030 4700 1107 4773 τῷ
1145 4700 1282 4771 μηδὲ
1311 4700 1406 4753 ἐπὶ
1431 4701 1492 4754 τὸ
1522 4701 1961 4773 κρεῖττον,λέγω,

2140 4697 2220 4752 Ex
2252 4711 2319 4751 eo
2353 4695 2501 4766 quod
2528 4711 2631 4749 nec
2662 4694 2716 4747 in
2744 4694 2941 4749 melius
2964 4711 3070 4751 nec
3097 4696 3155 4750 in
3182 4698 3340 4769 pejus
3385 4709 3652 4767 mutatur,

380 4794 520 4867 μηδὲ
570 4795 664 4848 ἐπὶ
712 4792 772 4845 τὸ
816 4795 999 4864 χεῖρον
1065 4790 1400 4864 τρέπεσθαι,
1445 4792 1479 4864 ἢ
1527 4792 1587 4844 τὸ
1646 4791 1963 4847 παντέλειον

380 4886 559 4940 ἐκεῖνο
588 4883 683 4937 καὶ
727 4883 789 4935 τὸ
840 4882 1266 4952 παμμακάριον.
1315 4882 1376 4935 τὺ
1427 4880 1879 4953 προσδοκώμενον
1905 4883 1963 4935 ὲν

378 4981 446 5049 τῇ
467 4974 764 5031 ἀναστάσει
794 4975 992 5027 ἐνεῖναι
1020 4977 1086 5044 τῇ
1114 4973 1273 5043 φύσει
1306 4974 1428 5045 ἤδη,
1456 4974 1489 5044 ἢ
1520 4973 1581 5027 τὸ
1615 4974 1792 5045 πάντη
1834 4976 1965 5045 ἡσυ-

377 5070 567 5141 χάζειν
600 5068 659 5121 τὸ
684 5066 922 5135 λογικὸν,
950 5068 1072 5119 ἐπεὶ
1105 5067 1270 5137 μηδὲν
1311 5068 1754 5139 αὑτοπροαιρέτῳ
1798 5067 1960 5139 βουλῇ

377 5163 698 5232 κινούμενον
729 5160 956 5232 μηδενὸς
996 5159 1118 5229 ἕχον
1156 5160 1293 5222 ὅλως
1337 5160 1590 5230 αἴσθησίν
1617 5161 1794 5213 ἐστιν*
1826 5160 1964 5215 ἀλλά

374 5255 438 5310 τὸ
469 5254 739 5326 πρότερον
764 5252 872 5306 οὐδ’
916 5251 1364 5326 εἰσκεκόμισται·
1408 5250 1501 5305 τοῦ
1531 5250 1667 5305 Θεοῦ
1714 5252 1961 5323 κρεῖττόν

374 5367 429 5402 τι
461 5322 911 5416 προϐλεψαμένου
948 5344 1076 5414 περὶ
1118 5322 1301 5413 ἡμῶν,
1339 5344 1425 5396 ἵνα
1475 5344 1551 5415 μὴ
1604 5322 1772 5415 χωρὶς
1801 5344 1962 5414 ἡμῶν

374 5442 425 5493 οί
457 5440 710 5511 πρότεροι
738 5434 1067 5491 τελειωθῶσι
1088 5451 1102 5465 ⁸
1134 5435 1194 5488 τὸ
1222 5435 1475 5505 δεύτερον
1506 5436 1614 5506 ἄρα
1645 5435 1762 5489 ἐστί
1790 5453 1804 5467 ο
1838 5435 1960 5489 καθ’

375 5535 524 5606 ἡμᾶς
550 5529 643 5586 οῦν
675 5532 803 5593 τοὺς
828 5530 1194 5601 Χριστιανοὺς
1236 5533 1295 5580 οὐ
1332 5528 1597 5599 κρείττων
1623 5532 1651 5582 6
1676 5528 1964 5601 ἄνθρωπος

374 5625 486 5679 τῶν
520 5624 736 5677 οἰκείων
770 5621 954 5692 μερῶν
984 5620 1107 5674 καθ’
1137 5621 1307 5674 ἑαυτὰ
1332 5621 1725 5693 θεωρουμένων
1754 5623 1967 5677 δείκνυ-

374 5736 466 5774 ται
486 5735 501 5750 '
527 5717 666 5771 κατά
682 5717 737 5769 δὲ
768 5716 892 5778 τοὺς
921 5716 1191 5784 ’Έλληνας
1226 5716 1322 5769 καὶ
1347 5716 1472 5780 τοὺς
1502 5718 1841 5788 Μανιχαίους
1869 5717 1964 5771 τοῦ

378 5812 478 5880 μὲν
531 5809 779 5879 σώματος
820 5806 1084 5877 κρείττων
1125 5808 1151 5859 ὁ
1184 5807 1505 5879 ἅνθρωπος·
1541 5809 1642 5879 τῆς
1670 5809 1726 5863 δὲ
1761 5809 1961 5881 ψυχῆς,

377 5905 554 5975 ἥττων
615 5901 789 5969 τούτῳ
849 5897 923 5969 τῷ
982 5899 1149 5969 λόγῳ.
1188 5899 1300 5969 Τὴν
1348 5901 1448 5967 μὲν
1498 5902 1607 5973 γάρ
1653 5900 1830 5973 ψυχὴν
1868 5903 1960 5955 καὶ

700 5993 971 6056 Ριτιιοιι.
1013 5991 1133 6053 Gn.
1178 5993 1513 6059 LXXXVI.

2073 4787 2202 4843 inde
2253 4787 2506 4857 sequitur
2562 4787 2646 4841 vel
2695 4787 2785 4842 ille
2819 4796 2998 4843 status
3046 4788 3229 4844 omnis
3272 4791 3651 4860 perfectionis,

2072 4881 2464 4951 immensaque
2511 4878 2878 4934 beatitudinis
2920 4895 3088 4950 quem
3137 4880 3192 4935 in
3242 4884 3653 4940 resurrectione

2071 4982 2475 5044 exspectamus,
2532 4973 2619 5027 vel
2668 4973 2899 5028 rationis
2968 4973 3220 5029 absoluta
3272 4974 3652 5038 inunobililas,

2070 5086 2195 5126 cum
2242 5069 2384 5123 nihil
2437 5077 2743 5138 spontanea
2832 5067 3112 5121 voluntate
3159 5068 3391 5124 minime
3442 5079 3653 5124 motum

2068 5166 2279 5221 nullius
2314 5164 2393 5219 rei
2426 5178 2647 5218 sensum
2676 5161 2911 5224 habeat,
2939 5161 3036 5215 sed
3079 5162 3233 5231 prius
3274 5164 3519 5218 nondum
3549 5165 3651 5218 ad-

2068 5257 2240 5322 venit,
2269 5256 2379 5310 Deo
2405 5255 2603 5308 melius
2630 5252 2795 5308 nobis
2831 5252 3158 5322 providente
3181 5268 3251 5307 ne
3272 5264 3654 5311 antecessores

2068 5348 2244 5403 nostri
2278 5347 2395 5401 sine
2428 5345 2588 5400 nobis
2618 5343 2846 5414 perfecti
2876 5344 3043 5408 l'iant;
3071 5344 3350 5414 posterius
3391 5361 3523 5417 ergo
3555 5362 3652 5404 vc.

2071 5456 2192 5495 rum
2225 5448 2309 5495 est
2332 5456 2348 5505 ;
2375 5438 2683 5493 secundum
2720 5452 2823 5491 nos
2848 5437 3057 5491 etenim
3080 5436 3447 5505 Christianos,
3482 5439 3651 5495 homo

2070 5549 2180 5587 non
2225 5540 2310 5587 est
2338 5531 2533 5585 melior
2578 5529 2812 5599 singulis
2860 5530 3112 5599 partibus
3138 5529 3344 5599 quibus
3394 5542 3647 5596 constat;

2068 5626 2371 5683 secundum
2430 5640 2565 5678 vero
2616 5624 2836 5679 Gnaeos
2879 5631 2936 5679 et
2982 5624 3332 5691 Manielunos,
3390 5641 3621 5695 corpore

2013 5724 2019 5728 ’
2068 5720 2263 5774 melior
2291 5726 2376 5773 est
2401 5719 2589 5782 homo,
2621 5717 2805 5771 anima
2833 5733 2966 5771 vero
2996 5718 3173 5788 pejor,
3192 5727 3419 5794 propter
3440 5719 3649 5773 hancce

2070 5812 2340 5867 rationem
2371 5828 2384 5864 :
2416 5810 2659 5865 animam
2686 5809 2899 5866 scilicet
2927 5810 3164 5865 credunt
3199 5810 3419 5880 corpori
3448 5828 3650 5881 praees-

2064 5904 2263 5961 sistere
2292 5903 2428 5974 quin
2463 5919 2603 5973 opus
2633 5902 2834 5959 habeat
2872 5903 3246 5973 corporalium
3271 5918 3555 5969 sensuum,
3592 5913 3652 5962 et

3095 5994 3170 6057 1&8
