4116 6448
547 473 682 539 1515

1813 467 2125 528 LEONTII
2166 466 2576 528 BYZANTINI

3685 469 3822 534 15Ῑῦ

545 603 844 662 antequam
886 592 940 645 in
977 605 1180 659 corpus
1235 586 1415 651 cadat,
1457 595 1514 639 ut
1548 584 1762 647 dicunt,
1815 583 1952 636 nihil
1983 581 2137 652 igno-

2241 582 2620 651 προϋπάρχειν
2648 580 2819 634 οἴδασι
2871 580 2964 633 τοῦ
3017 580 3288 652 σώματος,
3346 583 3569 654 ἀνενδεῆ
3609 601 3668 636 τε
3715 587 3827 638 τῶν

547 702 692 750 rare,
724 685 866 738 sicut
907 700 1007 736 nec
1039 691 1162 751 post
1192 682 1310 751 ejus
1359 678 1428 732 ab
1477 693 1544 732 eo
1577 677 1889 730 discessum
1936 693 1947 726 :
1984 672 2131 727 unde

545 791 610 828 ea
658 776 906 845 pejorcm
957 774 1303 827 arbitrantur
1341 770 1648 833 hominem,
1687 767 1958 837 siquidem
2003 780 2132 819 eum

543 867 743 922 dicunt
787 867 969 938 seipsa
1018 868 1263 938 pejorem
1302 865 1422 920 fieri
1451 879 1518 919 ex
1551 879 1648 917 sua
1694 863 1748 917 in
1780 877 2033 931 corpore,
2076 867 2136 913 ut

544 959 875 1028 loquuntur,
905 959 1254 1030 captivitate.
1309 957 1420 1013 Sed
1453 957 1812 1016 manifestum
1841 965 1925 1009 est
1949 953 2134 1007 homi-

545 1065 673 1107 nem
695 1067 930 1123 corpore
951 1067 1075 1107 esse
1100 1051 1392 1106 meliorem
1423 1050 1572 1120 quod
1600 1059 1879 1104 mortuum
1907 1056 2137 1118 apparet

545 1157 673 1220 post
711 1148 909 1202 animae
952 1146 1281 1210 discessum,
1312 1161 1439 1200 cum
1480 1159 1684 1214 corpus
1709 1143 1892 1212 seipso
1933 1141 2134 1196 melius

547 1249 814 1310 appareat
839 1249 1136 1308 antequam
1155 1238 1224 1292 ab
1248 1237 1434 1292 anima
1455 1246 1769 1307 separetur,
1801 1251 1868 1289 ex
1898 1250 1966 1288 eo
1986 1233 2134 1304 quod

545 1339 674 1402 post
717 1329 1126 1399 separationem
1178 1328 1247 1382 ab
1299 1327 1485 1381 anima
1545 1336 1650 1390 est,
1704 1326 1911 1395 liquet;
1951 1324 2025 1378 ita
2074 1333 2135 1377 ut

547 1419 920 1489 compositum
967 1419 1039 1474 sit
1086 1418 1202 1472 suis
1237 1418 1494 1487 partibus
1549 1417 1603 1471 in
1652 1432 1710 1471 se
1773 1417 2009 1485 sumptis
2047 1416 2133 1470 vel

549 1511 754 1565 melius
808 1511 894 1565 vel
943 1511 1144 1581 pejus;
1189 1509 1336 1564 unde
1367 1509 1758 1564 necessitatem
1793 1509 2000 1563 habent
2045 1507 2132 1562 di-

549 1605 714 1660 cendi
741 1603 1024 1660 Christum
1061 1619 1222 1659 suum
1267 1604 1353 1658 vel
1389 1603 1676 1657 meliorem
1704 1618 1826 1658 esse
1861 1602 1946 1656 vel
1985 1601 2137 1671 pejo-

550 1711 666 1750 rem
701 1696 755 1750 in
784 1696 969 1766 aliquo
1017 1696 1272 1766 partibus
1303 1696 1422 1750 suis
1449 1696 1587 1750 inse
1623 1695 1880 1764 sumptis,
1925 1695 1969 1748 si
2003 1709 2133 1748 vere

550 1805 725 1844 unum
753 1789 957 1844 animal
985 1799 1069 1844 est
1090 1789 1546 1860 Christus,juxta
1570 1787 1696 1842 illos
1720 1803 1787 1842 ex
1818 1788 1932 1841 Deo
1949 1785 2134 1842 Verbo

548 1891 612 1935 'ct
648 1897 814 1935 carne
850 1881 1245 1951 compositum.
1300 1880 1406 1935 Sed
1461 1879 1506 1935 si
1564 1880 1854 1934 meliorem
1905 1878 2124 1943 dicunt,

549 1971 718 2040 impie
762 1971 978 2033 dicunt,
1013 1971 1220 2042 aliquid
1263 1971 1621 2026 commentati
1659 1971 1772 2025 Deo
1807 1969 2133 2040 perfectius,

549 2063 697 2132 quod
731 2079 954 2118 necesse
979 2063 1186 2118 habent
1225 2063 1388 2118 fateri
1422 2064 1582 2118 Patre
1617 2071 1672 2117 et.
1697 2062 1910 2133 Spiritu
1942 2071 2136 2117 sancto

549 2154 731 2225 majus
761 2169 907 2208 esse.
937 2154 994 2208 Si
1028 2153 1176 2208 enim
1227 2153 1432 2208 animal
1463 2155 1596 2209 illud
1620 2154 1792 2225 quod,
1829 2153 2138 2209 secundum

549 2246 698 2310 illos,
733 2261 799 2300 ex
822 2245 1004 2300 Verbo
1047 2245 1158 2299 Deo
1188 2253 1246 2300 et
1290 2259 1458 2299 carne
1488 2252 1728 2309 constat,
1747 2243 1948 2298 melius
1973 2243 2138 2297 estin

549 2336 739 2406 aliquo
767 2335 957 2390 Verbo
991 2335 1180 2390 divino
1211 2335 1266 2389 in
1310 2350 1369 2390 se
1404 2345 1646 2406 sumpto,
1691 2335 1890 2389 melius
1917 2350 2138 2406 quoque

550 2425 846 2480 manifeste
892 2427 1002 2480 erit
1040 2427 1202 2482 Patre
1235 2434 1293 2481 et
1337 2426 1550 2496 Spiritu
1589 2437 1780 2482 sancto
1811 2443 1920 2481 non
1956 2427 2138 2482 incar-

551 2518 723 2583 natis,
753 2518 1032 2588 siquidem
1067 2518 1240 2573 Filius
1263 2518 1414 2572 Patri
1471 2527 1527 2573 et
1552 2519 1788 2589 Spiritui
1833 2528 2025 2573 sancto
2054 2527 2141 2574 est

551 2610 823 2680 aequalis;
859 2610 951 2664 ille
980 2618 1164 2664 autem
1201 2611 1292 2680 qui
1326 2613 1381 2667 in
1415 2612 1607 2681 aliquo
1649 2611 1744 2664 illo
1791 2612 1990 2664 melior
2030 2620 2137 2675 est,

552 2699 848 2755 evidenter
873 2701 1046 2755 'Patre
1091 2707 1148 2753 et
1183 2699 1392 2771 Spiritu
1422 2710 1616 2756 sancto
1669 2708 1753 2754 est
1798 2700 2016 2753 melior.
2081 2700 2138 2754 Si

552 2803 738 2846 autem
798 2792 956 2862 pejus
1000 2791 1196 2847 dicunt
1222 2792 1358 2847 illud
1394 2792 1594 2846 animal
1624 2792 1806 2848 Verbo
1843 2791 1958 2845 Deo
1993 2791 2046 2845 in
2081 2807 2139 2846 se

551 2891 797 2952 sumpto,
822 2882 879 2936 in
915 2883 1018 2938 hoc
1047 2883 1212 2937 etiam
1246 2885 1399 2954 impii
1438 2893 1611 2939 sunt:
1649 2883 1955 2938 secundum
1990 2883 2138 2937 enim

551 2975 795 3029 fabulam
825 2975 1144 3031 Graacorum
1168 2984 1225 3032 et
1251 2976 1679 3032 Manichzeorum
1705 2976 1773 3030 de
1802 2977 1984 3031 anima
2009 2977 2141 3032 Ver-

551 3065 687 3121 bum
717 3067 893 3121 Deum
941 3066 1124 3137 scipso
1151 3081 1310 3138 pejus
1353 3066 1527 3122 fuisse
1583 3067 1787 3121 factum
1845 3077 2137 3122 asserunt:

551 3173 666 3212 non
692 3159 839 3212 enim
871 3158 1078 3214 animal
1113 3158 1253 3213 illud
1282 3173 1348 3213 ex
1379 3159 1489 3213 Dco
1537 3168 1594 3214 et
1637 3175 1804 3214 carne
1856 3167 2136 3223 constans,

2238 673 2332 725 τοῦ
2366 672 2620 743 σώματος
2666 673 2994 744 αἰσθήσεων,
3028 676 3121 727 καὶ
3168 676 3273 746 πρὸ
3312 676 3410 739 τῆς
3449 678 3530 740 είς
3573 678 3632 730 τὸ
3662 677 3832 749 σῶμα

2237 767 2667 831 καταπτώσεως,
2695 766 2770 831 ῶς
2805 785 2960 838 φασι,
2995 769 3160 839 μηδὲν
3188 769 3492 839 ἀγνοοῦσαν
3520 787 3535 801 ·
3567 771 3701 826 ἀλλὰ
3734 776 3833 826 καὶ

2240 859 2379 927 μετὰ
2406 861 2506 927 τὴν
2541 861 2606 912 ἐκ
2643 859 2834 914 τούτου
2887 860 3068 925 ἔξοδον
3104 861 3366 925 ὡσαύτως
3387 881 3398 891 ·
3449 864 3572 917 ὃθεν
3606 868 3698 918 καὶ
3732 866 3835 937 ἥτ-

2235 967 2366 1002 τονα
2398 952 2604 1006 οἴδασιν
2635 953 2805 1024 αὐτῆς
2836 953 2928 1006 τὸν
2977 954 3267 1026 ἄνθρωπον
3291 971 3304 986 ο
3341 956 3466 1009 ἐπεὶ
3511 957 3608 1010 καὶ
3661 957 3835 1025 αὐτὴν

2236 1043 2438 1114 ἑαυτῆς
2467 1043 2692 1114 χείρονα
2725 1045 2949 1113 λέγουσι
2982 1045 3238 1115 γενέσθαι
3280 1047 3368 1102 διὰ
3398 1047 3500 1119 τῆς
3527 1051 3583 1102 ὲν
3616 1049 3694 1118 τῷ
3723 1050 3834 1103 σὼ-

2239 1153 2371 1207 ματι
2404 1138 2676 1208 φυλακῆς,
2745 1137 2819 1203 ῶς
2849 1157 3004 1209 φασι.
3058 1141 3165 1196 Τοῦ
3221 1143 3278 1195 δὲ
3331 1141 3588 1213 σώματος
3631 1145 3835 1216 νεκροῦ

2237 1228 2616 1300 θεωρουμένου
2666 1231 2805 1300 μετὰ
2850 1231 2949 1302 τὴν
2979 1232 3252 1300 διάζευξιν
3301 1233 3402 1303 τῆς
3441 1234 3642 1305 ψυχῆς,
3690 1237 3836 1307 προσ

2235 1321 2396 1389 δηλον
2425 1321 2504 1374 ὅτι
2540 1322 2804 1394 κρείττων
2847 1324 2876 1376 6
2925 1324 3212 1396 ἄνθρωπος
3239 1340 3254 1356 ’
3295 1325 3420 1379 ἐπεὶ
3455 1327 3550 1380 καὶ⁵
3599 1327 3731 1381 αὐτὸ
3770 1329 3836 1381 τὸ

2238 1411 2400 1483 σῶμα
2430 1416 2680 1484 κρεῖττον
2712 1415 2909 1469 ἑαυτοῦ
2941 1416 3230 1488 θεωρεῖται
3276 1418 3383 1491 πρὸ
3421 1420 3514 1472 τοῦ
3539 1421 3832 1490 χωρισμοῦ

2233 1505 2328 1558 τοῦ
2359 1505 2421 1558 ἐκ
2444 1506 2542 1574 τῆς
2569 1506 2751 1576 ψυχῆς
2770 1525 2785 1538 ·
2827 1508 2903 1570 ὡς
2927 1509 3067 1578 πρὸς
3119 1509 3180 1562 τὸ
3234 1511 3371 1580 μετὰ
3397 1510 3460 1564 τὸ
3491 1512 3838 1583 χωρισθῆναι

2232 1601 2332 1669 τῆς
2362 1600 2540 1670 ψυχῆς
2567 1602 2902 1672 συνέστηκεν
2932 1605 3062 1674 ἄρα,
3107 1603 3184 1668 ὼς
3237 1603 3319 1658 ὅτι
3369 1605 3430 1658 τὸ
3480 1607 3837 1679 ἀποτέλεσμα

2233 1691 2342 1744 τῶν
2402 1692 2620 1746 οἰκείων
2678 1695 2862 1764 μερῶν
2917 1695 3039 1749 καθ’
3088 1697 3260 1751 ἑαυτὰ
3313 1698 3745 1769 θεωρουμένων,
3799 1700 3835 1772 ἢ

2236 1782 2482 1852 κρεῖττόν
2517 1783 2632 1836 ἐστι
2661 1786 2801 1839 κατά
2833 1802 2906 1851 τι,
2939 1786 2970 1857 ἢ
3001 1780 3164 1857 ἦττον
3189 1807 3201 1819 ·
3237 1787 3358 1842 ὅθεν
3393 1790 3607 1861 ἀνάγκη
3653 1791 3838 1859 λέγειν

2242 1874 2339 1927 καὶ
2361 1873 2594 1940 τούτοις,
2621 1876 2713 1929 τὸν
2740 1875 2974 1948 Χριστὸν
3008 1878 3211 1944 αὐτῶν,
3256 1880 3289 1950 ἢ
3340 1880 3539 1951 ἥττονα
3587 1878 3750 1945 εἶναι,
3800 1883 3836 1954 ἢ

2242 1969 2530 2037 κρείττονα
2567 1972 2710 2025 κατά
2753 1989 2806 2024 τι
2856 1972 2964 2027 τῶν
3007 1975 3225 2028 οἰκείων
3273 1977 3458 2048 μερῶν
3490 1977 3613 2030 καθ’
3641 1979 3835 2043 ἑαυτὰ,

2239 2061 2679 2132 ὲπινοουμένων’
2728 2065 2777 2116 εἰ
2817 2065 2955 2123 ὅλως
2987 2067 3045 2120 ἓν
3095 2068 3233 2133 ζῶόν
3287 2069 3404 2122 ἐστι
3459 2071 3583 2123 κατ’
3635 2071 3840 2134 αὐτοὺς

2238 2155 2266 2207 6
2295 2154 2550 2224 Χριστὸς,
2585 2158 2649 2209 ἐκ
2674 2156 2810 2211 Θεοῦ
2843 2161 2938 2212 καὶ
2970 2159 3261 2227 ἀνθρώπου
3289 2162 3687 2216 ἀποτελεσθέν·
3718 2163 3838 2216 ἀλλ’

2251 2248 2301 2300 εί
2338 2249 2438 2318 μὲν
2467 2250 2777 2321 κρείττονα,
2818 2250 3048 2317 εἴποιεν,
3093 2253 3361 2308 δεδώκασι
3413 2255 3474 2308 τὸ
3507 2257 3724 2320 ἀσεϐὲς,
3749 2274 3841 2311 τεο

2239 2337 2511 2410 λειότερον
2539 2357 2592 2393 τι
2622 2339 2715 2393 τοῦ
2772 2340 2908 2394 Θεοῦ
2945 2343 3344 2414 φανταζόμενοι
3372 2339 3538 2406 εἶναι.
3562 2346 3701 2417 ὅπερ
3741 2349 3841 2400 καὶ

2237 2425 2333 2480 τοῦ
2364 2429 2572 2498 Πατρὸς
2593 2430 2688 2483 κα¹ι
2709 2429 2804 2482 τοῦ
2836 2431 3156 2500 Πνεύματος
3182 2432 3398 2504 ἀνάγκη
3425 2433 3607 2502 λέγειν
3636 2435 3838 2499 αὐτοὺς

2242 2520 2570 2590 ὑπέρτατον.
2607 2521 2668 2573 Et
2701 2520 2811 2590 γὰρ
2845 2521 2906 2574 τὸ
2955 2523 3075 2575 κατ’
3117 2522 3316 2586 αὐτοὺς
3368 2524 3432 2576 ἐκ
3475 2522 3611 2576 Θεοῦ
3654 2523 3836 2592 Λόγου

2240 2611 2334 2665 καὶ
2363 2614 2565 2682 σαρκὸς
2607 2611 2767 2677 ζῶον,
2803 2615 3052 2681 κρεῖττον
3083 2614 3225 2668 κατά
3267 2632 3320 2668 τι
3351 2614 3446 2668 τοῦ
3491 2603 3837 2684 ΘεοῦΛόγου

2240 2703 2362 2756 καθ’
2388 2704 2580 2756 ἑαυτὸν
2612 2704 2927 2774 νοουμένου,
2965 2705 3122 2759 τοῦτο
3151 2706 3285 2759 αὐτὸ
3313 2709 3566 2778 κρεῖττον
3588 2706 3837 2776 δηλονότι

2241 2796 2333 2848 καὶ
2362 2794 2456 2846 τοῦ
2489 2795 2704 2866 Πατρδς
2736 2796 2831 2848 καί
2863 2797 2956 2850 τοῦ
2987 2796 3307 2866 Πνεύματος
3353 2799 3429 2869 μὴ
3459 2799 3839 2868 συγκειμένων

2240 2889 2305 2957 τῇ
2337 2887 2535 2956 σαρκί·
2586 2888 2821 2960 ἐπείπερ
2871 2891 2984 2952 ἴσος
3031 2892 3059 2942 6
3112 2889 3238 2953 Υἱὸς
3287 2888 3363 2960 τῷ
3418 2891 3592 2962 Πατρὶ
3635 2891 3730 2943 καὶ
3758 2889 3839 2958 τῷ

2243 2978 2557 3048 Πνεύματι·
2606 2981 2702 3033 καὶ
2749 2982 2776 3032 6
2825 2980 3016 3032 τούτου
3053 2981 3318 3052 κρείττων
3372 2979 3516 3034 κατά
3553 2998 3624 3041 τι,
3663 2980 3838 3050 σαφὲς

2241 3069 2323 3120 ὅτι
2358 3068 2452 3120 καὶ
2485 3067 2576 3121 τοῦ
2612 3069 2825 3139 Πατρὸς
2859 3070 2954 3123 καὶ
3000 3069 3096 3122 τοῦ
3147 3069 3467 3140 Πνεύματος
3503 3070 3598 3123 τοῦ
3649 3070 3833 3138 ἁγίου*

2242 3161 2378 3214 εἰδὲ
2409 3156 2574 3231 ἦττον
2623 3161 2830 3215 εἴποιεν
2882 3164 3031 3216 τουτὶ
3059 3163 3122 3217 τὸ
3168 3163 3308 3228 ζῶον
3336 3164 3429 3218 τοῦ
3472 3164 3608 3218 Θεοῦ
3657 3165 3836 3232 Λόγου

553 3251 884 3306 inveniretis
927 3251 1038 3305 Deo
1091 3251 1294 3317 minus,
1346 3251 1453 3306 nisi
1503 3252 1658 3322 prius
1701 3253 1851 3307 Deus
1896 3252 2137 3306 Verbum

2244 3251 2367 3306 καθ’
2413 3251 2606 3305 ἑαυτὸν
2649 3251 3050 3324 θεωρουμένου,
3088 3255 3183 3306 καὶ
3210 3253 3386 3318 οὕτως
3414 3253 3671 3308 ἀσεϐοῦσι
3697 3271 3710 3282 ·
3741 3255 3836 3306 τὸν

552 3343 737 3414 seipso
781 3343 938 3414 pejus
979 3342 1184 3398 factum
1223 3342 1439 3398 fuisset.

2239 3342 2373 3395 Θεὸν
2400 3343 2510 3413 γὰρ
2540 3342 2710 3411 Λόγον
2745 3345 2946 3414 ἥττονα
2996 3345 3192 3398 ἑαυτοῦ
3238 3345 3548 3399 δεικνύουσι
3595 3345 3834 3414 γεγενῆ-

555 3436 680 3491 σθαι
715 3435 992 3490 καταιτξιν
1030 3433 1137 3486 τῶν
1191 3433 1457 3504 Ἑλλήνων
1503 3435 1597 3488 καὶ
1645 3435 1962 3504 Μανιχαίων
2019 3433 2152 3504 περὶ
2189 3435 2288 3504 τῆς
2317 3433 2497 3504 ψυχῆς
2523 3435 2713 3504 μῦθον.
2760 3439 2874 3490 Ούκ
2904 3438 2970 3490 ἂν
3033 3439 3141 3510 γὰρ
3169 3439 3229 3492 τὸ
3257 3441 3320 3492 ἐκ
3343 3439 3476 3493 Θεοῦ
3506 3441 3600 3493 καὶ
3631 3439 3834 3511 σαρκὸς

555 3533 714 3597 ζῶον,
751 3527 916 3602 ἦττον
970 3531 1261 3599 ηὑρίσκετε
1320 3530 1414 3582 τοῦ
1475 3529 1610 3583 Θεοῦ
1666 3529 1808 3583 κατὰ
1861 3530 2050 3599 μόνας,
2091 3530 2140 3582 εί
2181 3527 2259 3602 μὴ
2322 3528 2588 3600 πρότερον
2619 3530 2780 3594 αὐτὸς
2831 3532 3014 3595 οΘεδς
3084 3533 3256 3602 Λόγος
3294 3534 3471 3605 ἥττων
3511 3533 3706 3586 ἑαυτοῦ
3744 3533 3837 3598 γέν-

561 3638 741 3691 γονεν.

633 3715 714 3768 Ad
750 3714 863 3766 haec
915 3713 1164 3766 dicemus
1225 3714 1403 3784 reipsa
1449 3715 1754 3784 composita
1793 3730 1859 3767 ex
1892 3713 2145 3785 partibus

555 3807 644 3861 vel
687 3804 915 3858 meliora
958 3818 1079 3857 esse
1134 3803 1217 3857 vel
1267 3805 1453 3874 pejora
1505 3821 1836 3873 unaquaque
1893 3805 2140 3873 partium

557 3911 818 3962 suarum;
846 3897 941 3951 sed
971 3895 1198 3951 evidens
1225 3905 1310 3951 est
1349 3897 1452 3950 hoc
1500 3913 1609 3950 non
1645 3897 1971 3965 simpliciter
1998 3912 2142 3958 esse,

557 3990 654 4047 sed
703 3998 915 4045 tantum
964 3992 1019 4043 in
1068 3989 1156 4044 his
1207 4005 1442 4059 quorum
1492 3999 1677 4060 partes
1730 3988 1963 4043 diversa:
2012 3996 2143 4042 sunt

557 4090 773 4134 naturae
802 4085 860 4133 et
891 4087 1066 4132 totum
1113 4085 1453 4147 componunt
1490 4077 1576 4131 vel
1613 4093 1712 4146 per
1756 4076 2140 4140 mutationem,

559 4173 646 4229 vel
675 4188 776 4242 per
821 4171 1129 4235 mistnram,
1150 4170 1245 4224 vel
1280 4185 1377 4238 per
1409 4177 1932 4238 temperamentum;
1960 4168 2005 4222 si
2033 4183 2140 4221 non

558 4263 875 4336 huiusmodi
897 4271 982 4318 est
1015 4263 1366 4333 compositio,
1401 4262 1454 4317 id
1487 4271 1592 4327 est,
1624 4277 1733 4315 nou
1757 4249 2139 4328 commiscens,

559 4367 658 4412 aut
688 4364 1057 4420 commutans,
1101 4354 1320 4408 diversa
1366 4353 1777 4424 componentia,
1821 4362 1915 4407 aut
1957 4353 2001 4407 si
2043 4368 2141 4406 na-

561 4458 701 4503 tura:
736 4462 846 4501 non
882 4454 1116 4516 possunt
1155 4445 1376 4500 misceri
1409 4445 1493 4499 vel
1531 4445 1584 4499 in
1632 4445 1866 4500 invicem
1913 4445 2138 4509 mutari,

560 4533 840 4605 quomodo
885 4533 1014 4588 inde
1049 4540 1226 4588 totum
1267 4533 1587 4590 censebitur
1631 4534 1786 4602 pejus
1816 4543 1912 4588 aut
1946 4534 2143 4588 melius

559 4629 826 4684 alterutra
901 4642 1126 4680 suarum
1187 4626 1474 4696 partium?
1553 4626 1893 4682 Manifestius
1958 4638 2142 4683 autem

562 4721 821 4789 exemplo
847 4718 1103 4788 fietquod
1123 4718 1383 4773 dicimus.
1406 4718 1464 4773 Si
1491 4719 1616 4788 quis
1643 4735 1709 4774 ex
1734 4735 1861 4776 vase
1885 4731 2144 4792 argenteo

561 4810 729 4865 unius
774 4809 930 4862 librae
959 4817 1016 4863 et
1048 4824 1116 4864 ex
1144 4823 1271 4863 vase
1302 4807 1557 4878 plombeo
1598 4809 1855 4865 similiter
1889 4813 2053 4865 unius
2079 4811 2146 4864 li-

561 4898 676 4952 bra:
706 4895 870 4951 simul
896 4896 1151 4952 conflatis
1173 4913 1269 4951 vas
1301 4913 1508 4952 novum
1539 4898 1766 4966 faceret,
1785 4901 2138 4956 manifestum

558 4998 647 5045 est
710 4989 948 5060 aliquale
986 4991 1266 5044 exiturum
1331 5005 1617 5046 scamnum
1683 5003 1907 5064 argento
1964 4995 2139 5063 pejus,

559 5083 787 5154 plombo
829 5098 965 5137 vero
1020 5082 1250 5138 melius:
1291 5083 1345 5137 in
1395 5084 1502 5139 illis
1544 5085 1691 5138 enim
1754 5091 1840 5138 est
1887 5085 2136 5153 quaedam

559 5171 798 5228 afﬁnitas
813 5182 868 5228 et
882 5172 1188 5228 similitudo
1201 5173 1403 5242 quibus
1425 5173 1566 5228 inter
1583 5186 1640 5226 se
1659 5171 2136 5235 transmittantur;

558 5266 608 5320 si
644 5266 770 5335 quis
808 5273 992 5320 autem
1025 5281 1122 5320 vas
1162 5281 1390 5320 aureum
1429 5266 1595 5319 unius
1641 5264 1798 5318 librae
1851 5279 1975 5317 cum
2017 5277 2145 5316 vase

560 5358 718 5412 tictili
776 5358 941 5412 unius
978 5358 1136 5413 libra:
1175 5359 1531 5414 combureret
1575 5355 1659 5409 vel
1692 5355 1927 5409 alterum
1969 5355 2143 5408 altern

555 5449 913 5504 circumdatis
945 5451 1205 5521 iuignem
1226 5451 1472 5505 mitteret
1501 5447 1760 5518 quoniam
1793 5457 1988 5502 natura
2030 5463 2141 5500 non

557 5548 741 5611 potest
773 5539 938 5597 ﬁctile
969 5557 1096 5596 cum
1134 5558 1273 5597 auro
1317 5541 1560 5608 misceri,
1610 5555 1719 5594 non
1762 5540 1872 5595 erit
1896 5541 2040 5595 istud
2073 5556 2141 5594 ex

557 5642 699 5682 auro
724 5637 781 5682 et
824 5629 980 5684 ﬁctili
1027 5631 1395 5701 compositum
1440 5631 1637 5685 melius
1664 5645 1800 5684 auro
1833 5631 2138 5685 secundum

560 5717 980 5774 substantialem
1027 5721 1386 5789 qualitatem;
1419 5736 1550 5776 ecce
1579 5719 1724 5775 enim
1777 5738 1970 5776 aurum
2019 5721 2139 5777 sine

563 5809 869 5863 mutatione
927 5827 1124 5879 purum
1161 5821 1216 5866 et
1255 5813 1634 5882 incorruptum
1666 5813 1831 5868 etiam
1878 5813 1932 5867 in
1984 5813 2137 5868 fictili

561 5895 960 5969 circumposito
987 5912 1040 5957 et
1085 5905 1260 5971 unite,
1308 5905 1576 5972 dicemus,
1611 5921 1788 5977 neque
1816 5922 1952 5964 auro
1985 5906 2134 5963 nudo

2322 3708 2584 3778 Εἵποιμεν
2613 3707 2704 3764 οὖν
2736 3712 2874 3782 πρὶς
2921 3712 3067 3777 τάδε,
3101 3715 3183 3767 ὅτι
3222 3711 3392 3778 ὅντως
3437 3717 3504 3768 τὰ
3536 3717 3598 3768 ἐκ
3639 3718 3828 3787 μερῶν

2248 3798 2692 3869 ἀποτελέσματα,
2785 3803 3072 3874 κρείττονα
3104 3804 3135 3874 ἢ
3171 3805 3392 3876 χείρονα
3425 3807 3532 3859 τῶν
3573 3808 3835 3860 ἀποτελε-

2250 3890 2460 3944 σάντων
2491 3892 2724 3945 ἑκάστου
2760 3893 2865 3965 ἰδίᾳ
2895 3894 3180 3965 θεωρεῖται
3216 3910 3228 3923 ·
3267 3897 3404 3949 ἀλλὰ
3436 3899 3720 3968 πρόδηλον,
3757 3900 3832 3963 ὼς

2247 3983 2364 4035 τόδε
2399 3984 2497 4053 οὺχ
2527 3984 2734 4050 ἁπλῶς,
2769 3985 2886 4038 ἀλλ’
2918 3986 3002 4052 ἐφ’
3032 3980 3107 4040 ὧν
3155 3987 3433 4058 διαφόρων
3473 3988 3643 4041 ὄντων
3685 3979 3832 4043 ’κατὰ

2247 4073 2409 4142 φύσιν
2480 4073 2590 4127 τῶν
2652 4073 2856 4145 μερῶν,
2891 4075 3045 4144 καὶὴ
3114 4075 3382 4138 σύνθεσις,
3423 4077 3564 4129 κατά
3620 4077 3831 4148 τροπὴν

2248 4165 2345 4218 καὶ
2373 4165 2594 4236 φυρμὸν
2623 4167 2719 4218 καὶ
2753 4167 2950 4236 κρᾶσίν
2981 4185 3122 4233 τινα,
3152 4170 3297 4220 ποιεῖ
3319 4167 3378 4220 τὸ
3401 4167 3461 4231 ἐξ
3488 4169 3668 4221 αὐτῶν
3697 4171 3833 4223 ἁπο-

2245 4258 2505 4328 τέλεσμα.
2579 4261 2639 4312 Εί
2695 4260 2879 4329 μέντοι
2909 4262 2942 4330 ἡ
2981 4259 3228 4324 σύνθεσις
3249 4263 3309 4313 ού
3337 4261 3516 4314 τοιάδε
3540 4303 3556 4325 ,
3578 4262 3745 4332 ἤγουν
3767 4263 3828 4316 ού

2248 4349 2552 4421 συγχυτικὴ
2587 4351 2682 4403 καὶ
2714 4351 3038 4423 ἀλλοιωτικὴ
3067 4351 3178 4405 τῶν
3227 4353 3593 4408 συνελθόντων
3637 4354 3830 4423 διαφό-

2253 4439 2531 4509 ρων,οῦτε
2591 4441 2646 4494 δὲ
2694 4442 2749 4496 αἱ
2813 4439 3006 4509 φύσεις
3064 4443 3145 4504 είς
3202 4442 3445 4513 ἀλλήλας
3511 4445 3830 4514 συγχεῖσθαι

2247 4530 2501 4583 δύνανται
2535 4531 2566 4602 ἢ
2599 4532 2922 4602 τρέπεσθαι·
2956 4532 3074 4596 πῶς
3103 4533 3354 4587 ἐντεῦθεν
3384 4537 3568 4606 χεῖρον
3595 4536 3627 4606 ἢ
3650 4539 3832 4606 κρεῖτ-

2247 4637 2340 4673 τον
2368 4621 2430 4673 τὸ
2462 4622 2583 4674 ὅλον
2623 4621 2854 4692 θατέρου
2885 4621 2994 4675 τῶν
3038 4624 3223 4694 μερῶν
3266 4625 3600 4696 κριθήσεται
3626 4645 3640 4691 ;
3673 4626 3828 4679 ἔσται

2247 4712 2305 4765 δὲ
2355 4713 2524 4780 σαφὲς
2563 4714 2766 4783 μᾶλλον
2824 4716 2887 4768 ὲκ
2919 4717 3365 4786 παραδείγματος
3417 4718 3478 4770 τὸ
3513 4718 3824 4788 λεγόμενον.

2247 4806 2438 4878 Είγὰρ
2469 4807 2632 4876 τυχὸν
2656 4807 2902 4880 λιτραῖον
2934 4809 3129 4872 σκεῦος
3161 4810 3436 4882 ἀργύρου,
3471 4811 3565 4863 καὶ
3589 4811 3830 4882 λιτραῖον

2249 4898 2444 4961 σκεῦος
2487 4898 2740 4962 μολίϐδου
2774 4917 2863 4966 τις
2913 4903 3340 4971 καταχωνεύσας
3381 4905 3597 4971 ποιήσει
3635 4904 3829 4967 σκεῦος

2247 4989 2305 5055 ἐξ
2333 4991 2563 5059 άμφοῖνο
2600 4989 2758 5061 δῆλον
2786 4991 2862 5055 ὡς
2889 4992 3134 5062 ἀργύρου
3163 4990 3262 5062 μὲν
3293 4987 3478 5062 ἦττον,
3505 4995 3751 5062 κρεῖττον
3772 4993 3830 5046 δὲ

2257 5082 2511 5152 μολίϐδου
2573 5077 2662 5137 οἷα
2719 5085 3050 5156 κασσίτερος
3107 5089 3403 5154 φανεῖται·
3453 5087 3662 5155 πέφυκε
3721 5085 3829 5158 γὰρ

2244 5176 2372 5229 τάδε
2401 5176 2490 5230 διά
2514 5195 2636 5229 τινα
2672 5177 2912 5249 φυσικὴν
2965 5178 3267 5231 εὐπάθειαν
3336 5177 3432 5230 καὶ
3483 5179 3820 5245 συγγένειαν-

2245 5266 2496 5338 ἀλλήλοις
2527 5269 3130 5340 προσμεταὸάλλεσθαι.
3167 5270 3226 5321 lii
3254 5269 3312 5321 δὲ
3342 5269 3582 5340 λιτραῖον
3620 5269 3816 5330 σκεῦος

2245 5359 2495 5429 χρυσίου,
2531 5358 2759 5430 λιτραίῳ
2805 5360 2992 5413 σκεύει
3033 5361 3243 5430 πηλίνῳ
3268 5359 3431 5430 τυχὸν
3462 5362 3694 5429 συνάψει
3717 5376 3826 5427 τις,

2244 5453 2276 5522 ἢ
2309 5452 2654 5517 περιπλάσας
2677 5451 2889 5523 θατέρῳ
2914 5452 3143 5522 θάτερον
3167 5453 3251 5520 ἐφ’
3279 5453 3501 5505 ὁσονοῦν
3528 5469 3590 5504 συ
3601 5451 3830 5523 μπυριὶο-

2246 5561 2348 5609 σει,
2382 5545 2504 5596 ἐπεὶ
2538 5545 2611 5616 μὴ
2671 5545 2881 5614 πέφυκε
2942 5546 3154 5616 χρυσίῳ
3198 5545 3373 5614 πηλὸς
3437 5545 3581 5598 κατὰ
3627 5546 3827 5614 κρᾶσιν

2247 5636 2520 5708 φύρεσθαι
2550 5677 2564 5698 ,
2601 5638 2700 5690 οὐκ
2739 5637 2895 5692 ἕσται
2921 5638 3040 5691 τόδε
3061 5637 3120 5690 τὸ
3159 5638 3222 5690 ἐκ
3253 5637 3426 5708 πηλοῦ
3456 5637 3552 5690 καὶ
3598 5637 3825 5706 χρυσίου

2243 5728 2590 5798 ἁποτέλεσμά
2637 5745 2768 5781 ποτε
2809 5732 3058 5800 κρεῖττον
3088 5728 3319 5800 χρυσίου
3356 5729 3498 5782 κατὰ
3530 5729 3590 5780 τὸ
3628 5727 3824 5781 οὐσιῶ-

2241 5816 2330 5879 δες
2355 5817 2508 5869 ποιόν
2533 5832 2546 5845 ’
2579 5817 2688 5870 ίδοί)
2722 5819 2834 5889 γὰρ
2865 5819 3264 5889 ἀμεταόλήτως
3316 5819 3410 5871 καὶ
3459 5819 3517 5870 ὲν
3561 5821 3627 5888 τῇ
3668 5834 3824 5887 περι-

2197 5919 2208 5934 ’
2240 5908 2384 5964 θέσει
2414 5909 2505 5964 καὶ
2540 5911 2598 5967 ὲν
2631 5914 2697 5983 τῇ
2738 5912 2929 5969 ἐνώσει
2962 5911 3056 5968 τοῦ
3093 5910 3290 5984 πηλοῦ,
3322 5912 3382 5965 τὸ
3403 5913 3628 5984 χρυσίον
3664 5911 3824 5981 ἁγνὸν
