4116 6490
337 436 469 503 1517

1280 443 1675 505 ADVERSUS
1715 443 2354 509 NESTORIANOS.—
2386 451 2533 513 LIB.
2578 453 2626 512 Ι.

3483 458 3609 524 1518

331 553 569 626 ἐροῦμεν
600 552 662 606 ὃν
710 554 805 607 καὶ
851 554 1164 625 ἀκίϐδηλον,
1220 556 1374 610 οὐδὲν
1433 558 1623 611 διοίσει
1681 560 1908 629 χρυσίου

2020 563 2318 618 secundum
2359 576 2610 622 naturam
2649 568 2889 625 dilieret.
2923 573 3042 627 Non
3077 575 3226 630 enim
3274 576 3457 631 lictilis
3481 579 3592 631 cir-

331 644 538 715 γυμνοῦ
571 644 712 698 κατὰ
751 647 850 715 τὴν
890 646 1160 716 φύσιν.Ἦ
1190 647 1299 718 γὰρ
1330 650 1612 720 περίθεσις
1661 651 1754 704 τοῦ
1802 669 1909 720 πη-

331 735 426 789 λοῦ
454 737 554 789 οὐκ
579 735 862 790 ἀναπείθει
889 736 1144 808 σώφρονα
1166 739 1314 801 νοῦν,
1351 738 1652 810 βεϐλάφθαι
1692 742 1773 805 εἰς
1803 743 1908 810 φύ-

334 845 419 882 σιν
447 829 541 882 τὸν
565 829 786 900 χρυσὸν,
829 830 974 896 ἅπαξ
1005 829 1405 901 διεγνωσμένον
1438 833 1539 903 τὴν
1565 831 1730 901 φύσιν
1770 829 1911 887 εἶναι

332 921 474 992 προς
526 921 593 973 τὰ
642 921 863 990 χείρονα
913 923 1330 992 ἀμετάτρεπτον
1360 940 1373 954 ·
1407 922 1524 976 ἀλλ’
1573 925 1694 977 οὐδὲ
1745 926 1910 979 πάλιν

332 1013 624 1084 κρείττονα
658 1009 799 1066 εἶναι
835 1013 1044 1085 γυμνοῦ
1093 1014 1315 1088 χρυσίου
1365 1015 1454 1069 διά
1491 1015 1591 1087 τὴν
1620 1017 1910 1088 περίθεσιν

331 1103 428 1156 τοῦ
467 1103 641 1173 πηλοῦ
671 1123 754 1169 τις
787 1105 950 1160 α’ύτὺν
977 1107 1279 1176 λογίσεται’
1304 1108 1366 1162 τὸ
1398 1109 1506 1182 γὰρ
1536 1109 1683 1178 ἅπαξ
1729 1114 1913 1182 κρεῖτ-

331 1211 444 1260 τον,
473 1196 566 1248 ἐπὶ
592 1198 658 1266 τῇ
703 1198 1004 1269 προσλήψει
1032 1199 1125 1252 τοῦ
1159 1201 1404 1272 χείρονος
1458 1201 1656 1255 ἑαυτοῦ
1691 1203 1910 1257 πώποτε

334 1287 637 1358 φανήσεται
664 1305 678 1320 ο
713 1289 943 1361 καὶγὰρ
972 1289 1092 1345 τόδε
1122 1293 1218 1346 καὶ
1255 1291 1434 1364 λέγειν
1468 1294 1719 1365 μάταιον.
1770 1294 1912 1349 Ἀλλ’

333 1377 476 1432 οὕτω
509 1379 607 1450 μὲν
631 1379 778 1436 τάδε.

409 1467 524 1538 Τῆς
550 1469 607 1522 δὲ
641 1471 970 1540 ἀποφάσεως
998 1472 1153 1544 ὑμῶν
1186 1473 1336 1545 ὅμως
1359 1475 1392 1547 ἢ
1417 1479 1666 1548 κρεῖττον
1696 1479 1729 1550 ἢ
1753 1474 1914 1552 ἦττον

335 1559 569 1630 ὁρᾶσθαι
601 1563 736 1633 πρὸς
760 1564 825 1617 τὰ
855 1563 960 1618 τδια
993 1565 1134 1637 μέρη
1160 1567 1221 1620 τὸ
1250 1568 1602 1640 ἀποτέλεσμα
1626 1571 1911 1643 λεγούσης,

334 1653 403 1706 τά
454 1653 874 1726 παραδείγματα
934 1657 1062 1727 ὑμῖν
1116 1656 1244 1714 ἄλλο
1308 1678 1362 1715 τι
1424 1661 1704 1733 βούλονται
1763 1665 1915 1736 παρὰ

331 1745 394 1798 τὸ
445 1747 736 1817 εἰρημένον
765 1763 782 1780 ο
844 1751 1064 1811 πάντως
1112 1750 1222 1822 γάρ
1294 1755 1542 1824 κρεῖττον
1613 1751 1756 1810 εἶναι
1806 1758 1915 1810 πᾶν

334 1837 590 1892 σύνθετον
640 1839 749 1892 τῶν
803 1842 883 1904 εἰς
927 1841 1060 1895 αὐτὸ
1100 1842 1464 1898 συνελθόντων
1509 1846 1692 1918 μερῶν
1738 1864 1907 1918 φησι⁶

2014 652 2344 720 cumpositio
2372 656 2675 724 sapientem
2717 669 2958 714 mentem
3008 664 3364 731 persuadebit
3395 681 3590 719 aurum

2013 739 2070 795 in
2119 757 2215 796 sua
2267 755 2461 800 natura
2503 748 2673 804 fuisse
2721 751 2934 819 laesum,
2979 769 3105 812 cum
3143 755 3473 825 jampridem
3523 759 3596 812 sit

2013 847 2206 891 notum
2230 838 2366 894 illud
2386 852 2582 898 natura
2605 860 2718 899 non
2741 861 2902 915 posse
2923 847 2977 901 in
3001 849 3190 917 pejora
3211 851 3592 915 transmutari;

2013 931 2112 985 sed
2143 947 2322 1002 neque
2364 935 2588 990 aliunde
2627 938 2918 1007 quisquam
2952 940 3084 995 illud
3111 957 3179 996 ex
3208 942 3594 997 circumdante

2011 1022 2133 1078 luto
2184 1024 2538 1083 factumesse
2589 1029 2740 1083 nudo
2787 1046 2926 1085 auro
2971 1033 3168 1088 melius
3226 1034 3592 1089 existimabit.

2014 1114 2174 1180 Quod
2199 1118 2348 1173 enim
2358 1120 2528 1174 semel
2549 1129 2635 1175 est
2660 1122 2958 1187 melius,ex
2973 1126 3347 1195 assumptione
3365 1127 3592 1197 pejoris,

2015 1224 2297 1278 nunquam
2341 1212 2522 1281 seipse
2554 1213 2753 1268 melius
2784 1215 3084 1270 videbitur.
3135 1217 3242 1273 Sed
3265 1219 3372 1273 hoc
3409 1219 3595 1275 dicere

2013 1314 2218 1354 vanum
2266 1309 2384 1381 est;
2422 1319 2592 1372 quare
2618 1304 2766 1359 dicta
2800 1305 3093 1362 suﬂiciant.

2083 1459 2360 1544 Quantum
2384 1477 2450 1532 ad
2472 1486 2710 1534 vestram
2731 1481 3060 1535 sententiam
3080 1496 3187 1550 qua
3211 1457 3398 1536 dicitis
3420 1489 3594 1535 totum

1988 1568 2102 1638 vel
2152 1568 2350 1623 melius
2397 1570 2485 1624 vel
2533 1571 2692 1641 pejus
2743 1586 2866 1626 esse
2916 1571 3033 1626 suis
3087 1571 3358 1641 partibus,
3410 1580 3596 1627 vestra

2014 1658 2262 1727 exempla
2307 1658 2455 1713 aliud
2504 1660 2888 1717 demonstrant
2930 1662 3038 1716 nisi
3094 1662 3148 1716 id
3188 1663 3336 1732 quod
3369 1663 3592 1718 dicitis:

2016 1747 2208 1803 dicunt
2232 1751 2379 1805 enim
2401 1752 2649 1809 absolute
2671 1769 2833 1809 omne
2857 1755 3225 1824 compositum
3259 1771 3383 1810 esse
3397 1755 3597 1810 melius

2017 1839 2131 1893 suis
2160 1841 2438 1910 partibus;
2475 1844 2761 1899 meliorem
2809 1861 2930 1901 esse
2963 1847 3187 1900 domum
3237 1846 3513 1915 lapidibus
3539 1854 3595 1899 et

331 1929 495 1984 λίθων
526 1949 584 1984 τε
625 1933 734 2004 γὰρ
781 1935 877 1987 καὶ
923 1933 1104 1998 ξύλων
1143 1936 1430 2006 κρείττονα
1467 1938 1560 1991 τὸν
1595 1935 1745 1992 οἰκον
1769 1979 1784 2004 ,
1817 1939 1910 1994 καὶ

2020 1931 2198 2000 lignis,
2257 1935 2490 1990 aulaeum
2545 1937 2742 1992 melius
2787 1953 2910 1992 esse
2959 1954 3229 2008 purpura,
3279 1937 3514 1992 coccino
3537 1948 3594 1990 et

331 2023 621 2093 πορφύρας
701 2025 791 2078 καὶ
862 2026 1117 2080 κοκκίνου
1195 2028 1292 2081 καὶ
1356 2028 1556 2100 βύσσου
1611 2031 1672 2083 τὸ
1741 2049 1913 2085 κατα-

331 2118 588 2183 πέτασμα
656 2118 748 2171 καὶ
803 2118 980 2191 ψυχῆς
1043 2121 1139 2175 καὶ
1188 2121 1441 2193 σώματος
1491 2124 1584 2178 τὸν
1625 2125 1910 2195 ἄνθρωπόν

332 2231 490 2284 φησι.
541 2211 930 2283 Συγχωρητέον
1008 2211 1102 2267 οὖν
1173 2213 1306 2285 ὑμῖν
1381 2215 1479 2270 καὶ
1562 2218 1682 2270 τόδε
1715 2234 1730 2248 ·
1791 2213 1912 2272 εἶτα

337 2310 534 2378 ῥητέον
565 2310 639 2373 ὡς
670 2310 820 2363 ἐστιν
845 2310 1017 2374 ὅντως
1045 2311 1140 2364 καὶ
1172 2310 1334 2365 τοῦτο
1371 2313 1568 2384 ἀληθὲς
1598 2314 1690 2367 ὲπί
1724 2331 1906 2368 τινωνο

334 2396 451 2451 ἀλλ’
476 2398 575 2451 οὐκ
612 2398 723 2454 ίστε
771 2398 920 2463 ὅπως
961 2400 1130 2464 ἐστὶν,
1162 2402 1210 2453 εἰ
1239 2401 1335 2454 καὶ
1354 2403 1436 2455 ὅτι
1466 2402 1617 2467 ἐστι,
1654 2405 1754 2457 οὐκ
1793 2400 1910 2458 οἶδα

334 2488 454 2552 πῶς
512 2489 740 2560 ἔγνωτε..
775 2489 913 2543 Τότε
966 2491 1074 2563 γάρ
1125 2493 1377 2562 κρεῖττόν
1410 2493 1529 2547 ἐστι
1563 2494 1624 2548 τὺ
1650 2495 1769 2548 ὅλον
1799 2495 1910 2548 τῶν

329 2581 547 2636 οἰκείων
597 2582 779 2654 μερῶν
838 2583 1100 2647 ἑκάστου,
1136 2585 1224 2637 ὅτε
1278 2584 1372 2637 ἐπὶ
1413 2588 1480 2656 τῇ
1523 2586 1773 2639 συνθέσει
1818 2588 1912 2641 καὶ

330 2672 519 2743 ἕτερον
549 2691 600 2726 τι
627 2675 809 2736 αὐτοῖς
834 2675 1040 2745 σχῆμα,
1064 2673 1096 2746 ἢ
1122 2675 1296 2741 ποιὸν,
1327 2676 1361 2746 ἢ
1398 2673 1538 2740 εἶδός
1564 2695 1618 2730 τι
1656 2678 1910 2747 ἐπιγίνε-

332 2782 427 2819 ται
457 2783 470 2797 ·
514 2767 570 2818 ὲν
617 2764 795 2818 οὐδενὶ
849 2761 1188 2837 αὑτῶνῆνῆ
1247 2766 1418 2830 ἐστιν,
1455 2766 1593 2819 ἀλλὰ
1639 2765 1913 2821 καὶκατὰ

334 2858 629 2928 πρόσθεσιν
656 2859 809 2927 παρὰ
840 2858 909 2911 τὰ
941 2857 1050 2910 τῶν
1082 2859 1266 2928 μερῶν
1307 2857 1420 2929 είδη
1455 2857 1633 2910 πάντα
1666 2859 1862 2928 ὁρᾶται
1894 2874 1910 2890 ⁸

331 2948 468 3017 τῷδε
496 2943 592 3002 οῦν
623 2948 940 3002 πλεονεκτεῖ
966 2950 993 3001 ὁ
1015 2942 1163 3010 οἶκος
1199 2947 1339 3017 ὑπὲρ
1376 2947 1474 3017 τὴν
1500 2947 1609 2999 τῶν
1634 2946 1796 2999 λίθων
1818 2945 1914 2998 καὶ

335 3037 506 3103 ξύλων
537 3037 700 3105 φύσιν
727 3038 788 3090 τὸ
833 3039 1022 3106 σχῆμα
1075 3037 1238 3108 ἔχων,
1272 3038 1365 3090 καὶ
1411 3037 1623 3091 τοιάνδε
1651 3035 1822 3102 θέσιν,
1847 3036 1914 3105 ἢν

334 3129 456 3184 οὐδὲ
519 3129 672 3194 ξύλον
727 3129 847 3182 οὐδὲ
889 3128 1036 3193 λίθος
1093 3128 1198 3200 ἰδίᾳ
1229 3145 1242 3158 ⁸
1273 3129 1333 3181 οὐ
1384 3127 1567 3198 μέντοι
1626 3128 1913 3196 κρείττονα

336 3221 530 3291 ἑτέραν
558 3221 721 3291 φύσιν
745 3221 864 3274 οὐδὲ
892 3215 1045 3284 οὗτος
1071 3220 1185 3292 ἔχει
1206 3235 1220 3251 ο
1249 3220 1450 3291 ὁμοίως
1471 3220 1529 3273 δὲ
1546 3221 1640 3274 καὶ
1659 3221 1720 3273 τὸ
1747 3238 1917 3273 κατα-

336 3313 619 3383 πέτασμα,
647 3313 824 3382 πλοκῇ
857 3312 951 3365 καλ.
980 3311 1226 3364 συνθέσει
1258 3311 1427 3364 τῶνδε
1469 3311 1579 3365 τῶν
1607 3313 1916 3382 χρωμάτων

336 3409 474 3478 πρὸς
532 3406 738 3473 ἄλληλα
783 3406 1046 3477 ὑπερέχει
1096 3403 1205 3457 τῶν
1265 3404 1383 3458 καθ’
1414 3405 1554 3458 αὖτᾶ
1606 3405 1917 3458 ἀσυνθέτων

337 3500 589 3554 ἑκάστου.
630 3500 704 3553 Οὐ
740 3500 848 3568 γὰρ
909 3497 1206 3568 χρώματος
1257 3496 1431 3551 ἁπλοῦ
1491 3497 1634 3566 λόγῳ
1673 3497 1918 3567 κρεῖττόν

337 3593 456 3644 ἐστι
495 3591 606 3644 τῶν
639 3591 784 3645 ἰδίων
822 3591 1041 3644 πάντων
1065 3591 1422 3660 χρωμάτων·
1454 3589 1550 3642 καὶ
1578 3590 1605 3642 ὁ
1633 3589 1921 3658 ἄνθρωπος

339 3683 396 3737 δὲ
424 3683 514 3736 ἵνα
564 3684 661 3737 καὶ
687 3683 815 3754 δοθῇ
847 3684 975 3752 ὑμῖν
1023 3683 1284 3752 κρείττων
1333 3681 1512 3752 ψυχῆς
1549 3684 1662 3745 τοῖς
1700 3681 1792 3734 διὰ
1821 3681 1922 3753 τὴν

336 3777 447 3831 τῶν
471 3777 688 3830 οἰκείων
716 3776 1002 3846 δογμάτων
1027 3776 1282 3829 σύστασιν
1313 3779 1487 3828 πάντα
1510 3773 1584 3837 ὡς
1610 3773 1765 3843 ἔτυχε
1791 3790 1922 3843 προ-

338 3867 712 3941 ομολογοῦσιν,
745 3868 837 3921 ἐπὶ
863 3870 926 3938 τῇ
960 3868 1205 3920 συνθέσει
1250 3865 1567 3935 καινοτέρας
1592 3864 1744 3928 τινὰς
1773 3864 1922 3936 τιαρᾶ

335 3960 516 4032 ψυχήν
556 3978 614 4015 τε
645 3960 736 4014 καὶ
791 3961 948 4030 σῶμα
993 3960 1262 4030 ἰδιότητας
1295 3963 1532 4027 φυσικάς
1581 3958 1925 4028 προΐσχεται.

338 4053 403 4106 Εἰ
431 4049 526 4106 οὖν
575 4052 786 4106 καὶτοῦ
839 4052 999 4120 λόγου
1058 4052 1285 4121 καὶτῆς
1329 4051 1532 4122 σαρκὸς
1573 4049 1925 4119 συντεθείσης

336 4143 483 4197 ἔστιν
513 4144 730 4214 άληθῶς
753 4162 804 4197 τι
831 4145 960 4197 ἰδεῖν
993 4143 1308 4213 καινότερον
1347 4143 1542 4214 ἰδίωμα
1579 4141 1798 4210 φύσεως
1830 4143 1925 4196 καὶ

340 4230 399 4281 ὲν
427 4230 645 4301 Χριστῷ
680 4232 832 4300 παρᾶ
867 4231 935 4284 τὰ
960 4231 1077 4284 θεῖα
1105 4231 1200 4284 καὶ
1227 4230 1564 4300 ἀνθρώπινα,
1593 4230 1826 4294 δεόντως
1860 4231 1926 4285 ἂν

340 4319 464 4372 καθ’
494 4321 636 4389 ὑμᾶς
659 4324 905 4390 κρεῖττον
934 4321 1042 4372 τῶν
1064 4319 1246 4392 μερῶν
1263 4321 1353 4373 καὶ
1376 4319 1436 4372 τὸ
1458 4321 1580 4372 κατ’
1603 4320 1765 4374 αὐτὸν
1789 4320 1926 4374 ἁπο-

340 4410 582 4482 τὲλεσμα
609 4410 734 4481 ὲροῦ
743 4428 842 4481 μεν
865 4429 879 4477 ;
899 4411 960 4464 Εἰ
983 4411 1039 4464 δὲ
1062 4411 1212 4464 οὐδὲν
1234 4411 1371 4483 πλὴν
1393 4411 1502 4464 τῶν
1529 4411 1707 4464 αὐτῶν
1730 4414 1924 4483 ὁρᾶται

345 4500 548 4571 μερῶν,
568 4501 685 4563 πῶς
705 4501 798 4553 ἐπὶ
825 4504 935 4564 τοῖς
965 4503 1147 4564 αὐτοῖς
1169 4503 1226 4554 ού
1253 4503 1312 4554 τὸ
1338 4502 1578 4571 ἰσότιμον
1605 4501 1924 4573 δοξάσομεν,

340 4593 480 4648 ἀλλὰ
512 4593 572 4645 τὺ
603 4595 849 4663 κρεῖττον
879 4593 974 4646 τοῦ
1011 4593 1132 4646 ὅλου
1167 4595 1302 4664 πρὸς
1336 4595 1406 4648 τὰ
1447 4594 1587 4665 μέρη
1616 4595 1684 4649 τὰ
1718 4594 1919 4664 αὑτοῦ;
1958 4611 1999 4664 ι)

935 4709 981 4761 Κ
989 4709 1184 4762 ΕΦΑΛ.
1231 4709 1356 4763 ΝΒ’.

431 4799 569 4853 Ἀλλ’
595 4801 685 4854 ἵνα
743 4801 990 4871 συνήθως
1051 4803 1144 4854 καὶ
1177 4802 1444 4872 ἐτεράττα
1483 4801 1612 4864 ἴσως
1649 4802 1922 4873 δυνάμενα

342 4893 696 4963 ἐπινοηθῆναι
750 4895 866 4956 τοῖς
923 4892 1286 4959 ἀντιλέγουσι,
1330 4894 1510 4948 πάντα
1556 4893 1922 4963 προλαϐόντες

340 4982 504 5052 ἡμεῖς
539 4983 907 5052 γυμνάσωμεν
971 4982 1253 5053 (ἀληθείας
1301 4983 1409 5054 γὰρ
1440 4985 1574 5055 ἡμῖν
1612 4987 1676 5038 ἐκ
1707 4985 1925 5048 ,παντὸς

341 5074 439 5127 καὶ
471 5073 533 5125 οὐ
573 5073 729 5144 νίκης
763 5074 982 5134 πάντως
1004 5073 1038 5143 ἡ
1078 5072 1307 5142 ἔφεσις),
1338 5073 1432 5125 καὶ
1456 5073 1584 5126 τάδε
1617 5075 1752 5144 πρὸς
1783 5077 1928 5127 τοῖσ-

341 5162 403 5216 δε
453 5164 628 5215 εἰπεῖν
675 5163 752 5233 μὴ
801 5163 1230 5234 παραλείψωμεν
1260 5182 1272 5196 ·
1304 5164 1366 5217 τὸ
1407 5165 1465 5232 εξ
1515 5165 1928 5235 ἀνομοιομερῶν

341 5254 463 5308 ὅλον
494 5256 905 5325 συνιστάμενον,
934 5256 1120 5327 ἕτερόν
1147 5273 1265 5320 πως
1293 5255 1401 5310 τῶν
1434 5257 1580 5310 ἰδίων
1607 5258 1788 5327 μερῶν
1814 5260 1928 5311 ἐστι

340 5349 424 5419 τῷ
451 5366 508 5401 τε
543 5349 928 5421 συνθετωτέρῳ
949 5350 1043 5404 καὶ
1063 5349 1440 5423 ποικιλωτέρῳ
1459 5351 1554 5403 καὶ
1579 5350 1697 5403 τελε
1708 5352 1922 5421 ιοτέρῳ,

343 5441 440 5494 καὶ¹
466 5441 902 5512 παραλλάττοντι
963 5441 1097 5512 πρὸς
1132 5443 1370 5511 ἑκάτερα
1406 5443 1548 5514 μέρη
1604 5442 1698 5496 τοῦ
1742 5443 1928 5504 ἁπλῶς

343 5534 611 5605 διαφοράν
658 5550 782 5588 τινα
849 5534 983 5605 πρὸς
1016 5533 1086 5588 τά
1132 5535 1306 5588 οἰκεία
1349 5533 1491 5605 μέρη
1535 5533 1882 5605 κτησάμενον
1912 5549 1924 5559 ·

344 5626 604 5694 καθάπερ
651 5627 707 5680 ἐν
738 5627 1019 5699 φαρμάκῳ
1061 5627 1153 5680 καὶ
1182 5625 1314 5696 οἴκῳ
1345 5626 1441 5678 κατ⁹
1471 5625 1658 5697 μύδρῳ
1701 5625 1795 5678 καὶ
1834 5625 1931 5678 ἁν-

347 5719 554 5792 θρώπῳ
584 5721 823 5792 ὁρῶμεν.
857 5723 899 5775 Τ
903 5721 946 5792 ᾧ
966 5740 1025 5776 τε
1058 5724 1168 5794 γάρ
1203 5723 1266 5774 ἐκ
1296 5721 1602 5792 χαλκίτιδος
1628 5724 1724 5775 καὶ
1751 5722 1932 5776 ἐλαίου

351 5812 681 5883 συνθέματι,
703 5814 983 5886 τρέφουσα
1005 5815 1074 5870 τὰ
1107 5815 1262 5868 κοῖλα
1292 5814 1400 5867 τῶν
1430 5813 1602 5868 ἑλκῶν
1642 5832 1933 5885 προσμαρο

346 5907 593 5979 τυρεῖται
641 5906 888 5978 δύναμις,
916 5908 1091 5981 ἤνπερ
1148 5908 1427 5980 οὐδέτερον
1471 5909 1579 5962 τῶν
1626 5910 1746 5963 κατ’
1799 5908 1931 5962 αὐτὸ

2016 2021 2200 2093 bysso,
2247 2034 2304 2079 et
2350 2025 2632 2082 hominem
2681 2028 2966 2083 meliorem
3010 2028 3193 2083 anima
3239 2037 3296 2083 et
3335 2043 3590 2097 corpore.

2015 2109 2129 2170 Hoc
2159 2116 2316 2171 vobis
2345 2127 2430 2173 est
2459 2120 2898 2184 concedendum,
2934 2119 3136 2175 deinde
3166 2121 3463 2176 dicendum
3488 2121 3594 2174 hoc

2012 2218 2134 2260 esse
2171 2221 2362 2275 reapse
2406 2223 2595 2263 verum
2635 2209 2691 2263 in
2726 2210 3037 2280 aliquibus;
3071 2211 3169 2266 sed
3197 2211 3426 2265 nescitis
3453 2226 3582 2280 quo-

2013 2296 2200 2362 modo,
2228 2313 2330 2352 nec
2365 2299 2482 2353 scio
2513 2302 2792 2369 quomodo
2817 2302 3005 2357 sciatis
3032 2318 3223 2357 verum
3258 2317 3400 2356 esse.
3441 2302 3597 2355 Tune

2011 2390 2158 2444 enim
2185 2392 2383 2446 melius
2415 2402 2499 2448 est
2535 2402 2709 2449 totum
2734 2395 2968 2466 singulis
2997 2397 3114 2451 suis
3151 2396 3424 2466 partibus,
3467 2411 3594 2449 cum

2011 2497 2077 2535 ex
2107 2485 2511 2553 compositione
2547 2486 2656 2543 illis
2702 2503 2904 2541 novum
2947 2488 3080 2558 quid
3114 2488 3348 2552 accedit,
3377 2487 3492 2542 sive
3539 2487 3601 2539 ﬁ—

2013 2585 2168 2639 gura,
2211 2573 2327 2625 sive
2374 2573 2634 2640 qualitas,
2683 2575 2798 2629 sive
2849 2591 3054 2646 genus:
3104 2576 3159 2630 in
3208 2576 3358 2630 nulla
3407 2592 3598 2630 earum

2013 2669 2152 2726 erat,
2183 2677 2363 2731 neque
2394 2674 2499 2728 est,
2532 2665 2629 2721 sed
2656 2681 2757 2736 per
2789 2669 3250 2738 compositionem
3283 2678 3439 2724 extra
3469 2686 3599 2740 par-

2017 2760 2152 2814 tium
2182 2777 2380 2831 genera
2413 2775 2710 2838 apparent;
2746 2783 2925 2836 eoque
2968 2775 3193 2837 pnestat
3238 2751 3436 2824 domus
3465 2769 3605 2838 lapi-

2014 2847 2145 2901 dum
2178 2859 2234 2903 et
2266 2850 2536 2920 lignorum
2563 2864 2783 2915 natura,
2835 2854 2981 2924 quod
3012 2854 3242 2924 ﬁguram
3274 2866 3331 2910 et
3359 2855 3599 2924 disposi-

2017 2942 2221 2995 tionem
2253 2942 2419 2996 habet
2463 2960 2600 3012 quas
2624 2961 2726 2999 nec
2757 2945 2989 3015 lignum,
3031 2962 3133 3001 nec
3181 2947 3323 3017 lapis
3344 2947 3600 3015 privatim

2016 3031 2202 3097 habet,
2247 3050 2356 3088 non
2406 3048 2586 3090 tamen
2636 3037 2802 3091 aliam
2851 3038 3136 3092 meliorem
3207 3046 3464 3092 naturam
3508 3037 3601 3092 illa

2017 3125 2213 3192 habet;
2242 3128 2498 3183 similiter
2525 3130 2782 3194 aulteum,
2809 3145 2908 3199 per
2939 3139 3212 3185 texturam
3242 3139 3297 3184 et
3333 3130 3601 3200 conjunc-

2019 3219 2222 3273 tionem
2249 3221 2516 3287 colorum,
2545 3231 2765 3292 praestat
2787 3238 3011 3293 quoque
3031 3238 3224 3277 eorum
3247 3222 3301 3277 in
3333 3238 3393 3278 se
3416 3237 3604 3292 sump-

2020 3317 2199 3368 torum
2244 3321 2300 3364 et
2332 3319 2488 3365 extra
2525 3303 3014 3382 conjunctionem;
3057 3329 3170 3367 non
3203 3314 3352 3367 enim
3389 3315 3604 3368 ratione

2019 3401 2345 3470 simpliciter
2368 3403 2574 3458 coloris
2594 3404 2827 3474 singulis
2851 3405 3131 3460 coloribus
3160 3413 3403 3475 praestat.
3428 3405 3604 3459 llomo

2019 3510 2259 3564 quoque,
2285 3504 2346 3550 ut
2375 3495 2532 3551 vobis
2561 3498 2899 3551 concedatur
2935 3512 3062 3551 cum
3097 3496 3282 3550 anima
3323 3497 3602 3550 meliorem

2020 3602 2162 3651 esse,
2238 3589 2499 3656 quoniam
2568 3588 2634 3642 ad
2702 3588 3028 3643 stabilienda
3083 3597 3267 3641 vestra
3329 3587 3601 3657 dogmata.

2021 3678 2205 3732 omnia
2236 3678 2565 3748 proﬁtemini
2591 3687 2650 3733 ut
2675 3679 2897 3741 accidit.
2917 3695 2985 3734 ex
3008 3679 3410 3749 compositione
3436 3695 3608 3734 novas

2023 3764 2283 3832 quasdam
2339 3767 2620 3822 naturales
2667 3768 3034 3837 proprietates
3089 3777 3243 3824 extra
3301 3785 3504 3839 corpus
3551 3781 3608 3822 et

2024 3855 2262 3910 animam
2292 3859 2559 3929 acquirit:
2602 3859 2657 3913 in
2693 3859 2914 3915 Christo
2948 3860 3134 3930 igitur,
3171 3861 3218 3914 si
3253 3875 3382 3914 vere
3409 3869 3494 3914 cst
3521 3867 3605 3913 to-

2026 3955 2140 4001 tum
2170 3963 2236 4002 ex
2273 3949 2453 4005 Verbo
2491 3960 2548 4005 et
2584 3965 2749 4006 carne
2793 3952 3088 4022 conjuncta
3123 3959 3384 4005 constans
3418 3965 3609 4020 quam-

2027 4056 2150 4094 nam
2176 4056 2373 4094 novam
2400 4043 2790 4111 proprietatem
2812 4043 3146 4108 naturalem,
3172 4051 3372 4112 prmter
3393 4041 3608 4096 divinas

2025 4141 2081 4187 et
2107 4132 2375 4187 humanas
2405 4132 2674 4196 dicemus.
2709 4150 2835 4189 cum
2871 4135 3177 4189 secundum
3214 4150 3310 4189 vos
3341 4144 3515 4190 totum
3551 4134 3606 4187 in

2026 4240 2087 4280 se
2117 4235 2200 4279 est
2226 4225 2422 4283 melius
2446 4226 2562 4280 suis
2587 4226 2878 4296 partibus?
2913 4226 3070 4292 Quod
3094 4226 3140 4280 si
3166 4226 3306 4280 nihil
3333 4226 3610 4280 invenitur

2028 4326 2226 4388 praeter
2281 4326 2466 4387 partes
2515 4319 2685 4388 ipsas.
2739 4320 3028 4388 quomodo
3076 4333 3188 4372 non
3240 4319 3610 4389 glorificamus

2027 4409 2173 4479 quod
2197 4411 2484 4479 aequaliter
2520 4411 2574 4464 in
2611 4411 2720 4466 illis
2744 4419 2829 4466 est
2855 4411 3263 4476 honorandum,
3288 4411 3384 4465 sed
3412 4411 3610 4466 melius

2032 4501 2200 4556 totius
2231 4503 2442 4557 relativi
2471 4504 2538 4558 ad
2571 4519 2700 4556 suas
2731 4505 2952 4573 partes?

2674 4705 2827 4761 CAP.
2866 4707 2972 4762 LII.

2099 4795 2205 4850 Sed
2252 4813 2402 4852 more
2447 4798 2611 4852 solito
2658 4799 2908 4868 quaedam
2965 4799 3279 4856 refellamus
3339 4800 3444 4854 alia
3491 4817 3614 4870 qua:

2028 4887 2361 4944 adversariis
2399 4890 2454 4944 in
2501 4903 2743 4945 mentem
2790 4891 2980 4945 venire
3027 4898 3273 4960 possent,
3331 4890 3463 4960 quia
3508 4906 3610 4942 nos

2029 4990 2189 5053 urget
2216 4981 2483 5048 veritatis,
2528 4999 2639 5037 non
2669 4992 2852 5038 autem
2887 4991 3096 5036 tantum
3129 4980 3373 5036 victoria:
3432 4996 3609 5034 amor.

2031 5072 2142 5126 Nec
2176 5073 2500 5128 omittamus
2521 5073 2638 5127 haec
2669 5082 2793 5142 post
2828 5073 2919 5126 illa
2947 5071 3168 5125 dicere:
3205 5070 3404 5124 Totum
3439 5069 3612 5137 parti—

2032 5165 2137 5220 bus
2193 5165 2432 5220 divcrsis
2476 5175 2794 5219 concretum
2850 5162 2999 5217 aliud
3047 5162 3192 5216 forte
3243 5171 3328 5216 est
3385 5177 3449 5215 ac
3494 5162 3615 5229 ejus

2031 5267 2219 5328 partes
2261 5268 2317 5314 et
2353 5274 2420 5312 eo
2465 5257 2614 5326 quod
2657 5258 2976 5311 concretius
3012 5263 3099 5309 est
3147 5264 3204 5309 et
3252 5253 3400 5323 quod
3443 5269 3616 5323 magzs

2033 5351 2244 5404 varium
2295 5360 2350 5405 et
2395 5348 2543 5419 quod
2588 5347 2910 5417 perfectius,
2943 5347 3123 5415 aliqua
3155 5362 3186 5398 a
3224 5345 3461 5414 propriis
3490 5351 3624 5414 parv'

2037 5444 2185 5498 tibus
2234 5443 2555 5498 diversitate
2603 5450 2822 5509 recepta
2860 5455 2968 5510 qua
3009 5453 3344 5508 unaquaque
3375 5437 3624 5507 simplici'

2035 5538 2276 5606 partium
2325 5543 2568 5604 praestat,
2607 5533 2754 5589 sicut
2781 5533 2836 5586 in
2867 5532 3296 5595 medicamento,
3336 5532 3392 5585 in
3425 5531 3614 5589 domo.

2038 5627 2093 5681 in
2139 5626 2308 5698 ignito
2359 5625 2526 5689 ferro,
2574 5625 2628 5678 in
2669 5623 2895 5679 homine
2941 5623 3227 5689 videmus;
3274 5637 3514 5692 namque
3558 5620 3615 5675 in

2039 5718 2435 5788 compositione
2477 5715 2705 5772 cadmia:
2737 5723 2794 5770 et
2823 5717 2953 5779 olei,
2987 5716 3372 5770 manifestatur
3410 5716 3464 5768 in
3508 5729 3628 5767 ιιιι--ν

2040 5810 2274 5866 tricndis
2326 5808 2615 5864 vulnerum
2678 5807 3037 5861 interioribus
3099 5806 3372 5876 partibus,
3438 5804 3620 5859 virtus

2039 5920 2203 5977 quam
2239 5912 2431 5958 neutra
2462 5901 2698 5973 partium
2723 5901 2778 5956 in
2811 5917 2868 5956 se
2893 5909 3088 5959 natura
3118 5900 3388 5968 habebat;
3422 5895 3621 5953 domus
