4116 6490
556 503 692 570 1519

1812 500 2123 562 LEONTII
2166 495 2583 558 BYZANTINI’

3714 474 3736 537 l
3748 476 3854 539 520

553 619 761 690 pariter
791 616 964 686 ﬁgura
1005 628 1061 672 et
1095 615 1308 686 species
1339 614 1580 684 lapidum
1617 623 1673 670 et
1707 614 1983 684 lignorum
2016 627 2171 681 spe-i

2271 611 2426 682 ιερῶν
2485 605 2597 678 εἶχε
2647 605 2786 660 κατὰ
2841 619 3004 673 φυσιν
3034 599 3279 670 ’ὁμοίως
3324 614 3383 650 τε
3441 595 3511 647 τὸ
3565 592 3670 646 τοῦ
3702 593 3856 644 οῐκου

555 712 696 764 ciem
718 718 974 777 superat;
1000 709 1092 762 hic
1111 722 1330 776 quoque
1353 708 1597 760 occurrit
1620 705 1861 760 hominis
1887 703 2138 759 deﬁnitio

555 798 767 868 aliquid
799 797 1304 866 ampliusﬁﬁerens
1332 796 1529 850 anima:
1557 805 1616 850 et
1643 795 1896 865 corporis
1939 793 2140 849 deﬁni-

560 894 734 949 tione.
761 891 1152 945 mortalitatem
1178 889 1392 945 scilicet
1412 905 1535 962 quae
1557 889 1626 944 ad
1651 897 1904 944 neutram
1928 898 2142 958 partem

562 984 617 1038 in
664 1000 724 1039 se
776 993 1052 1052 sumptam
1111 984 1372 1054 pertinet,
1423 991 1484 1036 ut
1532 983 1696 1037 etiam
1752 982 2142 1047 risibilitatem,

561 1075 906 1131 tlebilitatem
931 1084 988 1129 et
1017 1075 1220 1130 similia
1247 1073 1378 1128 hinc
1402 1075 1657 1144 propria;
1690 1072 2044 1128 manifestum
2063 1082 2149 1127 est

563 1177 749 1224 autem
819 1167 1062 1223 hominis
1114 1165 1285 1221 totius
1334 1166 1715 1221 deﬁnitionem
1765 1174 1822 1220 et
1875 1165 2147 1218 rationem

563 1260 880 1318 necessario
899 1259 1167 1316 excedere
1200 1259 1698 1314 consubstantialia
1729 1258 1968 1328 partium
2003 1256 2148 1327 ejus,

564 1354 620 1408 id
658 1363 743 1410 est
779 1354 994 1408 animas
1024 1361 1079 1408 et
1106 1367 1341 1422 corpora
1376 1352 1432 1406 in
1463 1367 1524 1408 se
1553 1361 1806 1421 sumpta;
1839 1348 2153 1404 necessario

566 1462 790 1517 quoque
848 1462 1118 1501 numerus
1163 1462 1338 1500 :nam
1389 1446 1526 1500 illud
1578 1461 1742 1500 omne
1809 1444 2156 1500 numerabile

569 1539 716 1608 quod
746 1546 834 1593 est
865 1547 1060 1592 totum.
1097 1537 1152 1592 Si
1183 1553 1315 1608 ergo
1356 1546 1540 1607 partes
1567 1546 1624 1592 et
1648 1545 1822 1591 totum
1851 1537 1905 1590 in
1935 1536 2156 1591 Christo

571 1630 782 1692 dicitis,
815 1630 1095 1700 inquiunt,
1145 1629 1608 1700 quemadmodum
1653 1645 1719 1684 ex
1740 1629 1898 1684 vobis
1931 1629 2157 1699 quidam

576 1721 761 1775 dicere
797 1730 926 1776 sunt
963 1721 1319 1790 deprehensi,
1354 1722 1536 1791 primo
1567 1721 1792 1792 quidem
1821 1730 1996 1776 totum
2023 1721 2158 1774 illud

573 1813 854 1867 diversum
905 1814 1011 1867 erit
1042 1829 1072 1867 a
1103 1814 1392 1868 divinitate
1421 1823 1478 1869 et
1507 1815 1875 1880 humanitate,
1908 1814 2159 1884 partibus

575 1907 716 1976 ejus,
745 1913 806 1958 ut
835 1906 1210 1970 ostendimus;
1231 1906 1455 1970 dei-nde,
1485 1922 1596 1961 non
1620 1918 1828 1977 posset,
1853 1906 2155 1961 secundum

2243 703 2430 772 σχῆμα
2466 701 2561 755 καὶ
2594 700 2757 763 εἶδος,
2788 695 2882 750 τοῦ
2914 713 2973 748 τε
2999 694 3108 747 τῶν
3138 694 3197 744 ὲν
3228 689 3376 760 αὐτῷ
3409 688 3594 740 λίθων
3627 685 3730 756 κσζί⁵
3771 684 3859 746 ξύ-

2241 795 2350 848 λων
2383 793 2766 864 παρήλλακται
2793 807 2808 822 σ
2843 788 3169 857 ὲπεισῆκται
3193 784 3303 853 γὰρ
3333 781 3563 842 τούτοις
3599 781 3702 832 καὶ
3737 777 3860 830 τόδε

2243 884 2400 939 τοῦδε
2437 881 2729 955 ἀνθρώπου
2756 885 2784 936 ὁ
2810 882 2956 952 ὅρος,
2993 877 3086 931 τοῦ
3111 894 3172 930 τε
3206 874 3463 946 σώματος
3506 873 3610 924 καὶ
3636 869 3736 922 τοῦ
3762 868 3860 938 τῆς

2245 977 2426 1047 ψυχῆς
2454 977 2578 1047 ὅρου
2608 974 2793 1028 πλεῖόν
2819 991 2870 1026 τι
2905 971 3201 1031 δείκνυσιν,
3224 961 3336 1020 οἷον
3363 965 3430 1018 τὸ
3453 962 3691 1034 θνητὸν,
3724 962 3861 1034 ὅπερ

2247 1069 2423 1122 οὐδενὶ
2456 1069 2564 1120 τῶν
2597 1069 2718 1120 κατ’
2748 1065 2880 1119 αὐτὸ
2907 1062 3094 1134 μερῶν
3129 1061 3237 1131 ἰδίᾳ
3263 1055 3672 1129 προσάπτεται
3703 1070 3718 1083 ·
3756 1051 3862 1106 ῶσ-

2250 1177 2357 1230 περ
2409 1159 2529 1212 οὐδὲ
2576 1159 2637 1210 τὸ
2685 1155 3026 1225 γελαστικὸν,
3083 1152 3117 1221 ἢ
3191 1145 3558 1210 κλαυστικὸν,
3628 1143 3731 1198 καὶ
3794 1143 3862 1195 τὰ

2249 1251 2429 1306 τοιάδε
2509 1248 2673 1302 αὑτοῦ
2732 1247 2866 1301 ἴδια.
2935 1244 3108 1315 Δῆλον
3163 1242 3222 1296 δὲ
3277 1241 3360 1295 ὅτι
3425 1238 3532 1292 καὶ
3591 1236 3737 1307 πρὸς
3793 1236 3859 1288 τὰ

2249 1334 2360 1400 τῶν
2407 1343 2590 1415 μερῶν
2641 1341 2806 1396 αὐτοῦ
2860 1339 3175 1403 ἰδιαζόντως
3229 1335 3530 1407 ὁμοούσια,
3559 1335 3738 1404 ἤγουν
3765 1331 3861 1392 τὰς

2254 1437 2419 1498 ἄλλας
2443 1435 2619 1504 ψυχὰς
2651 1433 2755 1502 ἰδίᾳ
2778 1431 2874 1486 καὶ
2904 1430 3152 1499 σώματα,
3183 1425 3510 1495 ἀναγκαίως
3537 1422 3860 1495 παραλλάσ-

2258 1547 2342 1582 σοι
2393 1526 2458 1581 ἂν
2479 1530 2506 1580 ὁ
2549 1525 2644 1578 τοῦ
2671 1525 2792 1578 ὅλου
2825 1522 2990 1576 αὐτοῦ
3022 1519 3310 1592 ἀνθρώπου
3348 1519 3482 1588 ὅρος
3518 1518 3624 1570 καὶ
3654 1516 3812 1584 λόγος
3841 1531 3856 1546 ο

2257 1619 2316 1684 ἐξ
2345 1619 2588 1684 ἀνάγκης
2621 1617 2677 1669 δὲ
2710 1617 2804 1670 καὶ
2829 1617 2858 1668 ὁ
2886 1614 3122 1686 ἀριθμός
3150 1629 3164 1644 ο
3204 1610 3522 1683 ἀριθμητὸν
3567 1609 3682 1678 γὰρ
3723 1608 3858 1661 πάνυ

2257 1729 2367 1776 τως
2421 1711 2472 1764 τί
2523 1713 2690 1770 ἐστιν,
2723 1707 2869 1777 εἴγε
2915 1704 3165 1760 ὁπωσοῦν
3199 1705 3316 1756 ἐστί
3353 1721 3410 1756 τι
3447 1701 3513 1756 τὸ
3549 1702 3677 1754 ὅλον
3715 1699 3862 1768 λεγό-

2264 1822 2446 1876 μενον,
2483 1803 2547 1856 Ei
2580 1800 2673 1856 οὖν
2711 1802 2853 1872 μέρη
2882 1819 2940 1854 ιε
2969 1800 3157 1868 λέγετε
3184 1799 3279 1852 καὶ
3313 1797 3440 1849 ὅλον
3465 1795 3565 1848 ἐπὶ
3595 1791 3854 1864 Χριστοῦ,

2261 1892 2447 1955 καθώς
2499 1908 2645 1954 τινες
2699 1889 2855 1958 ὑμῶν
2899 1888 3316 1958 ἀπεφάνθησαν,
3353 1889 3525 1952 φαῖεν
3554 1885 3621 1938 ἄν
3658 1901 3673 1914 ’
3711 1883 3858 1935 ἔσται

578 1999 749 2052 totius
778 2000 1048 2054 rationein
1069 2000 1479 2064 connumerari,
1507 2009 1767 2070 tanquam
1791 1999 2158 2054 consubstan-

2271 1982 2477 2051 πρῶτον
2516 1982 2613 2050 μὲν
2649 1979 2907 2050 θεότητός
2963 1996 3022 2030 τε
3080 1977 3246 2047 οὔσης
3283 1977 3378 2029 καὶ
3428 1974 3858 2046 ἀνθρωπρτητος

576 2089 821 2152 tialibus,
849 2091 1084 2159 partium
1110 2106 1332 2145 suarum
1357 2091 1957 2157 consubstantialibus;
1981 2106 2160 2160 neque

579 2182 730 2236 Patri
783 2198 964 2251 neque
1016 2182 1179 2236 Matri
1230 2193 1426 2238 natura
1471 2183 1668 2238 similis
1719 2184 1831 2238 erit
1871 2183 2159 2245 Dominus,

580 2275 887 2328 secundum
923 2283 1100 2329 totum
1131 2277 1286 2345 ejus;
1319 2276 1416 2330 sed
1445 2293 1624 2345 neque
1675 2277 1731 2330 in
1765 2292 1998 2331 numero
2034 2276 2162 2329 Tri-

579 2365 770 2420 nitatis
795 2365 998 2420 divinae
1027 2368 1243 2422 ratione
1275 2368 1445 2423 totius
1487 2377 1547 2422 ut
1573 2369 1937 2423 numerabilis
1969 2369 2161 2432 totius,

583 2456 980 2525 comprehendi
1020 2467 1228 2527 posset,
1277 2460 1414 2527 quin
1449 2459 1878 2527 quaternitatem
1928 2458 2160 2524 eﬂiciat;

581 2549 731 2616 quod
763 2550 809 2602 si
842 2549 1096 2603 Trinitati
1129 2558 1584 2614 connumeretur,
1627 2566 1749 2604 eam
1781 2550 1884 2604 sibi
1917 2551 2028 2619 jam
2055 2566 2164 2604 non

583 2640 1109 2696 consubstantialem
1150 2642 1345 2705 faciet;
1405 2642 1500 2696 sed
1555 2642 1659 2696 etsi
1695 2642 1979 2696 hominum
2023 2643 2170 2696 mul-

584 2728 810 2784 titudini
855 2740 1263 2796 numeraretur,
1308 2747 1429 2787 eam
1475 2747 1584 2786 non
1627 2733 1854 2788 habebit
1883 2733 1990 2789 sibi
2031 2750 2169 2789 con.

587 2822 1014 2878 substantialem
1037 2824 1109 2878 ob
1131 2824 1383 2881 eamdem
1413 2824 1706 2880 rationem.

653 3088 764 3146 Sed
801 3089 1002 3155 sciant,
1036 3089 1083 3146 si
1113 3089 1229 3146 inec
1261 3090 1550 3146 nobiscum
1583 3089 1799 3155 dicunt,
1831 3089 2010 3160 primo
2043 3088 2170 3158 qui-

586 3182 712 3239 dem
741 3184 930 3238 Patres
962 3193 1204 3247 nostros,
1232 3182 1319 3237 his
1337 3183 1674 3244 nominibus,
1706 3182 1760 3236 id
1789 3191 1892 3246 est,
1920 3182 2170 3251 partibus

2262 2074 2370 2128 τῶν
2421 2075 2604 2145 μερῶν
2649 2073 2710 2125 τὸ
2759 2073 2875 2125 ὅλον
2907 2069 3098 2141 ἔτερόν
3135 2087 3187 2121 τι
3223 2067 3379 2139 παρὰ
3409 2067 3627 2130 ταύτας
3657 2062 3858 2117 δεικνύ-

2267 2184 2427 2237 μενον
2451 2167 2603 2236 ἡμῖν.
2636 2161 2772 2218 Εἶτα
2802 2163 2880 2229 δὲ,
2915 2161 3036 2215 οὔτε
3066 2162 3283 2215 δύναιτο
3308 2161 3399 2229 ἂν,
3433 2161 3583 2214 κατὰ
3632 2160 3724 2212 τὸν
3766 2157 3853 2209 τοῦ

2263 2258 2388 2310 ὅλου
2418 2258 2546 2328 ὅρον
2572 2255 2646 2319 ὡς
2684 2254 2994 2326 ὅμοουσίοις
3030 2253 3426 2307 συντάττεσθαι
3461 2254 3582 2315 τοῖς
3616 2253 3726 2304 τῶν
3766 2267 3853 2319 μευ

2268 2349 2376 2422 ρῶν
2430 2346 2907 2418 ὁμοουσίοις,ούτε
2965 2345 3045 2416 τῷ
3108 2347 3285 2417 Πατρὶ
3338 2344 3470 2398 οὕτε
3518 2347 3584 2414 τῇ
3624 2343 3851 2413 Μητρὶό

2268 2443 2469 2514 Κύριος
2499 2443 2684 2512 ὅμοιος
2726 2441 2881 2494 ἐσται
2928 2440 3107 2509 φύσει,
3142 2439 3282 2493 κατὰ
3335 2439 3403 2492 τὸ
3467 2439 3595 2492 ὅλον
3647 2434 3852 2496 ἑαυτοῦ,

2268 2538 2517 2592 ἀλλὀὐδὲ
2543 2537 2620 2607 τῷ
2648 2538 2746 2608 τῆς
2777 2536 2927 2599 θείας
2956 2535 3190 2605 Τριάδος
3222 2534 3450 2606 ἀριθμῷ
3481 2533 3628 2588 κατά
3656 2533 3746 2585 τὸν
3769 2530 3852 2583 τοῦ

2269 2631 2394 2684 ὅλου
2421 2631 2496 2693 ὡς
2528 2629 2650 2683 ὅλου
2703 2627 3011 2699 ἀριθμητοῦ
3073 2626 3252 2694 λόγον,
3286 2626 3670 2694 συλλογίζοιτο
3701 2623 3782 2685 ἂν,
3813 2621 3854 2675 εἰ

2272 2723 2350 2795 μὴ
2411 2718 2644 2794 τετράδα
2702 2725 2879 2775 ποιεῖ·
2912 2721 3038 2775 οὔτε
3096 2721 3152 2775 δὲ
3187 2719 3484 2792 ὁμοούσιον
3529 2720 3612 2773 ἔτι
3663 2719 3853 2784 ταύτην

2271 2817 2437 2885 ἑαυτῇ
2475 2817 2650 2886 πάντη
2683 2814 2908 2885 συναριο
2920 2814 3196 2884 μούμενος
3236 2812 3405 2876 δείξει
3445 2831 3460 2844 ·
3489 2810 3611 2866 ἀλλ’
3638 2808 3756 2864 οὐδὲ
3783 2805 3851 2873 τῷ

2270 2908 2373 2977 τῆς
2402 2906 2749 2978 ἀνθρωπείας
2779 2903 3019 2974 πληθύος
3047 2904 3332 2974 καταλόγῳ
3354 2905 3407 2958 εἰ
3435 2901 3812 2971 συναριθμοῖτο
3831 2935 3845 2959 ,

2270 2998 2557 3070 ὁμοούσιον
2585 2996 2698 3060 ἕξει
2733 2999 2842 3048 πᾶν
2875 2996 2990 3048 τόδε
3014 2996 3101 3048 διὰ
3134 2995 3201 3049 τὰ
3231 2984 3397 3051 αὐτὰ.

2357 3091 2500 3144 Ἀλλ’
2527 3091 2786 3150 ἴστωσαν,
2814 3089 2907 3142 καὶ
2936 3090 2985 3142 ei
3014 3086 3188 3142 ταῦτα
3220 3089 3353 3158 ἡμῖν
3382 3086 3693 3155 συνάγοιεν,
3713 3079 3848 3149 πρῶ·

2273 3201 2366 3237 τον
2399 3183 2499 3253 μὲν
2530 3183 2657 3244 τοὺς
2687 3181 2807 3234 καθ’
2838 3181 2986 3252 ἡμᾶς
3019 3181 3261 3250 πατέρας
3290 3179 3509 3242 τούτοις
3559 3172 3848 3247 χρήσασθαι

585 3282 644 3328 et
679 3281 815 3340 toto,
862 3273 930 3328 de
975 3273 1198 3328 Christo
1243 3273 1482 3328 Domino
1517 3281 1711 3327 nostro
1739 3287 1861 3326 esse
1905 3287 2053 3334 usos,
2101 3271 2167 3325 ad

2275 3277 2388 3336 τοῖς
2445 3276 2725 3344 ὀνόμασιν,
2756 3275 2924 3346 ἤγουν
2961 3273 3144 3345 μερῶν
3177 3274 3270 3325 καὶ
3313 3272 3468 3334 ὅλου,
3510 3270 3604 3324 ἐπὶ
3648 3266 3738 3321 τοῦ
3760 3268 3846 3317 Δε-

585 3365 978 3422 stabiliendam
1007 3375 1220 3420 tantum
1252 3363 1714 3434 compositionem
1739 3371 1794 3418 et
1818 3363 1884 3417 ad
1913 3363 2169 3433 rejicicn-

587 3458 711 3512 dam
744 3473 962 3512 omnem
1010 3457 1252 3526 speciem
1292 3455 1674 3525 cujuscunque
1729 3453 1951 3509 unionis
2011 3455 2173 3509 aliter

587 3547 909 3612 intellectui;
940 3554 1206 3617 praeterea
1258 3561 1444 3601 veram
1472 3546 1529 3600 in
1557 3545 1799 3610 Christo,
1831 3555 2059 3616 pr0pter
2088 3561 2176 3599 ra-

590 3641 797 3694 tionem
831 3638 1124 3708 utriusqne
1157 3653 1353 3692 eorum
1397 3655 1521 3708 qua:
1563 3639 1619 3693 in
1647 3655 1714 3694 eo
1751 3655 1873 3694 esse
1914 3639 2176 3694 dicuntur

589 3741 844 3787 naturam
875 3746 996 3786 esse
1037 3738 1094 3785 et
1123 3729 1358 3802 gratiam
1392 3740 1450 3786 et
1483 3732 1536 3785 in
1567 3731 1874 3786 naturalem
1916 3731 2175 3785 unionem

588 3837 946 3887 concurrere,
979 3823 1123 3877 sicut
1163 3832 1353 3892 partes
1385 3824 1712 3878 naturaliter
1751 3831 1926 3877 totum
1968 3825 2177 3878 consti-

593 3925 791 3980 tuunt;
842 3916 1089 3986 insuper,
1148 3931 1218 3970 ne
1272 3917 1364 3970 cui
1425 3916 1590 3972 detur
1641 3917 1800 3972 locus
1859 3917 2177 3987 suspicandi

590 4010 828 4065 alterum
872 4026 1068 4065 eorum
1109 4027 1232 4082 qua:
1265 4014 1476 4068 suntin
1503 4011 1727 4068 Christo
1769 4014 1944 4068 altero
1997 4015 2179 4070 minus

591 4117 736 4169 esse,
773 4104 900 4174 quia
936 4113 1112 4159 totum
1144 4121 1254 4160 non
1278 4113 1460 4175 potest
1490 4121 1798 4172 remanere,
1832 4107 2085 4177 partibus
2113 4108 2182 4162 ab

593 4192 833 4248 invicem
888 4193 1176 4264 separatis.
1217 4193 1374 4250 Sicut
1421 4203 1605 4250 autem
1641 4197 2095 4266 compositionem
2128 4205 2184 4252 et

594 4290 772 4338 totum
813 4293 871 4340 et
903 4284 1322 4354 permistionem
1376 4294 1433 4340 et
1473 4285 1697 4349 similia,
1735 4286 1791 4338 in
1828 4296 2094 4355 quantum
2127 4288 2183 4341 in

593 4374 820 4432 Christo
852 4376 1079 4432 innocui
1116 4376 1378 4446 quodque
1406 4391 1608 4430 nomen
1648 4375 1716 4429 ad
1743 4375 2025 4431 Christum
2057 4392 2185 4446 per-

599 4466 761 4532 tinet,
802 4467 1151 4523 solummodo
1197 4467 1413 4534 dicunt,
1466 4467 1513 4523 si
1547 4465 1682 4536 quid
1727 4477 1991 4538 sequatur
2035 4465 2185 4537 quod

597 4559 760 4613 aliter
790 4557 1000 4614 sentire
1050 4559 1327 4623 videatur,
1362 4575 1474 4614 non
1530 4559 1818 4628 patiuntur
1851 4558 1920 4613 de
1965 4559 2059 4612 illo
2094 4574 2184 4613 se-

2276 3370 2478 3422 σπότου
2510 3368 2667 3438 ἡμῶν
2715 3365 2980 3436 Χριστοῦ,
3018 3365 3107 3420 διὰ
3159 3365 3474 3429 συνθέσεως
3523 3361 3846 3434 παράστασιν

2279 3461 2465 3532 μόνην,
2496 3462 2590 3515 καὶ
2642 3459 2918 3530 ἀποϐολὴν
2975 3459 3157 3528 πάσης
3206 3458 3510 3527 ἐμφάσεως
3537 3495 3552 3518 ,
3586 3455 3691 3507 τῶν
3735 3447 3845 3503 καθ’

2275 3553 2496 3624 ἐτέρους
2553 3550 2792 3620 τρόπους
2844 3550 3152 3620 λεγομένοιν
3191 3547 3484 3625 ὲκθῶσεων·
3541 3547 3621 3600 ἔτι
3662 3543 3841 3614 μέντοι,

2276 3646 2370 3698 κα)⁸
2421 3643 2508 3697 διὰ
2540 3643 2600 3697 τὸ
2648 3643 2911 3713 ἑκατέρου
2966 3642 3076 3695 τῶν
3137 3643 3194 3694 ὲν
3267 3641 3496 3712 Χριστῷ
3559 3635 3844 3706 λεγομένων

2278 3731 2441 3797 εἶναι,
2470 3735 2646 3804 ἀληθῆ
2667 3752 2726 3788 τε
2756 3734 2920 3802 φύσιν
2949 3727 3091 3786 εἶναι
3117 3734 3214 3787 καὶ
3254 3733 3546 3802 εὐδόκησιν
3567 3771 3581 3795 ,
3609 3729 3698 3784 καὶ

2281 3828 2516 3901 φυσικὴν
2544 3830 2737 3882 ἕνωσιν
2773 3827 3301 3896 συνδεδραμηκέναι,
3332 3826 3412 3890 ὡς
3453 3825 3621 3896 ἄμφω
3655 3821 3745 3882 τὰς
3768 3815 3844 3868 οὐ·

2283 3922 2404 3986 σίας
2439 3919 2794 3991 συμπληροῦν
2820 3937 2878 3972 τε
2912 3919 3006 3972 καὶ
3041 3920 3358 3986 ὑφιστάνειν
3408 3914 3630 3989 Χριστῷ
3668 3911 3840 3969 οὕτως,

2281 4013 2470 4082 ὥσπερ
2502 4012 2597 4065 καὶ
2625 4011 2695 4063 τὰ
2732 4012 2873 4082 μέρη
2906 4009 3150 4078 φυσικῶς
3179 4010 3240 4062 τὸ
3274 4010 3397 4062 ὅλον
3450 4003 3840 4077 ἀπαρτίζουεινο

2287 4107 2411 4159 Ἔτι
2439 4104 2496 4158 δὲ
2523 4105 2618 4156 καὶ
2643 4102 2722 4173 τῷ
2753 4102 3043 4173 μὴδιδὸναι
3064 4099 3250 4173 χώραν
3267 4099 3645 4170 ὑποψίαςτινὶ,
3677 4092 3841 4158 ἓτερον

2285 4199 2472 4268 ἐτέρου
2508 4195 2662 4267 ψιλὸν
2703 4195 2811 4249 τῶν
2848 4195 2904 4247 ὲν
2953 4193 3174 4264 Χριστῷ
3215 4210 3344 4245 ποτε
3378 4188 3521 4245 εἶναι
3569 4179 3844 4248 διαλογίζε·

2286 4292 2434 4352 σθαι,
2459 4289 2649 4360 ὦσπερ
2681 4288 2801 4342 οὐδὲ
2833 4286 2962 4340 ἄνευ
2994 4285 3241 4356 ἀλλήλων
3263 4286 3329 4337 τὰ
3356 4286 3526 4354 μέρη,
3561 4275 3842 4343 σωζομένου

2286 4383 2378 4437 τοῦ
2413 4383 2556 4448 ὅλου,
2585 4380 2716 4434 ποτὲ
2751 4379 2878 4432 ἰδεῖν
2905 4378 3076 4431 ἔστιν’
3110 4376 3227 4431 ἀλλ’
3263 4375 3455 4446 ὥσπερ
3487 4367 3730 4426 σύνθεσίν
3754 4379 3805 4414 τε
3825 4397 3839 4423 ,

2288 4478 2382 4530 καὶ
2397 4475 2536 4538 ὅλον,
2571 4475 2665 4528 καὶ
2685 4472 3009 4542 ἀνάκρασιν,
3031 4469 3128 4524 καὶ
3162 4469 3229 4522 τὰ
3248 4468 3476 4520 τοιαῦτα
3491 4467 3749 4532 λέγοντες,
3776 4453 3844 4512 εἰς

2289 4569 2412 4622 ὅσον
2463 4567 2576 4638 ἔχοι
2611 4565 2769 4636 μόνον
2804 4565 3033 4624 ἕκαστος
3065 4561 3224 4630 λόγος
3256 4561 3582 4630 ἀδιάϐλητον
3610 4553 3698 4606 ἐπὶ
3731 4548 3845 4614 Χρι-

598 4668 728 4709 cum
755 4653 1170 4721 argumentari;
1201 4654 1609 4709 concretionem
1638 4653 1786 4708 enim
1811 4669 1938 4708 cum
1969 4653 2171 4708 dicunt,

2292 4659 2442 4725 στοῦ,
2466 4659 2641 4712 ταῦτά
2681 4674 2813 4727 φασι
2841 4671 2854 4686 ·
2889 4653 3274 4725 παρεπόμενόν
3301 4671 3354 4704 τι
3379 4651 3589 4712 τούτοις
3611 4647 3657 4697 εἰ
3685 4643 3841 4702 ἀπεμ-

600 4743 834 4798 innuere
901 4753 1114 4798 tantum
1178 4745 1374 4800 volunt
1430 4746 1855 4816 eonjunctorum
1924 4745 2183 4816 quodque

597 4834 803 4904 cuique
859 4834 1063 4900 inesse,
1114 4850 1226 4890 non
1267 4845 1452 4891 autem
1492 4835 1794 4891 admittunt
1839 4851 2184 4907 consequen-

605 4937 714 4982 tem
751 4927 900 4982 illam
947 4926 1350 4993 confusionem,
1401 4937 1497 4983 aut
1526 4927 1924 4999 proprietatum
1966 4929 2187 5000 opposi-

603 5021 812 5076 tionem
857 5030 954 5078 aut
987 5022 1372 5079 alterationem
1402 5033 1498 5079 aut
1523 5025 1989 5095 permutationem
2021 5025 2188 5080 unius

601 5115 677 5170 ab
723 5116 928 5182 altero;
977 5131 1160 5186 neque
1202 5117 1258 5171 in
1303 5115 1524 5173 Christo
1566 5118 1766 5178 solum.
1797 5119 1892 5174 sed
1918 5135 2098 5191 neque
2133 5121 2185 5173 in

602 5207 804 5261 animae
831 5216 888 5262 et
917 5207 1166 5278 corporis
1197 5208 1401 5263 unione
1437 5209 1554 5264 haec
1582 5209 1902 5266 admittunt.
1939 5210 2190 5266 Scientes

603 5296 754 5352 enim
807 5299 1013 5354 nullam
1053 5307 1265 5369 partem
1310 5300 1544 5370 scipsam
1592 5300 1840 5356 adunare
1873 5318 1984 5355 non
2022 5302 2192 5372 magis

603 5389 925 5446 existimant
995 5392 1239 5448 Verbum
1293 5394 1447 5448 carni
1499 5394 1569 5448 ab
1621 5394 1727 5448 alio
1771 5394 1988 5448 unitum
2045 5410 2189 5458 esse,

606 5499 734 5538 cum
764 5485 1000 5553 partium
1043 5485 1487 5555 conjunctionem
1513 5495 1570 5540 et
1596 5501 1710 5540 uno
1740 5486 1909 5540 verbo
1931 5485 2077 5554 quod
2110 5485 2196 5539 di-

607 5577 751 5631 vina:
797 5576 1195 5646 dispensationi
1245 5594 1358 5632 non
1410 5567 1674 5632 convenit
1727 5577 2036 5644 nominant,
2087 5577 2196 5632 hoc

609 5677 823 5724 tantum
854 5671 1110 5741 rejiciqu
1144 5671 1293 5742 quod
1335 5671 1390 5725 in
1429 5671 1592 5726 dictis
1629 5670 1928 5725 innocuum
1956 5681 2060 5736 est,
2095 5671 2194 5725 toti

609 5760 680 5816 ad
725 5762 1156 5817 elueidatjonem
1219 5763 1462 5834 mysterii
1523 5763 1696 5816 divini
1746 5761 1912 5818 nimis
1969 5763 2194 5834 cognitu

611 5850 852 5907 diﬁicilis
887 5853 1144 5923 impensi,
1169 5854 1239 5908 ad
1268 5854 1692 5910 describendum
1726 5855 2198 5925 incomprehensi-

613 5938 743 5996 bilis
770 5944 932 5997 Verbi
975 5945 1304 6015 imaginem;
1357 5961 1427 6001 ne
1479 5961 1635 6002 mens
1675 5956 1860 6005 nostra
1886 5948 2196 6020 imbecillis

2292 4749 2496 4820 φαίνοι,
2531 4747 2606 4818 μὴ
2633 4745 3056 4815 καταδεχόμενοι
3092 4744 3190 4796 σὺν
3216 4744 3396 4806 αὐτοῖς
3423 4740 3550 4809 περὶ
3589 4729 3742 4788 αὐτοῦ
3764 4729 3839 4820 lt"

2292 4816 2816 4913 γίζεσθαιοκρᾶσίν
2862 4854 2922 4890 τε
2976 4836 3087 4907 γὰρ
3143 4836 3421 4904 λέγοντες,
3457 4832 3614 4903 μόνον
3663 4816 3840 4877 τὸπᾶν

2293 4935 2435 4989 κατὰ
2469 4932 2668 4995 παντὸς
2699 4924 2840 4983 εἶναι
2866 4928 2977 4982 τῶν
3005 4927 3314 4982 ἑνωθέντων
3349 4924 3630 4996 σημαίνειν
3661 4912 3846 4986 βούλον-

2294 5047 2407 5094 ται,
2433 5027 2532 5098 τὴν
2555 5025 2835 5096 ἑπομένην
2865 5023 3074 5094 ταύτην
3105 5024 3366 5091 σύγχυσιν
3395 5021 3489 5071 καὶ
3517 5014 3622 5068 τῶν
3651 5002 3843 5067 ποιοτή-

2295 5139 2403 5174 των
2446 5120 2544 5192 τὴν
2575 5118 2895 5174 ἀντίστασιν
2923 5158 2936 5180 ,
2964 5115 3059 5169 καὶ
3093 5114 3190 5186 τὴν
3220 5115 3311 5167 ὑπ’
3341 5110 3584 5182 ἀλλήλων
3612 5101 3714 5156 τῶν
3761 5109 3838 5164 μί’

2297 5217 2583 5286 γνυμένων
2612 5211 2830 5266 ἔκλυσιν
2851 5229 2909 5264 τε
2927 5210 3021 5264 καὶ
3043 5207 3328 5263 ἀλλοίωσιν
3352 5207 3410 5261 οὐ
3425 5195 3840 5288 παραδεχόμενος

2299 5308 2396 5362 καὶ
2445 5308 2504 5359 οὗ
2544 5307 2703 5377 μόνον
2748 5305 2842 5357 ἐπὶ
2887 5303 3156 5376 Χριστοῦ,
3190 5301 3430 5354 ἀλλὀὑδ’
3465 5296 3554 5350 ἐπὶ
3596 5290 3687 5356 τῆς
3722 5289 3843 5377 fa“

2303 5402 2463 5470 σῶμα
2495 5401 2588 5452 καὶ
2621 5397 2800 5469 ψυχὴν
2847 5394 3091 5460 ὲνώσεως
3126 5395 3252 5448 τάδε
3280 5390 3643 5464 προσιέμενοι.
3679 5379 3842 5470 lii-J70);

2301 5465 2410 5563 γὰρ
2451 5492 2544 5544 καὶ
2595 5465 2677 5544 ὅτι
2701 5465 2880 5543 ⁷*ούδὲν
2923 5491 3090 5543 ἑαυτὸ
3128 5490 3290 5559 μέρος
3317 5481 3618 5548 συντίθησιν
3643 5465 3841 5563 εἰδότες.

2301 5561 2402 5637 οὐκ
2423 5583 2524 5654 ἤδη
2554 5583 2650 5635 καὶ
2678 5583 2766 5652 ὑφ’
2790 5583 2978 5654 ἑτέρου
3008 5580 3326 5649 συντεθῆναι
3349 5578 3435 5630 τὸν
3457 5571 3624 5672 Λόγθῖ
3641 5561 3700 5629 τῇ
3727 5565 3841 5672 οἷς

2303 5678 2363 5731 ’6'-
2397 5675 2688 5746 φρονοῦσιν
2723 5692 2735 5704 '
2772 5676 2896 5728 ἐπεὶ
2927 5673 3182 5728 σύνθεσιν
3218 5673 3398 5744 μερῶν
3427 5659 3734 5746 moidicus“
3761 5656 3842 5696 και

2303 5767 2492 5831 ἁπλῶς
2537 5768 2647 5822 πᾶν
2699 5766 2759 5820 τὸ
2812 5767 2888 5839 μὴ
2939 5767 3221 5838 προσῆκον
3251 5769 3344 5820 ἐπὶ
3373 5763 3466 5831 τῆς
3503 5745 3837 5840 θείαίθῐῖίωῗῗ,

2309 5859 2456 5930 μίας,
2477 5857 2948 5921 ἁποσκευάζονται
2978 5857 3138 5927 μόνον
3164 5856 3225 5908 τὸ
3249 5851 3561 5918 ἁδιάσλητον
3585 5852 3684 5891 των

2308 5912 2527 6023 ἱιένίιίν»
2574 5949 2709 6019 πρὸς
2761 5912 3065 6019 ἇαφήνείαν
3111 5945 3207 6003 τοῦ
3268 5912 3677 6008 δυσδισγνώστου
3729 5912 3830 5968 λίαν
