4116 6452
328 370 455 436 1521

1247 382 1643 447 ADVERSUS
1683 388 2234 452 NESTORIANOS.
2269 414 2341 425 -
2370 385 2515 445 LIB.
2557 386 2605 447 Ι.

3454 384 3594 449 1522

318 485 468 537 θείου
504 484 808 556 μυστηρίου
832 484 1208 556 ἐφελκόμενοι,
1233 487 1319 542 διὰ
1341 490 1439 559 τὴν
1465 491 1655 561 χρείαν
1682 493 1749 559 τῆ
1756 511 1780 554 ς
1804 494 1897 545 τοῦ

2006 494 2070 546 de
2115 494 2204 547 his
2241 494 2344 548 sibi
2382 495 2556 549 libere
2603 495 2887 549 mendacia
2933 494 3216 549 efformet:
3263 494 3447 564 itaque
3478 512 3589 549 non

318 577 708 646 ἀκαταλήπτου
736 579 911 647 Λόγου
948 578 1358 645 ὑποτυπώσεως
1386 600 1399 615 ο
1433 583 1522 636 ἵνα
1560 583 1635 654 μὴ
1672 585 1901 653 ἀστήρι-

321 685 446 729 κτος
478 670 609 739 ἡμῖν
635 671 663 722 ὁ
685 668 810 733 νοῦς
833 669 931 735 ῶν,
950 672 1223 744 αὑτονομῇ
1250 675 1654 745 φανταζόμενος
1675 678 1744 729 τά
1772 679 1902 747 περὶ

319 757 471 810 τοῦδε
494 776 508 789 ·
545 760 642 813 καὶ
688 761 951 826 πολλάκις
984 763 1121 833 πρὸς
1160 764 1228 818 τά
1270 765 1453 834 πάντη
1481 766 1900 837 άπεμῲαίνοντα

322 853 450 921 περὶ
507 852 605 921 τῆς
651 854 968 924 οἰκονομίας
1013 856 1593 927 παρατρέπηται,καὶ
1642 861 1901 925 ἀσεϐείας

319 944 499 1015 ἑαυτῷ
524 946 959 1016 ἀναπλάττηται.
981 948 1101 1000 Κάν
1132 951 1247 1009 τοῖς
1275 949 1384 1021 γάρ
1406 952 1735 1022 κοινοτέροις
1768 953 1899 1006 πολ-

319 1035 478 1100 λάκις
514 1037 575 1089 ἐκ
611 1055 755 1102 τινος
790 1040 1255 1113 μεταφράσεωςῆ
1294 1044 1640 1115 ἀναλογίαςῆ
1668 1048 1903 1117 μερικῆς

319 1127 637 1198 ὁμοιώσεως
684 1128 1027 1199 ὁνομάξομέν
1072 1148 1197 1184 τινα
1226 1150 1240 1163 ’
1274 1134 1369 1186 καὶ
1407 1135 1468 1187 οὺ
1517 1133 1607 1189 διὰ
1636 1136 1775 1197 τόδε,
1810 1136 1902 1189 καὶ¹

319 1220 496 1273 πάντα
526 1219 594 1272 τὰ
628 1219 869 1290 ἑπόμενα
900 1222 1135 1286 τούτοις,
1173 1225 1629 1296 συνεκδεχόμεθα·
1662 1228 1723 1280 οὐ
1758 1230 1889 1298 γὰρ,

320 1315 445 1367 ἐπεὶ
477 1314 567 1367 τὸν
599 1316 708 1368 ἀπὸ
738 1316 1061 1387 σκυθρωποῦ
1092 1318 1415 1390 εύδιώτερον
1445 1322 1586 1391 ἀέρα
1615 1322 1900 1391 γινόμενον

321 1406 549 1473 γελάσαι
606 1407 808 1477 φαμὲν,
843 1408 944 1479 ἤδη
994 1411 1088 1462 καὶ
1137 1411 1273 1467 ζῶον
1313 1413 1636 1479 γελαστικὸν
1670 1414 1729 1467 τὸ
1758 1432 1902 1467 στοι-

321 1500 466 1568 χεῖον
502 1494 642 1552 εἶναι
693 1499 1055 1571 ὲγνώκαμεν’
1091 1503 1231 1575 πλὴν
1284 1506 1331 1557 εί
1391 1506 1486 1559 καὶ
1535 1508 1713 1560 πάντα
1760 1524 1901 1576 συμ-

323 1590 527 1644 ϐαίνειν
562 1591 774 1665 ἀνάγκη
806 1594 875 1646 τὰ
903 1595 1146 1665 ἑπόμενα
1178 1598 1300 1650 ὅποι
1330 1598 1543 1667 λέγοιτό
1578 1616 1631 1652 τι
1664 1600 1771 1653 τῶν
1804 1600 1903 1652 αύ-

321 1685 431 1738 τῶν
498 1686 801 1757 ὀνομάτων,
862 1689 979 1741 ἀλλ’
1033 1691 1126 1743 ἐπὶ
1189 1692 1429 1761 Χριστοῦ
1501 1693 1674 1747 ταῦτα
1726 1696 1898 1762 ἀναγ-

320 1778 492 1840 καίως
539 1780 638 1849 οὐχ
668 1779 862 1848 ἕψεται
886 1800 900 1815 ·
933 1785 998 1836 ἐκ
1036 1784 1174 1837 Θεοῦ
1205 1785 1315 1854 γὰρ
1346 1778 1520 1853 Λόγου
1556 1786 1899 1857 ἀνθρωπείας

2008 586 2194 640 omnia
2243 602 2311 641 ex
2359 588 2445 642 his
2474 588 2867 657 consequentia
2901 588 3238 658 recipimus;
3280 604 3389 643 non
3418 588 3588 652 enim,

2008 694 2134 732 cum
2202 694 2385 733 aerem
2432 696 2500 734 ex
2550 680 2692 733 tristi
2759 679 3076 734 hilariorem
3137 680 3339 735 factum
3409 681 3591 735 ridere

2009 770 2266 834 dicimus,
2316 786 2425 824 non
2478 787 2544 826 ex
2604 788 2671 825 eo
2739 772 2983 836 risibile;
3032 788 3153 828 esse
3216 773 3416 827 animal
3485 774 3592 827 hoc

2008 864 2343 917 elementum
2402 865 2767 930 arbitramur;
2841 865 2937 919 sed
2995 865 3097 919 etsi
3164 882 3391 920 necesse
3442 878 3592 921 esset

2009 957 2194 1009 omnia
2232 958 2455 1011 realiler
2506 974 2626 1012 esse
2676 974 3019 1028 qumcunque
3056 974 3124 1013 ex
3156 959 3472 1013 nominibus
3503 974 3591 1013 se-

2009 1058 2277 1117 quuntur,
2314 1050 2365 1103 in
2400 1049 2623 1105 Christo
2671 1060 2852 1105 tamen
2892 1051 3209 1106 necessario
3250 1068 3359 1105 non
3386 1067 3589 1121 seque-

2009 1152 2185 1196 retur.
2221 1142 2634 1213 Compositione
2668 1144 2813 1198 enim
2854 1146 2974 1215 ejus
2995 1161 3064 1199 ex
3094 1145 3275 1200 Verbo
3308 1156 3365 1201 et
3388 1156 3590 1199 natura

2009 1233 2249 1288 humana
2297 1235 2467 1289 semel
2507 1236 2767 1296 admissa,
2800 1235 2844 1290 si
2878 1246 3061 1289 tamen
3084 1234 3418 1289 concedatur
3463 1248 3587 1287 eam

2008 1324 2097 1378 his
2144 1325 2392 1394 partibus
2450 1342 2579 1380 vere
2610 1334 2889 1389 constare,
2929 1334 3103 1380 totum
3154 1325 3211 1378 in
3257 1341 3319 1380 se
3367 1340 3489 1379 esse
3531 1331 3588 1377 et

2007 1418 2373 1486 compositum
2422 1418 2542 1472 illas
2589 1434 2782 1473 omnes
2833 1417 3256 1487 consequentias
3301 1415 3586 1483 impediet.

2007 1509 2132 1563 Non
2168 1510 2316 1564 enim
2356 1510 2658 1564 absurdum
2700 1519 2882 1579 potest
2930 1510 3182 1579 recipere
3232 1507 3495 1562 divinitas
3533 1515 3590 1561 et

2009 1601 2063 1654 in
2107 1602 2310 1671 quibus
2360 1601 2489 1654 dum
2527 1617 2719 1656 eorum
2751 1617 2873 1671 quae
2913 1611 3104 1655 contra
3133 1616 3235 1655 nos
3260 1608 3390 1654 sunt
3415 1598 3585 1660 dicta,

2006 1709 2127 1748 esse
2179 1693 2650 1763 incompossibilia
2701 1708 2732 1747 a
2784 1693 2945 1747 nobis
2993 1707 3323 1747 concessum
3373 1700 3479 1747 est.
3526 1690 3586 1744 Si

2006 1787 2154 1839 enim
2198 1787 2265 1840 de
2298 1787 2419 1856 ejus
2442 1785 2794 1856 generatione
2815 1786 3114 1855 loquimur,
3146 1800 3255 1839 non
3286 1793 3588 1839 occurrunt

321 1866 535 1936 φύσεως
597 1871 1042 1943 ὁμολογουμένης
1087 1873 1251 1928 αὐτοῦ
1294 1874 1394 1945 τῆς
1431 1876 1757 1940 συνθέσεως,
1787 1877 1903 1943 εἴγε

2008 1894 2202 1933 omnes
2265 1878 2672 1948 consequentia:
2743 1878 3165 1947 generationum
3228 1884 3583 1941 nostrarum;

318 1964 383 2013 ὲκ
418 1962 638 2016 τοιῶνδε
678 1965 896 2034 ἀληθῶς
944 1963 1086 2020 εἷναι
1114 1967 1224 2019 τῶν
1260 1967 1445 2038 μερῶν
1472 1968 1672 2038 δοθείη,
1697 1969 1758 2023 τὸ
1782 1970 1902 2023 κατ’

318 2056 481 2109 αὐτὸν
533 2056 675 2121 ὅλον,
713 2059 809 2112 καὶ
835 2058 1089 2112 σύνθετον
1124 2055 1267 2113 εἶναι
1313 2059 1546 2113 κωλύσει
1586 2062 1802 2124 πάντως
1833 2060 1902 2114 τὰ

316 2148 542 2202 τοιαῦτα
608 2150 1169 2222 παρακολουθήματα.
1215 2152 1623 2221 ’Λπαράδεκτον
1670 2153 1780 2225 γάρ
1841 2154 1903 2206 τὸ

2011 1986 2190 2040 neque
2226 1971 2281 2025 in
2314 1987 2380 2027 eo
2408 1970 2950 2026 consubstantialitas
2996 1985 3358 2039 personarum
3404 1984 3584 2038 neque

2005 2062 2355 2131 propriarum
2428 2063 2800 2133 potentiarum
2878 2061 3120 2131 perfecta
3194 2062 3581 2130 personalitas,

2006 2170 2190 2224 neque
2214 2162 2413 2209 caetera
2438 2153 2677 2223 propria,
2721 2153 2884 2208 nobis
2921 2162 3050 2208 sunt
3088 2153 3310 2208 similia.

320 2241 479 2295 Θεῖον
511 2243 714 2306 παντὸς
751 2244 957 2297 ἀτόπου
982 2262 996 2275 ο
1029 2244 1123 2298 καὶ
1152 2246 1210 2297 ὲν
1243 2247 1358 2308 τοῖς
1386 2246 1586 2316 αὑτοῖςῑ
1624 2263 1767 2299 τισιν
1835 2240 1978 2299 εἶναι
2013 2246 2122 2299 τῶν
2174 2246 2297 2299 καθ’
2335 2248 2481 2316 ἡμᾶς
2536 2247 2868 2317 λεγομένων,
2912 2249 3263 2317 ἀσυγκρίτως
3319 2244 3466 2315 ἔχειν
3523 2244 3583 2297 ὲν

320 2333 529 2396 τούτοις
544 2334 681 2403 πρὸς
711 2337 856 2406 ἡμᾶς
894 2336 1267 2406 ὡμολόγηται.
1307 2338 1368 2391 Εἰ
1418 2336 1529 2408 γὰρ
1569 2338 1665 2391 καὶ
1698 2338 1951 2409 γέννησις
1980 2338 2198 2406 λέγεται
2222 2340 2307 2392 ἐπ’
2336 2339 2521 2395 αὑτοῦ.
2556 2338 2817 2409 ἀλλὀύχὶ
2876 2338 2971 2391 καὶ
3034 2338 3104 2390 τὰ
3159 2337 3404 2407 ἑπόμενα
3458 2336 3583 2397 ταῖς

324 2424 444 2477 καθ’
472 2427 618 2494 ἡμᾶς
638 2428 925 2499 γεννήσεσι
952 2446 964 2458 ·
990 2430 1083 2481 καὶ
1107 2432 1166 2482 ὲν
1194 2429 1330 2501 τῷδε
1364 2430 1483 2483 οὐδὲ
1516 2430 1576 2483 τὸ
1613 2429 1899 2501 ὀμοούσιον
1933 2430 2039 2483 τῶν
2068 2430 2421 2484 ὑποστάσεων
2451 2429 2626 2496 τοῦδε,
2684 2428 2808 2481 οὔτε
2843 2430 2904 2483 τὸ
2964 2428 3441 2499 τελειοπρόσωπον
3472 2426 3583 2481 τῶν

323 2521 507 2576 ίδικῶν
541 2522 852 2592 δυνάμεων,
885 2525 1072 2594 ὅμοιον
1102 2528 1254 2596 ἡμῖν,
1283 2527 1404 2579 οὐδὲ
1432 2528 1497 2579 τά
1540 2526 1701 2579 λοιπά
1742 2526 2021 2595 ἐξαίρετα.

392 2612 539 2689 Πλὴν
580 2614 719 2668 ἁλλά
774 2617 868 2668 καὶ
912 2616 1119 2669 τούτων
1172 2618 1621 2687 ὁμολογουμένων
1659 2618 1735 2681 ὡς
1800 2619 1901 2671 οὐκ

321 2704 468 2757 ἔστιν
499 2706 560 2771 ἐξ
592 2706 715 2759 ὅλου
750 2709 846 2762 καὶ
906 2708 1088 2778 μερῶν
1130 2710 1223 2762 ἐπὶ
1250 2710 1488 2781 Χριστοῦ
1545 2710 1853 2781 εἰρημένων
1882 2751 1897 2775 ,

319 2796 632 2861 ἀκολούθως
687 2815 739 2852 τι
794 2800 982 2869 ὅμοιον
1025 2802 1157 2870 ἡμῖν
1206 2801 1544 2869 ἐπάγεσθαϋ,
1583 2802 1899 2873 διανοητέον

324 2893 422 2942 καὶ
442 2890 591 2944 τάδε.
642 2892 868 2963 Πρῶτον
919 2892 1019 2962 μὲν
1069 2893 1183 2966 γάρ
1220 2894 1282 2948 τὸ
1328 2894 1519 2964 λεχθὲν
1570 2894 1896 2964 συμϐαίνειν

323 2984 415 3035 ἐπὶ
439 2982 532 3036 τοῦ
564 2986 627 3037 ὲκ
662 2985 845 3056 μερῶν
875 2986 995 3039 ὅλου
1018 2987 1332 3057 γινομένου,
1354 2987 1515 3056 δῆλον
1546 3003 1561 3018 ο
1596 2989 1672 3049 ὡς
1710 2990 1758 3041 εί
1804 2989 1898 3042 καὶ

324 3074 542 3127 κατὰτὸ
580 3072 721 3139 εἶδος
753 3072 905 3129 οὖσιν
932 3078 1209 3146 ἀνομοίοις
1241 3082 1354 3140 τοῖς
1384 3078 1575 3148 μέρεσι
1607 3078 1897 3148 συμϐαίνει

322 3167 399 3238 τῷ
431 3168 535 3239 ὅλῳ
559 3168 715 3237 τῷδε,
742 3169 876 3222 ἀλλὰ
914 3171 1133 3234 πάντως
1160 3171 1301 3222 κατά
1328 3188 1380 3223 τι
1404 3170 1671 3241 προσεχὲς
1702 3170 1733 3241 ἢ
1763 3172 1898 3242 πορο

325 3261 549 3329 ρωτέρω
572 3262 728 3327 γένος
759 3260 1019 3329 ὁμογενὲς
1042 3262 1396 3331 τυγχάνουσι.
1432 3261 1524 3314 Διὸ
1547 3261 1613 3330 δὴ
1640 3262 1733 3314 καὶ
1759 3261 1897 3330 πρὸς

329 3349 576 3404 σύνθεσιν
606 3350 779 3413 είδους
809 3350 1013 3412 κοινοῦ,
1040 3352 1139 3405 οὐκ
1160 3352 1458 3423 ἀλλοτρίως
1479 3352 1637 3421 ἔσχεν
1663 3351 1732 3405 ἂν
1759 3351 1898 3422 πρὸς

323 3443 529 3514 ἄλληλα
583 3444 759 3515 πάντη
796 3460 810 3473 °
847 3445 942 3498 ἀτε
991 3445 1279 3498 κοινωνίαν
1326 3444 1449 3498 τινὰ
1485 3443 1724 3515 φυσικὴν
1755 3443 1899 3513 ἔχειν

324 3540 465 3591 κατά
510 3556 564 3593 τι
623 3539 778 3607 γένος
806 3554 821 3569 ο
884 3541 917 3610 ἡ
982 3539 1041 3592 δὲ
1088 3541 1183 3592 ἐπὶ
1233 3538 1327 3593 τοῦ
1395 3538 1669 3592 Δεσπότου
1741 3536 1901 3609 ἡμῶν

324 3631 538 3695 ἓνωσις,
579 3631 645 3684 ὲκ
682 3632 793 3685 τῶν
824 3633 998 3700 πάντη
1067 3631 1413 3701 άνομογενῶν
1478 3632 1617 3684 ἔστι.
1676 3628 1742 3683 Τί
1791 3629 1902 3699 γὰρ

325 3724 531 3793 κυρίως
609 3724 809 3777 οὐσιῶν
888 3725 1097 3792 γένος;
1186 3726 1235 3776 εἰ
1304 3725 1362 3777 δὲ
1426 3725 1522 3777 καὶ
1578 3724 1734 3792 γένος
1806 3724 1901 3777 οὐ·

328 3814 447 3876 σίας
520 3815 672 3880 ἐστὶ,
727 3814 779 3867 τί
830 3815 989 3883 γένος
1056 3813 1244 3877 οὐσίας
1300 3815 1400 3883 τῆς
1458 3814 1609 3878 θείας
1687 3815 1899 3885 αὐτῆς,

330 3906 466 3977 μετά
536 3910 632 3961 καὶ
674 3908 773 3977 τῆς
834 3908 1184 3978 ἀνθρωπείας
1265 3903 1403 3962 εἷναι
1444 3907 1730 3977 δοθήσεται
1762 3925 1777 3973 ;
1813 3908 1905 3963 ἵνα

323 3998 411 4053 διά
437 4017 559 4053 τινα
585 4000 821 4071 φυσικὴν
856 4001 1201 4069 συγγένειαν,
1232 4000 1326 4053 καὶ
1372 4000 1495 4052 ὅλου
1528 4000 1674 4062 τινὸς
1704 3998 1867 4067 φύσιν
1887 4037 1903 4064 ,

327 4094 736 4165 συγκιρνάμενα
766 4094 982 4164 ποιήσοι
1012 4093 1139 4147 τάδε
1171 4109 1186 4125 ο
1211 4092 1327 4157 πῶς
1355 4088 1447 4147 οῦν
1470 4091 1548 4163 τῷ
1578 4091 1906 4161 συμϐαίνον-

323 4204 376 4239 τι
402 4189 466 4257 τῇ
488 4187 595 4239 τῶν
616 4186 893 4257 ὁμογενῶν
920 4186 1102 4257 μερῶν
1129 4185 1375 4240 συνθέσει
1394 4184 1493 4255 τὴν
1516 4184 1623 4239 τῶν
1646 4185 1910 4254 ἀνομογε-

325 4278 432 4333 νῶν
458 4278 796 4347 ὑπαγάγοιεν
832 4276 1081 4331 σύνθεσιν
1109 4295 1123 4342 ;
1164 4277 1259 4331 καὶ
1292 4276 1370 4339 ὡς
1437 4277 1743 4343 ἀναγκαῖον
1771 4276 1906 4345 ἡμῖν

327 4372 711 4439 συναγάγοιεν,
751 4369 812 4423 τὸ
864 4369 977 4423 δεῖν
1020 4369 1239 4432 πάντως
1290 4368 1521 4421 ἕπεσθαι
1563 4366 1743 4420 τοῖσδε
1790 4367 1907 4430 τοῖς

325 4461 682 4530 ἀνομογενέσι
716 4459 957 4530 Χριστοῦ
1009 4458 1256 4530 μέρεσιν,
1287 4460 1465 4512 έκεῖνο
1489 4457 1518 4510 ὁ
1562 4459 1675 4519 τοῖς
1703 4459 1907 4526 ὁμογε-

2076 2616 2355 2676 Attamen,
2388 2629 2513 2668 eum
2547 2612 2754 2667 fuerint
2802 2612 3037 2669 confessi
3085 2612 3153 2667 de
3200 2611 3426 2667 Christo
3470 2627 3583 2667 non

2006 2706 2179 2761 fuisse
2208 2706 2419 2760 dictum
2448 2705 2595 2774 quod
2627 2720 2695 2759 ex
2723 2714 2837 2760 toto
2886 2713 2943 2759 et
2978 2704 3232 2775 partibus
3268 2703 3458 2769 fuerit,
3498 2702 3585 2757 in-

2005 2800 2336 2870 quirendum
2380 2798 2513 2869 quid
2559 2799 2720 2853 nobis
2766 2807 3172 2868 consequenter
3201 2797 3379 2852 simile
3421 2796 3584 2851 indu-

2005 2902 2186 2947 catur.
2234 2892 2477 2947 Primum
2516 2892 2740 2962 quidem
2785 2892 2931 2961 quod
3000 2890 3209 2945 dictum
3253 2890 3308 2943 in
3357 2898 3473 2943 toto
3512 2905 3581 2943 ex

2003 2989 2253 3057 partibus
2293 2990 2566 3042 constanti
2613 2988 2884 3049 accidere,
2942 2986 3317 3046 manifestum,
3358 2984 3504 3055 quod
3531 2984 3577 3037 si

2003 3089 2190 3151 partes
2237 3087 2368 3134 sunt
2425 3080 2609 3150 specie
2664 3079 2962 3134 dissimiles
3007 3078 3129 3144 toti,
3162 3094 3335 3147 genus
3396 3086 3577 3130 tamen

2004 3172 2351 3226 constituunt
2373 3173 2458 3226 vel
2488 3171 2795 3242 proximum
2839 3170 2925 3225 vel
2964 3171 3251 3224 remotius.
3284 3170 3475 3239 Itaque
3508 3167 3578 3221 ad

2000 3261 2447 3317 constituendum
2493 3277 2669 3332 genus
2708 3276 3022 3325 commune,
3060 3276 3171 3315 non
3210 3260 3315 3315 sibi
3342 3259 3578 3314 invicem

1999 3360 2186 3406 essent
2222 3350 2449 3403 omnino
2476 3350 2687 3413 alieme,
2716 3350 2982 3405 habentes
3030 3349 3324 3420 quamdam
3356 3357 3582 3403 natura-

2000 3442 2108 3497 lem
2159 3441 2610 3497 communitatem
2639 3443 2695 3496 in
2729 3442 2913 3513 aliquo
2942 3458 3174 3514 genere;
3224 3442 3356 3497 unio
3392 3449 3577 3496 autem

2002 3534 2060 3588 in
2103 3534 2338 3589 Domino
2387 3544 2577 3589 nostro
2620 3534 2974 3590 dissimilium
3017 3535 3245 3590 omnino
3289 3542 3411 3589 est:
3444 3532 3577 3603 quid

2002 3629 2149 3682 cnim
2181 3629 2400 3699 proprie
2435 3629 2867 3685 substantiarum
2902 3629 3118 3701 genus?
3150 3630 3218 3684 Et
3252 3629 3297 3683 si
3322 3628 3581 3683 substan-

2006 3722 2094 3776 tiae
2150 3738 2324 3793 genus
2374 3731 2480 3786 est,
2532 3732 2590 3777 et
2642 3722 2790 3793 quod
2842 3724 3150 3792 eritgenus
3174 3721 3373 3775 divina:
3430 3719 3580 3773 illius

2005 3814 2327 3870 substantia:
2385 3831 2511 3870 cum
2581 3815 2887 3869 substantia
2954 3814 3212 3877 humana,
3275 3810 3425 3882 quod
3482 3826 3581 3880 per

2005 3909 2299 3979 quamdam
2331 3910 2639 3964 naturalem
2677 3907 3058 3979 cognationem
3090 3923 3153 3962 ea
3187 3903 3581 3961 commisceat?

2005 4002 2293 4069 Quomodo
2324 4018 2457 4073 ergo
2480 4019 2578 4073 per
2607 4001 2862 4057 accidens
2883 4000 3145 4055 similium
3180 3998 3421 4069 partium
3448 4010 3583 4050 con-

2002 4094 2294 4164 junctioni,
2327 4095 2672 4150 dissimilium
2710 4093 3154 4165 conjunctionem
3191 4085 3582 4146 submitteret?

2006 4183 2509 4251 Concluderentne,
2543 4196 2603 4240 ut
2638 4184 3029 4243 necessarium.
3065 4183 3331 4252 consequi
3364 4197 3431 4236 ex
3466 4179 3581 4234 dis-

2009 4279 2292 4336 similibus
2318 4277 2524 4333 Christi
2551 4278 2800 4347 partibus
2834 4277 2967 4332 illud
2996 4274 3144 4345 quod
3171 4272 3426 4328 videmus
3447 4286 3582 4324 con-

2009 4374 2163 4445 sequi
2213 4380 2400 4443 partes
2444 4371 2675 4433 similes,
2719 4370 2774 4425 id
2804 4377 2908 4435 est,
2957 4369 3194 4423 alterum
3220 4374 3395 4420 totum
3421 4365 3445 4418 ?
3473 4361 3582 4417 Sed

2008 4468 2054 4521 si
2086 4463 2307 4519 aliunde
2328 4464 2440 4534 jam
2470 4478 2539 4517 ex
2564 4462 2889 4517 necessitate
2918 4460 3127 4532 paratis
3158 4457 3451 4513 ostendere
3472 4471 3583 4510 non

324 4554 471 4607 νέσιν
500 4553 767 4623 ἑπόμενον
799 4551 1124 4619 καθορᾶται,
1158 4552 1325 4619 ἤγουν
1357 4550 1590 4620 ὁλότητά
1616 4567 1739 4603 τινα
1786 4549 1904 4603 ἐτέ-

2014 4556 2133 4612 ﬁeri
2182 4553 2636 4626 conjunctionem
2687 4554 2995 4608 naturalem
3044 4550 3349 4606 secundum
3395 4563 3588 4619 perso-

332 4664 433 4719 ραν
459 4665 473 4711 ς
520 4646 662 4701 Ἀλλ’
692 4647 741 4698 εί
774 4646 873 4715 μὲν
922 4644 1144 4698 ἄλλοθεν
1173 4644 1235 4697 τὸ
1282 4645 1357 4715 μὴ
1384 4643 1637 4712 γενέσθαι
1668 4642 1906 4713 φυσικὴν

328 4741 580 4795 σύνθεσιν
611 4738 733 4793 καθ’
761 4739 1060 4793 ὑπόστασιν
1089 4737 1358 4804 ἐπιδεῖξαι
1401 4738 1560 4792 τοῦτο
1590 4738 1692 4810 ἤδη
1735 4739 1907 4807 ἀναγ-

326 4835 496 4896 καίως
548 4832 1005 4895 κατασκευάσετε,
1062 4831 1315 4901 εἴποιμεν
1369 4831 1671 4894 αὐτοῖςέί
1730 4831 1789 4884 δέ
1836 4848 1902 4900 γε

328 4926 668 4989 ὑποθετικῶς
705 4925 804 4995 τὴν
847 4924 1096 4978 σύνθεσιν
1140 4923 1272 4995 ἡμῖν
1321 4923 1460 4987 ὅλως
1515 4923 1651 4977 Θεοῦ
1684 4923 1819 4994 πρός
1849 4940 1904 4977 τι

329 5021 699 5091 συγχωρεῖτε,
749 5018 849 5073 οὐκ
909 5018 969 5084 ἐξ
1025 5017 1274 5087 ἀνάγκης
1320 5015 1506 5071 λοιπὸν
1549 5020 1615 5070 τὰ
1662 5017 1906 5087 ἑπόμενα

329 5110 577 5164 συνθέσει
636 5107 971 5176 ὲπαγάγοιτε
1008 5124 1023 5140 ο
1052 5107 1209 5177 ἢδιὰ
1268 5108 1330 5161 τὸ
1384 5106 1462 5178 μὴ
1507 5107 1718 5162 τοιάνδε
1766 5105 1906 5163 εἶναι

327 5201 497 5273 αὐτὴν
520 5201 640 5255 οἵαν
692 5200 807 5253 ῐστε
835 5199 1134 5270 γινομένην
1163 5200 1258 5253 ἐπὶ
1309 5202 1422 5263 τοῖς
1474 5199 1550 5271 μὴ
1604 5200 1777 5254 τοῖσδε
1810 5197 1905 5255 οὗ·

332 5313 437 5355 σιν,
488 5294 656 5362 ἤγουν
695 5292 863 5356 θείοις
921 5296 1016 5345 καὶ
1077 5291 1442 5363 ἀνθρωπίνοις
1498 5292 1761 5362 μέρεσιν’
1802 5292 1902 5366 ἤδη

2009 4666 2158 4717 nam,
2221 4648 2430 4704 eisdem
2498 4648 2690 4704 verbis
2760 4647 3259 4717 respondebimus:
3295 4643 3353 4699 Si
3402 4649 3585 4697 autem

2008 4741 2174 4796 nobis
2215 4739 2520 4796 conceditis
2545 4738 2885 4810 hypothetici
2917 4738 3013 4792 Dei
3044 4752 3171 4793 cum
3200 4736 3389 4804 aliquo
3428 4732 3594 4787 unio-

2007 4848 2157 4895 nem,
2190 4847 2291 4887 nec
2319 4832 2578 4902 amplius,
2622 4842 2881 4902 tanquam
2908 4830 3272 4892 necessarias,
3311 4825 3592 4881 inducatis

2019 4921 2428 4995 conjunctionis
2461 4921 2923 4992 consequentias;
2962 4921 3048 4975 vel
3083 4921 3212 4990 quia
3240 4934 3352 4974 non
3379 4926 3467 4971 est
3492 4931 3591 4970 ea-

2015 5016 2141 5071 dem
2172 5031 2237 5071 ac
2267 5015 2413 5069 illam
2448 5031 2614 5084 quam
2648 5016 2805 5071 scitis
2845 5031 2911 5070 ex
2951 5013 3189 5068 diversis
3216 5010 3357 5073 fieri,
3393 5008 3446 5062 id
3481 5015 3590 5069 est,

2013 5108 2219 5165 divinis
2253 5118 2310 5164 et
2344 5108 2604 5163 humanis
2652 5107 2926 5176 partibus,
2958 5107 3071 5176 jam
3106 5105 3256 5159 illam
3302 5100 3589 5157 evertetis.

2012 5202 2258 5269 Quorum
2288 5203 2436 5257 enim
2469 5211 2683 5257 natura:
2708 5216 2817 5254 non
2841 5207 2971 5253 sunt
3000 5197 3053 5251 in
3088 5195 3345 5249 omnibus
3362 5190 3591 5253 eaedem,

2011 5311 2207 5351 eorum
2238 5311 2420 5364 neque
2445 5294 2763 5365 conjunctio
2789 5292 2984 5347 eadem
3014 5287 3303 5343 manifeste
3334 5286 3463 5341 erit.

330 5393 423 5446 καὶ
452 5392 659 5462 ταύτην
709 5388 1064 5461 ἀνατρέψετε.
1095 5381 1196 5441 Ὧν
1246 5388 1355 5458 γὰρ
1391 5389 1448 5441 αί
1486 5387 1678 5457 φύσεις
1702 5389 1801 5460 οὐχ
1824 5392 1879 5443 αἱ
1904 5391 2064 5445 αὑταὶ
2095 5392 2235 5445 κατά
2283 5392 2483 5453 πάντα,
2514 5390 2637 5442 οὐδὲ
2676 5392 2708 5460 ή
2747 5384 2953 5456 φυσικὴ
3006 5385 3193 5454 σχέσις
3234 5382 3397 5450 ὁμοία
3452 5380 3595 5435 κατὰ

331 5488 529 5550 πάντα,
549 5484 669 5538 οὐδὲ
700 5485 733 5554 ὴ
766 5482 1014 5544 σύνθεσις
1037 5482 1069 5551 ἡ
1102 5480 1240 5551 αὑτὴ
1262 5480 1463 5549 δηλαδὴ
1488 5481 1799 5553 γενήσεται.

407 5578 529 5629 Ἔτι
589 5576 780 5645 ῥητέον
831 5576 915 5628 ὅτι
967 5572 1015 5626 εί
1053 5572 1144 5626 καὶ
1192 5573 1343 5625 πᾶσα
1379 5571 1653 5637 σύνθεσις,
1690 5574 1904 5643 ἕτερον,

334 5669 517 5731 καθὼς
538 5668 595 5722 δὲ
622 5670 903 5739 εἰρήκατε,
940 5665 1087 5736 παρὰ
1118 5665 1226 5717 τῶν
1256 5664 1437 5735 μερῶν
1470 5664 1584 5735 εἴδη
1626 5664 1904 5732 ἐπεισάγει

2012 5678 2187 5734 genus
2209 5660 2330 5724 toti,
2356 5668 2419 5713 ut
2445 5656 2682 5721 dixistis,
2715 5656 2896 5717 affert,
2923 5663 3078 5708 extra
3104 5650 3341 5721 partium
3368 5664 3593 5718 genera.

332 5756 414 5827 τῷ
460 5756 567 5820 ὅλῳ
612 5753 775 5820 εἶδος,
819 5754 1275 5826 προωμολογηται
1318 5754 1468 5823 ὅμως
1507 5756 1639 5825 ἡμῖν
1676 5755 1770 5809 τοῦ
1814 5755 1904 5808 νῦν

2007 5757 2120 5828 jam
2153 5769 2183 5807 a
2212 5751 2371 5807 nobis
2396 5750 2506 5807 fuit
2537 5749 2779 5820 positum
2807 5762 2972 5801 unam
3004 5753 3216 5815 partem
3249 5742 3419 5798 totius
3449 5742 3596 5811 quod

331 5850 764 5921 ἀνακρινομένου
820 5847 1075 5902 συνθέτου
1126 5846 1185 5899 ἓν
1227 5841 1367 5900 εἶναι
1419 5846 1584 5919 μέρος
1630 5847 1691 5901 τὸ
1734 5848 1904 5912 Θεῖον,

2012 5845 2456 5910 consideramus,
2482 5856 2606 5897 esse
2635 5839 2883 5895 divinum
2915 5837 3049 5893 illud
3091 5836 3237 5907 quod
3283 5836 3466 5891 omnis
3505 5850 3602 5906 ge-

2084 5568 2387 5625 Dicendum
2418 5580 2639 5635 quoque
2661 5572 2745 5617 est
2766 5581 2778 5617 :
2802 5564 2860 5618 Si
2890 5560 3070 5615 omnis
3100 5556 3416 5627 coniunctio
3444 5555 3594 5610 aliud
