4116 6468
509 420 528 482 1
542 418 643 482 523

1740 426 2049 488 LEONTII
2095 423 2273 484 BYZA
2285 425 2500 487 NTI'NI

3641 416 3782 482 1524

502 534 652 588 neris
685 541 878 589 auctor
917 544 1020 599 est,
1059 537 1108 590 id
1141 545 1245 598 est,
1278 537 1523 592 divinum
1561 537 1819 593 Verbum.
1864 539 1919 592 Si
1953 551 2084 606 ergo

2210 539 2268 588 μό
2309 538 2512 600 παντὸς
2565 536 2741 601 εἴδους
2785 535 3070 607 ποιητικός
3117 535 3232 590 ἐστι
3288 535 3433 598 θεῖος
3487 535 3682 604 Λόγος.
3711 536 3778 588 Et

503 625 653 680 aliud
682 635 828 681 esset
859 629 1026 682 totius
1057 630 1339 698 cujusdam
1374 641 1576 699 praeter
1605 630 1844 699 partium
1888 645 2082 699 genus,

505 716 678 785 ipsius
708 719 916 773 scilicet
945 731 1040 775 aut
1083 721 1228 774 illius
1260 723 1407 791 quod
1451 738 1576 777 eum
1614 726 1732 780 ipso
1764 731 1867 786 est,
1899 739 2088 776 neces-

505 809 640 864 sitas
683 811 790 865 erit
839 812 1122 881 rejiciendi
1165 813 1252 867 vel
1297 813 1453 866 illum
1502 830 1761 883 generum
1803 823 2086 868 auctorem

505 902 894 958 universaliter
927 906 1169 974 agnitum
1219 913 1274 958 et
1322 921 1388 958 ex
1438 914 1668 974 utraque
1698 915 1853 975 parte
1893 921 2089 974 recep-

504 1002 644 1056 tum,
675 995 761 1047 vel
800 995 1093 1063 quemdam
1117 997 1306 1049 alium.
1343 996 1518 1051 Omne
1553 997 1700 1050 enim
1729 997 1875 1066 quod
1914 996 1992 1061 fit,
2030 1012 2088 1052 se

506 1085 686 1154 ipsum
721 1086 1009 1140 manifeste
1038 1104 1144 1140 non
1177 1088 1357 1149 faciet,
1388 1088 1634 1142 nondum
1662 1089 1956 1151 exsistens,
1992 1088 2087 1142 sed

505 1177 575 1230 ab
607 1178 714 1230 alio
743 1177 947 1232 factum
973 1185 1076 1241 est,
1104 1178 1148 1232 si
1174 1179 1422 1243 exsistit;
1452 1180 1495 1232 si
1527 1187 1710 1233 autem
1743 1195 1850 1232 non
1885 1178 2089 1232 factum

505 1277 610 1333 est,
648 1286 828 1339 neque
862 1279 967 1324 est.
996 1270 1117 1323 Non
1163 1286 1297 1340 ergo
1349 1272 1417 1324 ab
1467 1271 1576 1324 alio
1614 1271 1792 1325 factus
1840 1281 1944 1334 est,
1995 1271 2090 1340 qui

506 1358 659 1413 solus
700 1359 1041 1413 substantias
1068 1369 1240 1413 ‘creat
1287 1369 1343 1413 et
1385 1360 1655 1414 naturalis
1699 1369 1785 1414 est
1828 1376 2090 1430 generum

509 1459 723 1514 auctor,
759 1451 854 1519 qui
887 1449 1093 1504 dicitur
1127 1467 1254 1520 pars
1293 1439 1440 1506 illius
1471 1453 1641 1506 totius
1674 1470 1686 1504 :
1721 1452 1788 1506 de
1824 1467 1934 1520 quo
1963 1467 2094 1506 con-

511 1542 784 1598 sentimus
805 1558 1017 1597 omnes.
1050 1542 1105 1597 Si
1141 1552 1325 1597 autem
1353 1544 1422 1597 ab
1451 1543 1545 1596 illo
1572 1543 1774 1597 factum
1806 1555 1893 1598 est
1917 1553 2092 1598 totum

2191 624 2285 681 οὗν
2336 646 2390 681 τι
2454 629 2646 697 ἕτερον
2699 627 2848 698 αὑτῷ
2897 645 2959 680 τε
3014 627 3110 681 καὶ
3175 627 3254 697 τῷ
3317 627 3416 681 σὺν
3471 627 3622 696 αὑτῷ
3661 626 3782 681 ὅντι

2190 721 2266 784 ὡς
2324 721 2549 791 μέρεσιν
2610 721 2916 790 ἐπιγένοιτο
2967 717 3103 785 εἶδος
3165 721 3288 774 ὅλου
3348 720 3583 792 τινὸς,ῆ
3617 719 3786 773 αὑτὸν

2190 813 2405 881 ἀνάγκη
2455 812 2616 865 τοῦτο
2690 812 3100 884 προϐάλλεσθαι
3158 813 3432 865 είδοποιὸν
3494 812 3786 880 δεδομένον

2192 903 2482 956 καθολικὸν
2531 904 2627 957 καὶ
2676 904 3202 974 συνωμολογημένον
3256 903 3543 974 κοινῶς,ἢ
3593 903 3788 973 ἔτερόν

2192 1012 2315 1047 τινα
2341 1011 2354 1026 ο
2385 995 2447 1048 τὸ
2487 995 2596 1066 γὰρ
2628 996 2918 1065 γινόμενον
2969 997 3100 1060 πᾶν,
3135 995 3297 1065 δῆλον
3349 995 3425 1058 ὼς
3477 995 3574 1065 οὐχ
3621 989 3789 1048 ἑαυτὸ

2195 1088 2414 1157 ποιήσει
2464 1090 2632 1158 μήπω
2683 1087 2763 1150 ὃν,
2805 1087 2924 1141 ἀλλ’
2964 1087 3069 1140 ὑπό
3123 1104 3270 1149 τινος
3326 1087 3568 1155 ἐγένετο,
3625 1088 3790 1158 εῐπερ

2195 1179 2373 1233 ἐστίν·
2403 1181 2452 1232 εἰ
2480 1181 2534 1232 δὲ
2565 1181 2640 1250 μὴ
2673 1180 2909 1248 ἐγένετο,
2944 1179 3066 1232 οὐδὲ
3103 1179 3411 1248 ἔστιν.’Υφ’
3443 1179 3637 1250 ἐτέρου
3683 1181 3789 1251 μὲν

2195 1267 2290 1324 οὖν
2335 1272 2436 1324 οὐκ
2489 1270 2557 1324 ἂν
2597 1269 2810 1340 γένοιτό
2866 1287 3050 1333 τινος·
3098 1271 3258 1340 μόνος
3285 1270 3395 1341 γὰρ
3426 1269 3567 1324 εἶναι
3599 1271 3792 1325 οὑσια-

2197 1363 2326 1433 στὴς
2368 1365 2462 1418 κοιλ¹
2509 1365 2738 1433 φυσικὸς
2767 1364 3032 1428 εἰδοποιδς
3073 1365 3101 1417 ὁ
3147 1363 3478 1435 ὑποϐληθεὶς
3506 1364 3582 1428 ῶς
3618 1364 3790 1436 μέρος

2195 1457 2330 1525 τῷδε
2368 1457 2446 1528 τῷ
2479 1457 2623 1528 ὅλῳ,
2678 1456 3027 1528 ὡμολόγηται
3075 1459 3209 1528 ἡμῖν
3256 1459 3460 1510 πᾶσιν·
3491 1459 3539 1509 εἰ
3586 1457 3642 1510 δὲ
3691 1457 3790 1511 ὑπ’

2195 1550 2362 1602 αὑτοῦ
2402 1550 2520 1603 τόδε
2583 1549 2778 1619 γέγονέ
2823 1566 2942 1613 πως
2983 1550 3060 1612 ὡς
3106 1549 3229 1602 ὅλον
3271 1566 3346 1613 τι,
3383 1549 3477 1602 καὶ
3535 1549 3642 1602 ὑπὸ
3691 1551 3789 1603 τοῦ

513 1636 672 1698 illud,
705 1645 760 1690 et
785 1650 926 1704 opus
947 1635 1054 1689 erit
1077 1636 1306 1690 alterius
1336 1651 1402 1690 ex
1432 1637 1547 1691 suis
1583 1636 1858 1706 partibus,
1885 1637 1958 1690 ita
1991 1639 2092 1690 erit

2210 1640 2484 1706 ποιοῦντος
2536 1641 2668 1694 αὐτὸ
2697 1641 2774 1704 ὡς
2801 1642 2859 1707 ἐξ
2889 1641 3021 1694 ἰδίου
3053 1641 3253 1712 μέρους
3283 1641 3578 1711 γινόμενον
3607 1642 3696 1712 εἴη
3725 1642 3790 1694 τὸ

512 1737 574 1781 ut
619 1743 742 1797 pars
790 1729 844 1782 in
898 1737 1013 1783 toto
1054 1729 1472 1798 comprehensa.
1518 1744 1681 1783 causa
1722 1729 1824 1783 sub
1870 1731 2092 1791 effectu,

511 1821 660 1889 quod
703 1831 786 1874 est
829 1820 1196 1890 impossibile.
1237 1821 1376 1875 Cum
1411 1821 1526 1875 haec
1557 1820 1670 1874 sint
1710 1818 2092 1888 impossibilia,

515 1913 865 1968 manifestum
913 1922 1000 1969 est
1045 1930 1157 1968 non
1209 1915 1432 1984 proprie
1481 1914 1590 1969 diei
1634 1932 1646 1967 :
1683 1914 1779 1968 sed
1810 1931 1931 1982 quae
1974 1930 2099 1983 pars
2127 1897 2173 1954 Β

513 2006 804 2060 constituit
833 2006 1039 2061 dictum
1073 2007 1277 2062 Christi
1316 2017 1512 2070 totum,
1547 2007 1638 2061 illa
1671 2015 1755 2060 est
1787 2023 1908 2076 qum
1937 2008 2096 2061 alteri

515 2096 784 2166 subjacet,
816 2098 870 2151 id
895 2107 1000 2161 est,
1030 2098 1269 2153 Verbum
1300 2099 1475 2162 carni,
1502 2115 1569 2152 ex
1597 2099 1817 2168 propria
1845 2099 2102 2154 substan-

519 2193 590 2247 tia
611 2201 667 2247 ct
690 2208 788 2246 sua
814 2209 1067 2262 persona,
1088 2209 1212 2248 cum
1241 2194 1328 2247 illa
1356 2203 1508 2262 parte
1531 2210 1652 2262 quae
1681 2209 1807 2247 cum
1844 2193 1964 2263 ipso
1993 2203 2097 2258 est,

515 2283 845 2346 substantia,
886 2283 1121 2348 scilicet,
1162 2283 1391 2348 carnali,
1426 2283 1578 2336 illum
1627 2283 1970 2336 constituens
2015 2291 2100 2336 to-

519 2383 656 2438 tum,
687 2375 824 2444 nihil
861 2375 1044 2445 seipso
1084 2385 1178 2430 aut
1208 2377 1503 2444 conjuncta
1534 2376 1634 2430 sibi
1666 2385 1821 2446 parte
1849 2377 2102 2445 przchens

519 2475 616 2518 aut
661 2466 858 2520 melius
918 2479 1013 2520 aut
1058 2468 1237 2536 pejus.
1269 2469 1517 2523 Potestas
1562 2468 1710 2522 enim
1746 2485 1867 2537 quae
1900 2485 2101 2538 genera

520 2564 672 2607 creat
713 2555 849 2607 nulli
890 2556 1125 2623 seipsam
1176 2556 1231 2609 in
1272 2558 1510 2624 speciem
1556 2557 1909 2621 condonavit,
1943 2567 2001 2612 ut
2029 2559 2102 2612 ita

521 2646 724 2710 dicam,
755 2646 860 2700 nisi
908 2647 1045 2715 parti
1095 2647 1199 2701 sibi
1249 2650 1579 2719 conjunctae,
1623 2651 1789 2705 homo
1820 2651 1960 2705 facta
2007 2669 2104 2721 per

521 2753 666 2802 eam,
691 2755 811 2792 eam
843 2749 1029 2792 autem
1062 2756 1160 2810 per
1193 2756 1249 2795 se
1274 2742 1443 2796 Deum
1475 2743 1706 2807 faciens,
1742 2743 1797 2799 in
1837 2753 2101 2813 quantum

525 2830 811 2900 possibile,
841 2847 944 2885 nec
969 2831 1129 2885 aliam
1157 2833 1396 2902 speciem
1429 2845 1612 2904 potest
1637 2835 1816 2890 facere
1847 2837 2023 2906 seipsa
2050 2849 2105 2893 et

527 2924 619 2976 illa
655 2923 957 2978 meliorem.
986 2924 1222 2980 Ubinam
1257 2927 1421 2996 igitur
1449 2928 1559 2982 erit
1588 2929 1734 2983 aliud
1769 2929 1901 2984 illud
1931 2939 2103 2984 totum

527 3016 583 3069 in
611 3014 833 3070 Christo
867 3025 1067 3085 praeter
1104 3025 1394 3087 utramque
1444 3031 1654 3088 partem
1703 3022 2107 3091 excogitatum?

526 3107 597 3160 Et
635 3107 833 3162 eximie
875 3108 1040 3162 etiam
1083 3107 1285 3162 factum
1337 3118 1421 3164 est
1468 3111 1816 3166 manifestum
1865 3113 2102 3167 Verbum

2198 1732 2634 1802 ποίημα.Ἔσται
2681 1732 2790 1804 γὰρ
2834 1731 2900 1785 ἂν
2933 1732 3107 1795 οὕτως
3140 1733 3216 1797 ὡς
3253 1734 3419 1803 μέρος
3486 1735 3545 1786 ἐν
3573 1733 3651 1804 τῷ
3679 1734 3792 1805 ὅλῳ

2197 1826 2591 1896 περιεχόμενον
2619 1825 2680 1878 τὸ
2704 1823 2878 1878 αἴτιον
2919 1825 3023 1877 ὑπο
3052 1823 3147 1877 τοῦ
3179 1824 3451 1891 αἰτιατοῦ,
3480 1825 3619 1896 ὅπερ
3649 1824 3789 1879 ἀδύ-

2203 1935 2384 1970 νατον.
2403 1917 2558 1969 Ἐπεὶ
2588 1916 2682 1970 οὖν
2726 1915 2853 1968 τάδε
2903 1916 3169 1975 ἀδύνατα,
3196 1915 3353 1985 δῆλον
3381 1916 3458 1978 ὡς
3486 1915 3546 1967 οὑ
3581 1915 3792 1986 κυρίως

2198 2008 2416 2076 λέγεται
2445 2024 2458 2038 ·
2493 2008 2628 2061 ἀλλὰ
2657 2008 2717 2061 τὸ
2751 2007 3068 2076 προαγαγὸν
3095 2008 3196 2076 τὴν
3223 2007 3526 2078 λεγομένην
3549 2007 3790 2079 Χριστοῦ

2198 2100 2428 2170 ὁλότητα
2451 2101 2638 2172 μέρος,
2667 2100 2799 2152 αὐτό
2827 2102 2978 2153 ἐστιν
3005 2099 3032 2152 ὅ
3061 2100 3347 2167 σύγκειται
3378 2099 3551 2170 ἑτέρῳ
3572 2116 3584 2128 ·
3619 2100 3793 2169 ⁸ίλγουν

2200 2192 2228 2242 ὁ
2264 2192 2437 2259 Λόγος
2458 2194 2524 2261 τῇ
2560 2192 2724 2262 σαρκί
2747 2207 2761 2221 ’
2796 2190 2859 2243 εκ
2883 2207 2941 2244 τε
2968 2191 3067 2260 τῆς
3089 2191 3277 2253 οὐσίας
3294 2189 3482 2254 αὑτοῦ,
3514 2192 3608 2244 καὶ
3638 2192 3697 2244 ἐν
3722 2193 3793 2262 τῇ

2201 2280 2497 2334 ὑποστάσει
2524 2279 2709 2340 αὑτοῦ,
2743 2281 2861 2349 ἅμα
2883 2279 2961 2348 τῷ
2988 2280 3084 2332 σὺν
3111 2279 3259 2349 αὑτῷ
3286 2279 3461 2350 μέρει,
3491 2280 3662 2350 ἤγουν
3691 2279 3795 2349 τῆς

2202 2375 2474 2442 σαρκικῆς
2497 2371 2683 2435 οὐσίας
2704 2371 2911 2440 ταύτην
2935 2371 3201 2424 συνιστῶν
3217 2370 3315 2441 τὴν
3345 2367 3572 2441 ὁλότητα
3593 2387 3608 2400 ·
3637 2370 3794 2424 οὐδὲν

2203 2461 2364 2513 πλέον
2385 2460 2416 2530 ἢ
2439 2460 2659 2513 ἔλαττον
2678 2460 3119 2530 ἐπιδεικνύμενος
3142 2459 3334 2513 ἑαυτοῦ
3354 2461 3448 2513 καὶ
3469 2458 3561 2512 τοῦ
3583 2459 3681 2514 σὺν
3698 2460 3797 2512 αὑ-

2202 2552 2278 2622 τῷ
2307 2554 2365 2604 έν
2398 2552 2557 2624 αὐτῇ.
2600 2551 2660 2605 'II
2719 2551 2827 2621 γὰρ
2856 2551 3122 2614 είδοποιὸς
3153 2552 3404 2622 δύναμις,
3448 2552 3668 2622 ἑαυτὴν,
3715 2551 3794 2615 ὡς

2204 2645 2396 2708 εἰπεῖν,
2428 2646 2526 2714 οὑχ
2547 2645 2739 2717 ἑτέρῳ,
2767 2645 2882 2698 ἀλλ’
2914 2644 3064 2714 αὑτῷ
3082 2645 3160 2714 τῷ
3190 2645 3498 2697 συντεθέντι
3528 2645 3624 2698 σὺν
3653 2643 3792 2714 αὐτῇ

2207 2739 2386 2807 μέρει,
2422 2739 2501 2801 εἰς
2532 2734 2670 2800 εἶδος
2709 2738 3034 2807 κεχάρισται
3064 2753 3080 2768 ⁶
3117 2736 3579 2806 άνθρωπιζομένη
3609 2753 3670 2789 τε
3703 2736 3796 2789 διὰ

2203 2829 2379 2888 τοῦδε.
2426 2830 2514 2882 καὶ
2567 2829 2762 2883 θεοῦσα
2813 2831 2933 2882 τόδε
2989 2829 3110 2882 καθ’
3155 2829 3327 2900 αὐτὴν
3351 2829 3418 2882 δι’
3444 2829 3665 2900 ἑαυτῆς,
3699 2828 3797 2881 καὶ⁵

2205 2922 2305 2991 οὐχ
2343 2920 2530 2991 ἕτερον
2576 2924 2846 2992 κρεῖττον.
2878 2921 2974 2974 καὶ
3004 2920 3203 2990 ἑαυτῆς
3235 2921 3328 2973 καὶ
3374 2921 3586 2973 ἐκείνου
3638 2919 3798 2987 ποιῆ-

2208 3027 2299 3063 σαι
2346 3011 2548 3079 ἔχουσα
2578 3006 2742 3074 εἶδος.
2794 3011 2920 3074 Πῶς
2968 3006 3062 3064 οὖν
3117 3010 3307 3081 ἕτερον
3341 3011 3575 3064 ἔσταιτι
3605 3009 3796 3080 φαινό-

2214 3121 2372 3171 μενον
2419 3104 2538 3155 ὅλον
2581 3105 2639 3154 ἐν
2695 3103 2943 3173 Χριστῷ·
2971 3103 3093 3156 κατ’
3127 3104 3316 3156 οὐσίαν
3370 3107 3501 3173 παρ’
3527 3104 3797 3174 ὲκάτερας

525 3197 662 3251 illud
710 3197 960 3250 divinum
995 3198 1106 3267 jam
1139 3199 1439 3253 admissum
1493 3209 1554 3253 ut
1603 3217 1862 3270 generum
1914 3213 2101 3257 auclo-

2210 3197 2416 3248 υῦκοῦν
2437 3197 2604 3264 σαφὲς
2626 3197 2917 3249 κάντεῦθεν
2943 3197 3262 3266 γεγένηται,
3301 3196 3376 3260 ὡς
3419 3198 3628 3250 τοιοῦδε
3659 3214 3798 3265 προ-

527 3305 667 3354 rem,
705 3298 913 3360 partem
963 3291 1337 3360 conjunctam,
1372 3291 1518 3346 idem
1565 3309 1687 3348 esse
1732 3302 1791 3348 et
1826 3306 2020 3348 natura
2055 3306 2111 3349 et

528 3398 763 3437 numero
799 3399 861 3437 ac
895 3385 1261 3452 compositum
1307 3386 1611 3440 secundum
1651 3386 1924 3441 diversam
1965 3389 2111 3457 cogi-

529 3474 794 3529 tationem
823 3475 1028 3530 diclmn
1069 3485 1274 3541 totum;
1313 3486 1367 3531 et
1407 3477 1452 3532 si
1484 3478 1538 3531 in
1576 3494 1642 3532 eo
1672 3479 1916 3533 Verbum
1945 3497 1973 3533 a
2007 3481 2108 3534 Pa-

531 3568 711 3622 tribus
739 3569 949 3622 dictum
983 3578 1067 3624 est
1101 3585 1248 3639 pars,
1282 3571 1463 3625 eidem
1495 3571 1718 3625 Christo
1752 3573 2108 3632 attribuctur.

529 3661 690 3729 cujus
718 3669 776 3714 et
816 3677 945 3730 pars
972 3670 1028 3716 et
1060 3670 1260 3726 totum,
1292 3663 1387 3731 qui
1421 3665 1566 3719 Deus
1599 3665 1927 3735 intelligitur
1957 3650 2113 3720 utro-

529 3752 696 3821 hique
724 3753 931 3820 pariter
960 3753 1255 3822 perfectus,
1279 3755 1492 3809 etiamsi
1522 3755 1854 3824 quandoque
1887 3769 2115 3826 propter

532 3843 991 3912 significationem
1021 3847 1313 3916 utriusque
1348 3846 1540 3916 partis,
1580 3856 1755 3900 totum
1793 3847 1955 3902 dieue
1997 3849 2115 3904 fue-

532 3934 648 3989 rint
672 3935 794 3990 dua:
824 3947 1009 4007 partes
1041 3938 1204 3993 simul
1237 3950 1490 4009 sumptaa,
1529 3955 1657 4010 pars
1693 3955 1826 3996 vero
1857 3956 2116 4012 unaquae-

533 4039 642 4094 que
675 4040 865 4081 earum
903 4029 1131 4083 seorsim
1169 4038 1408 4100 sumpta.

606 4204 889 4259 Immerito
923 4205 1089 4276 igitur
1120 4207 1284 4262 nobis
1328 4208 1610 4278 opponitis
1656 4217 1831 4265 totum
1882 4212 2116 4268 alterius

533 4298 752 4367 generis
788 4313 910 4352 esse
945 4315 975 4352 a
1021 4299 1271 4368 partibus
1302 4308 1530 4371 propter
1558 4303 2028 4374 conjunctioncm,
2061 4315 2118 4360 et

534 4402 739 4442 novum
766 4403 1056 4442 numerum
1088 4389 1374 4446 inducitis.
1403 4390 1462 4446 Si
1487 4392 1661 4454 enim,
1691 4402 1751 4448 ut
1775 4394 1983 4449 dictum
2009 4406 2114 4462 est,

536 4488 713 4533 totum
746 4479 880 4533 illud
909 4488 994 4534 est
1015 4483 1380 4547 numerabile,
1406 4485 1536 4553 quia
1566 4485 1714 4554 quod
1745 4486 1953 4542 indicat
1985 4503 2122 4543 con-~

2211 3307 2256 3340 ω
2265 3287 2467 3358 μολογη
2477 3289 2640 3356 μένου
2661 3289 2929 3342 εἰδοποιοῦ
2947 3289 3124 3357 Λόγου
3144 3289 3309 3353 θείου,
3334 3288 3426 3342 τοῦ
3452 3289 3802 3360 συντεθειμέ-

2211 3396 2303 3432 νου
2339 3378 2562 3448 μέρους,
2593 3380 2792 3432 ταυτὸν
2835 3382 2900 3451 τῇ
2931 3380 3090 3448 φύσει
3126 3380 3222 3433 καὶ
3270 3379 3349 3451 τῷ
3394 3379 3616 3452 ἀριθμῷ
3647 3380 3800 3434 ἔσται

2213 3473 2307 3524 καὶ
2345 3470 2406 3523 τὸ
2453 3472 2593 3524 κατὰ
2645 3471 2903 3543 διάφορον
2937 3473 3184 3525 ἐπίνοιαν
3235 3471 3535 3543 ὀνομασθὲν
3568 3473 3691 3526 ὅλον
3737 3472 3800 3526 τὸ

2215 3561 2469 3614 σύνθετον
2491 3578 2503 3592 ·
2536 3561 2641 3615 κᾶν
2675 3561 2841 3632 μέρος
2873 3565 2929 3616 ὲν
2963 3563 3113 3634 αὑτῷ
3134 3565 3162 3616 ὁ
3195 3565 3368 3632 Λόγος
3399 3564 3619 3635 εἴρηται
3652 3561 3795 3618 εἶναι

2211 3655 2325 3716 τοῖς
2399 3654 2707 3723 Πατράσιν’
2763 3657 2857 3707 καὶ
2909 3654 3003 3708 τοῦ
3064 3656 3230 3710 αὑτοῦ
3284 3657 3796 3730 κατηγορηθήσεται

2213 3745 2476 3815 Χριστοῦ,
2507 3744 2627 3798 καθ’
2657 3740 2718 3800 οὗ
2755 3747 2850 3800 καὶ
2877 3749 2938 3799 τὸ
2969 3747 3132 3819 μέρος
3165 3749 3261 3801 καὶ
3288 3749 3347 3801 τὸ
3377 3749 3497 3802 ὅλον
3519 3767 3533 3781 ·
3564 3752 3640 3814 ὡς
3658 3750 3797 3804 Θεοῦ

2215 3835 2488 3906 ἑκατέρως
2523 3837 2815 3906 νοουμένου
2849 3836 3108 3900 ὡσαύτως
3140 3837 3346 3890 τελείου
3368 3854 3381 3868 ·
3426 3839 3476 3892 εί
3526 3841 3620 3892 καὶ
3667 3841 3801 3893 ποτὲ

2218 3927 2320 3998 μὲν
2340 3926 2429 3980 διὰ
2455 3928 2556 3997 τὴν
2598 3928 2876 3998 σημασίαν
2902 3928 3000 4000 τὴν
3036 3929 3167 4000 περὶ
3202 3931 3464 4000 ἑκατέρου
3495 3931 3602 3984 τῶν
3633 3934 3691 3984 ἐν
3719 3933 3800 4002 τῷ

2217 4020 2482 4092 συνθέτῳ,
2531 4023 2652 4075 ὅλον
2698 4021 2760 4074 τὸ
2820 4023 3255 4094 συναμφότερον,
3290 4024 3455 4094 μέρος
3484 4024 3540 4077 δὲ
3572 4024 3802 4096 θάτερον

2219 4112 2377 4182 μόνον
2403 4111 2510 4165 τῶν
2544 4111 2708 4165 αὑτοῦ
2744 4113 2981 4182 είρηται.
3054 4182 3062 4190 .

2288 4203 2403 4256 Οὐκ
2432 4202 2607 4274 ὀρθῶς
2654 4197 2748 4257 οῦν
2794 4204 2929 4273 ἡμῖν
2961 4202 3226 4272 συνάγετε
3255 4204 3316 4257 τὸ
3344 4205 3682 4276 ὲτεροούσιον
3707 4203 3800 4258 τοῦ

2216 4296 2340 4350 ὅλου
2371 4295 2509 4366 πρὸς
2549 4293 2620 4348 τά
2662 4295 2804 4367 μέρη
2845 4293 2937 4348 διὰ
2965 4297 3064 4365 τὴν
3097 4297 3379 4358 σύνθεσινο
3414 4299 3509 4350 καὶ
3537 4297 3803 4369 νεώτερον

2219 4389 2450 4460 ἀριθμὸν
2477 4389 2773 4459 καθορᾶτε.
2807 4389 2870 4441 ΕΞ
2901 4388 3011 4459 γάρ
3058 4389 3154 4442 καὶ
3178 4389 3253 4453 ὡς
3277 4390 3468 4443 λεκτὸν
3497 4391 3802 4463 ἀριθμητόν

2219 4483 2338 4534 tem
2385 4480 2502 4534 τόδε
2563 4480 2625 4532 τὸ
2675 4480 2798 4533 ὅλον
2855 4477 2950 4532 τοῦ
3027 4481 3438 4549 σημαινομένου
3473 4481 3574 4550 τῆς
3611 4481 3801 4535 συνθέ-

532 4569 880 4637 junctionem
919 4576 1090 4624 totam
1139 4570 1208 4625 ab
1241 4572 1522 4642 aliquibus
1553 4575 1708 4643 quasi
1760 4582 1937 4630 totum
1978 4577 2109 4632 dici-

2219 4590 2356 4637 σεως
2395 4573 2597 4642 πάσης,
2628 4571 2702 4634 ὼς
2727 4571 2848 4624 ὅλου
2879 4570 3176 4640 λεγομένου
3208 4573 3370 4632 τισὶν,
3408 4571 3469 4624 οὐ
3500 4573 3802 4643 προσθήσει

537 4669 653 4722 tur,
688 4675 800 4714 non
831 4660 892 4714 ﬁt
933 4676 1033 4730 per
1058 4661 1399 4718 additionem
1444 4663 1512 4719 ad
1545 4680 1836 4720 numerum
1878 4669 2118 4736 partium

541 4750 806 4829 similium
845 4760 903 4806 et
947 4753 1171 4808 realiter
1199 4756 1610 4810 cxsistentium.
1644 4758 1766 4812 Non
1800 4759 1948 4814 enim
1993 4777 2118 4815 cum

542 4841 848 4895 secundum
897 4842 1149 4899 diversos
1195 4856 1500 4915 respectus,
1549 4849 1751 4904 accidit
1783 4852 1953 4906 multa
1999 4868 2122 4908 esse

543 4931 766 4986 nornina
813 4934 980 4995 unius
1039 4935 1402 5006 ejusdemque
1441 4938 1545 5001 rei,
1604 4947 1662 4994 et
1713 4943 2124 4998 numerosiores

541 5033 675 5079 sunt
729 5025 897 5080 unius
945 5028 1373 5098 appellationes,
1427 5031 1580 5086 verbi
1635 5034 1839 5104 gratia,
1896 5035 2121 5100 Simon,

540 5119 764 5181 Petrus,
792 5119 1027 5189 Ccphas,
1058 5119 1346 5187 BarJona,
1403 5126 1708 5193 apostolus,
1744 5127 1962 5182 Domini
2009 5129 2124 5182 dis-

542 5211 780 5280 cipulus,
830 5219 1020 5267 sancta
1062 5213 1158 5268 Dei
1206 5215 1467 5271 Ecclesia:
1511 5219 1790 5289 magister,
1837 5220 1948 5290 jam
2001 5219 2126 5273 ideo

542 5304 972 5361 existimandum
1037 5316 1124 5362 est
1188 5309 1421 5380 subjecti
1484 5311 1633 5366 illius
1689 5321 1746 5366 et
1803 5314 1968 5367 unius
2031 5314 2128 5367 ho-

545 5397 710 5451 minis
749 5399 828 5453 sic
884 5400 1141 5468 appellati
1189 5402 1544 5472 multiplicari
1599 5421 1834 5459 numero
1881 5406 2131 5460 substan-

547 5490 652 5542 tias
708 5499 763 5543 et
814 5506 1109 5558 personas,
1171 5509 1352 5562 neque
1420 5510 1546 5548 eum
1605 5510 1634 5548 a
1700 5496 1884 5564 seipso
1945 5497 2130 5551 diver—

546 5596 669 5634 sum
693 5597 926 5635 numero
949 5583 1255 5638 secundum
1282 5595 1534 5639 naturam
1557 5597 1614 5640 ct
1637 5603 1960 5655 personam;
1989 5589 2132 5642 sicut

550 5672 720 5740 igitur
743 5672 1002 5742 discipuli
1029 5682 1086 5728 et
1114 5677 1361 5742 magistri
1393 5677 1448 5730 in
1475 5678 1712 5733 diversis
1738 5679 2002 5750 subjectis
2029 5697 2130 5734 no-

555 5761 766 5815 minum
799 5779 864 5816 ex
899 5764 1152 5818 confesso
1187 5765 1376 5820 differt
1409 5769 1761 5838 significatio,
1799 5771 1873 5824 ita
1908 5787 2131 5841 quoque

557 5851 708 5918 ejus.
745 5854 1016 5908 l’ra-terca
1071 5855 1328 5922 dicimus,
1372 5866 1582 5928 partem
1632 5861 2021 5930 conjunctam,
2074 5862 2128 5916 id

2218 4665 2298 4735 τῷ
2339 4663 2559 4735 ἀριθμῷ
2593 4663 2701 4716 τῶν
2754 4664 3055 4734 ὁμοουσίων
3100 4665 3196 4716 καὶ
3242 4664 3541 4735 ὑπαρκτῶν
3593 4665 3802 4736 μερῶν.

2221 4758 2356 4811 Οὐδὲ
2385 4757 2493 4828 γὰρ
2548 4757 2670 4809 ἐπεὶ
2706 4756 2850 4809 κατὰ
2882 4755 3171 4826 διαφόρους
3223 4757 3470 4820 ἐπινοίας
3527 4757 3656 4827 ’περῖ¹
3711 4755 3804 4808 τοῦ

2221 4849 2385 4903 αὐτοῦ
2419 4848 2733 4919 συμϐέϐηκε
2765 4847 3117 4917 πολυωνυμίοι
3142 4847 3272 4900 ποτὲ
3304 4850 3396 4900 καὶ
3428 4847 3634 4917 πληθύς
3659 4851 3808 4900 ἐστιν

2223 4939 2458 5011 ἀριθμοῦ
2487 4939 2598 4991 τῶν
2625 4938 2769 4992 κατὰ
2795 4938 2894 4991 τοῦ
2922 4937 3088 4992 αὑτοῦ
3113 4939 3232 5002 ἑνὸς
3277 4939 3604 5010 πράγματος
3652 4940 3810 5007 λεγο-

2229 5035 2403 5104 μένων
2431 5033 2711 5102 ὀνομάτων
2733 5047 2749 5062 '
2787 5026 2899 5084 οἷον
2941 5033 3145 5101 Σίμων,
3179 5033 3404 5103 Πέτρος,
3438 5035 3657 5102 Κηφᾶς,
3695 5033 3810 5102 Bap

2239 5126 2408 5187 Ἰωνᾶ,
2443 5124 2762 5190 ἀπόστολος,
2805 5125 3056 5195 μαθητής
3089 5141 3148 5177 τε
3182 5125 3278 5178 τοῦ
3324 5126 3553 5197 Κυρίου,
3587 5127 3686 5180 καὶ
3729 5126 3811 5179 δι-

2228 5219 2494 5281 δάσκαλος
2522 5219 2622 5288 τῆς
2652 5219 2814 5287 ἁγίας
2856 5219 2951 5272 τοῦ
2999 5218 3137 5272 Θεοῦ
3185 5218 3533 5288 Ἐκκλησίας,
3568 5218 3668 5289 ήδη
3725 5219 3813 5272 διὰ

2227 5313 2368 5376 τύδε,
2401 5313 2496 5364 καὶ
2523 5310 2617 5364 τοῦ
2672 5313 3035 5380 ὑποκειμένου
3083 5311 3248 5366 αὑτοῦ
3286 5311 3378 5364 καὶ
3406 5311 3812 5381 ὀνομαζομένου

2229 5403 2347 5466 ἑνὸς
2380 5403 2668 5474 ἀνθρώπου
2702 5406 2793 5456 τὸν
2827 5405 3062 5474 ἀριθμὸν
3085 5407 3166 5469 είς
3205 5407 3394 5469 οὐσίας
3424 5407 3456 5477 ἢ
3484 5407 3813 5470 ὑποστάσεις

2231 5511 2296 5547 συ
2307 5495 2709 5565 μπληθύνεσθαι
2733 5496 2973 5564 νοητέον,
2997 5497 3120 5550 οὐδὲ
3143 5497 3422 5568 διαφέρειν
3449 5499 3645 5551 ἑαυτοῦ
3673 5501 3815 5554 κατὰ

2230 5589 2322 5640 τὸν
2357 5588 2586 5656 φυσικὸν
2623 5588 2654 5657 ἢ
2692 5588 3057 5642 ὑποστατικὸν
3111 5590 3348 5661 ἀριθμόν
3370 5606 3384 5619 ’
3421 5590 3595 5653 οὕτως
3625 5590 3813 5662 ὥσπερ

2232 5683 2263 5749 ἡ
2297 5680 2390 5732 τοῦ
2420 5681 2665 5750 μαθητοῦ
2698 5681 2794 5734 καὶ
2821 5681 3143 5734 διδασκάλου
3167 5684 3223 5735 ἐν
3249 5686 3362 5746 τοῖς
3386 5683 3662 5751 διαφόροις
3688 5685 3814 5752 ὅμο-

2233 5771 2576 5839 λογουμένως
2608 5770 2991 5838 ὑποκειμένοις
3020 5773 3302 5842 ὀνομάτων
3343 5772 3509 5826 αὑτοῦ
3540 5772 3812 5842 διενήνοχε

2243 5863 2510 5932 σημασία.
2539 5862 2681 5932 Πρὸς
2713 5861 2922 5926 τούτοις
2952 5863 3003 5915 δ.
3035 5881 3236 5934 φαμεν,
3268 5864 3364 5917 καὶ
3390 5864 3531 5917 ὥστε
3562 5863 3726 5935 μέρος
3753 5865 3809 5915 τὸ
