  <div class='ocr_page' id='page_1' title='image "/cluster/home/n/w/nwhite01/storage/ocr_20150623/86:pt.1/coo.31924054869874/770.png"; bbox 0 0 4116 6452; ppageno 0'>
   <div class='ocr_carea' id='block_1_1' title="bbox 396 392 532 458">
    <p class='ocr_par' dir='ltr' id='par_1_1' title="bbox 396 392 532 458">
     <span class='ocr_line' id='line_1_1' title="bbox 396 392 532 458; baseline 0.022 -3"><span class='ocrx_word' id='word_1_1' title='bbox 396 392 532 458; x_wconf 78' lang='grc'><strong>1525</strong></span> 
     </span>
    </p>
   </div>
   <div class='ocr_carea' id='block_1_2' title="bbox 1355 382 2701 454">
    <p class='ocr_par' dir='ltr' id='par_1_2' title="bbox 1355 382 2701 454">
     <span class='ocr_line' id='line_1_2' title="bbox 1355 382 2701 454; baseline -0.004 -2"><span class='ocrx_word' id='word_1_2' title='bbox 1355 382 1754 454; x_wconf 84' lang='lat' dir='ltr'><strong>ADVERSUS</strong></span> <span class='ocrx_word' id='word_1_3' title='bbox 1793 387 2582 449; x_wconf 82' lang='lat' dir='ltr'><strong>NESTORIANOS.—LIB.</strong></span> <span class='ocrx_word' id='word_1_4' title='bbox 2622 389 2701 447; x_wconf 88' lang='lat' dir='ltr'><strong>II.</strong></span> 
     </span>
    </p>
   </div>
   <div class='ocr_carea' id='block_1_3' title="bbox 3528 369 3691 452">
    <p class='ocr_par' dir='ltr' id='par_1_3' title="bbox 3528 369 3691 452">
     <span class='ocr_line' id='line_1_3' title="bbox 3528 369 3691 452; baseline 0.018 -3"><span class='ocrx_word' id='word_1_5' title='bbox 3528 369 3691 452; x_wconf 60' lang='lat' dir='ltr'><strong>mm&#39;</strong></span> 
     </span>
    </p>
   </div>
   <div class='ocr_carea' id='block_1_4' title="bbox 395 507 1985 583">
    <p class='ocr_par' dir='ltr' id='par_1_4' title="bbox 395 508 1973 583">
     <span class='ocr_line' id='line_1_4' title="bbox 395 508 1973 583; baseline -0.004 -17"><span class='ocrx_word' id='word_1_6' title='bbox 395 512 653 566; x_wconf 85' lang='grc' dir='ltr'>συντεθὲν</span> <span class='ocrx_word' id='word_1_7' title='bbox 683 512 850 583; x_wconf 79' lang='grc' dir='ltr'>ἧγουν</span> <span class='ocrx_word' id='word_1_8' title='bbox 888 514 916 566; x_wconf 88' lang='grc' dir='ltr'>ὁ</span> <span class='ocrx_word' id='word_1_9' title='bbox 941 512 1083 576; x_wconf 79' lang='grc' dir='ltr'>θεῖος</span> <span class='ocrx_word' id='word_1_10' title='bbox 1110 511 1283 581; x_wconf 84' lang='grc' dir='ltr'>Λόγος</span> <span class='ocrx_word' id='word_1_11' title='bbox 1307 527 1323 543; x_wconf 75' lang='grc'><strong><em>⁸</em></strong></span> <span class='ocrx_word' id='word_1_12' title='bbox 1355 510 1479 564; x_wconf 74' lang='grc' dir='ltr'>ἐπεὶ</span> <span class='ocrx_word' id='word_1_13' title='bbox 1503 510 1713 563; x_wconf 90' lang='grc' dir='ltr'>δέδοται</span> <span class='ocrx_word' id='word_1_14' title='bbox 1735 508 1973 577; x_wconf 76' lang='grc' dir='ltr'>ἀκρότα-</span> 
     </span>
    </p>
   </div>
   <div class='ocr_carea' id='block_1_5' title="bbox 2092 507 3667 583">
    <p class='ocr_par' dir='ltr' id='par_1_5' title="bbox 2092 507 3667 580">
     <span class='ocr_line' id='line_1_5' title="bbox 2092 507 3667 580; baseline 0.004 -21"><span class='ocrx_word' id='word_1_15' title='bbox 2092 515 2187 571; x_wconf 72' lang='grc' dir='ltr'>εδι,</span> <span class='ocrx_word' id='word_1_16' title='bbox 2212 507 2452 561; x_wconf 78' lang='lat' dir='ltr'><strong>Verbum</strong></span> <span class='ocrx_word' id='word_1_17' title='bbox 2496 507 2769 573; x_wconf 81' lang='lat' dir='ltr'><strong>divinum,</strong></span> <span class='ocrx_word' id='word_1_18' title='bbox 2809 508 2955 576; x_wconf 84' lang='lat' dir='ltr'><strong>quod</strong></span> <span class='ocrx_word' id='word_1_19' title='bbox 2996 510 3183 565; x_wconf 89' lang='lat' dir='ltr'><strong>datum</strong></span> <span class='ocrx_word' id='word_1_20' title='bbox 3227 521 3312 566; x_wconf 92' lang='lat' dir='ltr'><strong>est</strong></span> <span class='ocrx_word' id='word_1_21' title='bbox 3348 527 3445 565; x_wconf 88' lang='lat' dir='ltr'><strong>sua</strong></span> <span class='ocrx_word' id='word_1_22' title='bbox 3485 512 3667 580; x_wconf 80' lang='lat' dir='ltr'><strong>perfe—</strong></span> 
     </span>
    </p>
   </div>
   <div class='ocr_carea' id='block_1_6' title="bbox 391 599 1970 676">
    <p class='ocr_par' dir='ltr' id='par_1_6' title="bbox 391 599 1970 676">
     <span class='ocr_line' id='line_1_6' title="bbox 391 599 1970 676; baseline -0.006 -17"><span class='ocrx_word' id='word_1_23' title='bbox 391 622 483 659; x_wconf 90' lang='grc' dir='ltr'><strong>τον</strong></span> <span class='ocrx_word' id='word_1_24' title='bbox 519 603 866 676; x_wconf 84' lang='grc' dir='ltr'>ὑπεροχικῶς</span> <span class='ocrx_word' id='word_1_25' title='bbox 916 599 1054 657; x_wconf 75' lang='grc' dir='ltr'>εἶναι</span> <span class='ocrx_word' id='word_1_26' title='bbox 1108 603 1253 659; x_wconf 84' lang='grc' dir='ltr'>κατὰ</span> <span class='ocrx_word' id='word_1_27' title='bbox 1300 602 1637 671; x_wconf 82' lang='grc' dir='ltr'>τελειότητα,</span> <span class='ocrx_word' id='word_1_28' title='bbox 1668 599 1970 669; x_wconf 83' lang='grc' dir='ltr'>εὑδοκῆσαν</span> 
     </span>
    </p>
   </div>
   <div class='ocr_carea' id='block_1_7' title="bbox 394 690 1968 766">
    <p class='ocr_par' dir='ltr' id='par_1_7' title="bbox 394 690 1968 766">
     <span class='ocr_line' id='line_1_7' title="bbox 394 690 1968 766; baseline -0.006 -16"><span class='ocrx_word' id='word_1_29' title='bbox 394 698 713 766; x_wconf 85' lang='grc' dir='ltr'><strong>συντεθῆναι</strong></span> <span class='ocrx_word' id='word_1_30' title='bbox 768 696 951 765; x_wconf 77' lang='grc' dir='ltr'>μεῖζον</span> <span class='ocrx_word' id='word_1_31' title='bbox 982 697 1080 766; x_wconf 86' lang='grc' dir='ltr'><strong>μὲν</strong></span> <span class='ocrx_word' id='word_1_32' title='bbox 1128 697 1161 766; x_wconf 82' lang='grc' dir='ltr'>ἢ</span> <span class='ocrx_word' id='word_1_33' title='bbox 1204 694 1540 764; x_wconf 85' lang='grc' dir='ltr'><strong>τελειότερον</strong></span> <span class='ocrx_word' id='word_1_34' title='bbox 1592 690 1786 745; x_wconf 78' lang='grc' dir='ltr'>ἑαυτοῦ</span> <span class='ocrx_word' id='word_1_35' title='bbox 1829 690 1968 753; x_wconf 81' lang='grc' dir='ltr'>ὅλον,</span> 
     </span>
    </p>
   </div>
   <div class='ocr_carea' id='block_1_8' title="bbox 391 783 1971 860">
    <p class='ocr_par' dir='ltr' id='par_1_8' title="bbox 391 783 1971 860">
     <span class='ocr_line' id='line_1_8' title="bbox 391 783 1971 860; baseline -0.005 -18"><span class='ocrx_word' id='word_1_36' title='bbox 391 788 491 842; x_wconf 81' lang='grc' dir='ltr'>οὐκ</span> <span class='ocrx_word' id='word_1_37' title='bbox 520 790 587 843; x_wconf 86' lang='grc' dir='ltr'><strong>ἂν</strong></span> <span class='ocrx_word' id='word_1_38' title='bbox 616 791 945 860; x_wconf 80' lang='grc' dir='ltr'><strong>συστήσεται</strong></span> <span class='ocrx_word' id='word_1_39' title='bbox 976 788 1195 841; x_wconf 86' lang='grc' dir='ltr'>πώποτε</span> <span class='ocrx_word' id='word_1_40' title='bbox 1217 805 1231 819; x_wconf 90' lang='grc'>·</span> <span class='ocrx_word' id='word_1_41' title='bbox 1268 786 1382 855; x_wconf 83' lang='grc' dir='ltr'>εἴγε</span> <span class='ocrx_word' id='word_1_42' title='bbox 1412 785 1629 856; x_wconf 80' lang='grc' dir='ltr'>ἀληθῶς</span> <span class='ocrx_word' id='word_1_43' title='bbox 1658 783 1971 836; x_wconf 69' lang='grc' dir='ltr'><strong>παντέλειαν</strong></span> 
     </span>
    </p>
   </div>
   <div class='ocr_carea' id='block_1_9' title="bbox 393 874 1973 950">
    <p class='ocr_par' dir='ltr' id='par_1_9' title="bbox 393 874 1973 950">
     <span class='ocr_line' id='line_1_9' title="bbox 393 874 1973 950; baseline -0.003 -20"><span class='ocrx_word' id='word_1_44' title='bbox 393 875 533 930; x_wconf 81' lang='grc' dir='ltr'>εἶναι</span> <span class='ocrx_word' id='word_1_45' title='bbox 569 878 1011 950; x_wconf 80' lang='grc' dir='ltr'>μεμαρτύρηται,</span> <span class='ocrx_word' id='word_1_46' title='bbox 1042 877 1130 930; x_wconf 78' lang='grc' dir='ltr'><strong>διὰ</strong></span> <span class='ocrx_word' id='word_1_47' title='bbox 1158 878 1249 930; x_wconf 81' lang='grc' dir='ltr'><strong>τὸν</strong></span> <span class='ocrx_word' id='word_1_48' title='bbox 1292 879 1392 946; x_wconf 77' lang='grc' dir='ltr'>τῆς</span> <span class='ocrx_word' id='word_1_49' title='bbox 1421 876 1634 944; x_wconf 82' lang='grc' dir='ltr'>φύσεως</span> <span class='ocrx_word' id='word_1_50' title='bbox 1663 874 1859 927; x_wconf 77' lang='grc' dir='ltr'>ἑαυτοῦ</span> <span class='ocrx_word' id='word_1_51' title='bbox 1884 874 1973 926; x_wconf 80' lang='grc' dir='ltr'><strong>λό-</strong></span> 
     </span>
    </p>
   </div>
   <div class='ocr_carea' id='block_1_10' title="bbox 392 962 1973 1039">
    <p class='ocr_par' dir='ltr' id='par_1_10' title="bbox 392 962 1973 1039">
     <span class='ocr_line' id='line_1_10' title="bbox 392 962 1973 1039; baseline -0.003 -17"><span class='ocrx_word' id='word_1_52' title='bbox 392 986 489 1037; x_wconf 85' lang='grc' dir='ltr'>γον</span> <span class='ocrx_word' id='word_1_53' title='bbox 509 985 523 999; x_wconf 83' lang='grc'><strong>’</strong></span> <span class='ocrx_word' id='word_1_54' title='bbox 555 970 669 1023; x_wconf 83' lang='grc' dir='ltr'>ἀλλ’</span> <span class='ocrx_word' id='word_1_55' title='bbox 699 970 820 1022; x_wconf 70' lang='grc' dir='ltr'><strong>οὐδὲ</strong></span> <span class='ocrx_word' id='word_1_56' title='bbox 858 973 1010 1039; x_wconf 89' lang='grc' dir='ltr'>μεῖον</span> <span class='ocrx_word' id='word_1_57' title='bbox 1043 969 1236 1023; x_wconf 76' lang='grc' dir='ltr'>ἑαυτοῦ</span> <span class='ocrx_word' id='word_1_58' title='bbox 1270 970 1489 1038; x_wconf 83' lang='grc' dir='ltr'>ποιήσει</span> <span class='ocrx_word' id='word_1_59' title='bbox 1536 985 1590 1020; x_wconf 89' lang='grc' dir='ltr'><strong>τι</strong></span> <span class='ocrx_word' id='word_1_60' title='bbox 1631 962 1774 1019; x_wconf 85' lang='grc' dir='ltr'>εἶναι</span> <span class='ocrx_word' id='word_1_61' title='bbox 1805 966 1867 1019; x_wconf 86' lang='grc' dir='ltr'><strong>τὸ</strong></span> <span class='ocrx_word' id='word_1_62' title='bbox 1895 968 1973 1019; x_wconf 83' lang='grc' dir='ltr'><strong>οξ-</strong></span> 
     </span>
    </p>
   </div>
   <div class='ocr_carea' id='block_1_11' title="bbox 393 1060 1972 1131">
    <p class='ocr_par' dir='ltr' id='par_1_11' title="bbox 393 1060 1972 1131">
     <span class='ocr_line' id='line_1_11' title="bbox 393 1060 1972 1131; baseline -0.003 -16"><span class='ocrx_word' id='word_1_63' title='bbox 393 1066 539 1115; x_wconf 84' lang='grc' dir='ltr'>κεῖον</span> <span class='ocrx_word' id='word_1_64' title='bbox 571 1063 691 1116; x_wconf 84' lang='grc' dir='ltr'>ὅλον</span> <span class='ocrx_word' id='word_1_65' title='bbox 718 1063 807 1116; x_wconf 82' lang='grc' dir='ltr'>διὰ</span> <span class='ocrx_word' id='word_1_66' title='bbox 834 1064 925 1116; x_wconf 82' lang='grc' dir='ltr'>τὸν</span> <span class='ocrx_word' id='word_1_67' title='bbox 967 1063 1149 1131; x_wconf 85' lang='grc' dir='ltr'><strong>πάσης</strong></span> <span class='ocrx_word' id='word_1_68' title='bbox 1179 1062 1483 1125; x_wconf 77' lang='grc' dir='ltr'>συνθέσεως</span> <span class='ocrx_word' id='word_1_69' title='bbox 1522 1060 1679 1129; x_wconf 75' lang='grc' dir='ltr'>λόγον</span> <span class='ocrx_word' id='word_1_70' title='bbox 1700 1076 1714 1091; x_wconf 74' lang='grc' dir='ltr'><strong>ο</strong></span> <span class='ocrx_word' id='word_1_71' title='bbox 1749 1060 1972 1128; x_wconf 81' lang='grc' dir='ltr'>μείζονα</span> 
     </span>
    </p>
   </div>
   <div class='ocr_carea' id='block_1_12' title="bbox 391 1152 1972 1226">
    <p class='ocr_par' dir='ltr' id='par_1_12' title="bbox 391 1152 1972 1226">
     <span class='ocr_line' id='line_1_12' title="bbox 391 1152 1972 1226; baseline -0.001 -20"><span class='ocrx_word' id='word_1_72' title='bbox 391 1155 520 1226; x_wconf 81' lang='grc' dir='ltr'>γὰρ,</span> <span class='ocrx_word' id='word_1_73' title='bbox 553 1155 680 1223; x_wconf 84' lang='grc' dir='ltr'>τόγε</span> <span class='ocrx_word' id='word_1_74' title='bbox 713 1155 799 1207; x_wconf 77' lang='grc' dir='ltr'><strong>ἐπ’</strong></span> <span class='ocrx_word' id='word_1_75' title='bbox 834 1157 1039 1220; x_wconf 82' lang='grc' dir='ltr'>αὑτοῖς,</span> <span class='ocrx_word' id='word_1_76' title='bbox 1072 1156 1171 1207; x_wconf 87' lang='grc' dir='ltr'><strong>οὑκ</strong></span> <span class='ocrx_word' id='word_1_77' title='bbox 1195 1154 1454 1208; x_wconf 79' lang='grc' dir='ltr'>ἐλάττονα</span> <span class='ocrx_word' id='word_1_78' title='bbox 1477 1154 1674 1223; x_wconf 88' lang='grc' dir='ltr'>δήποτε</span> <span class='ocrx_word' id='word_1_79' title='bbox 1699 1152 1972 1205; x_wconf 79' lang='grc' dir='ltr'>δείκνυται</span> 
     </span>
    </p>
   </div>
   <div class='ocr_carea' id='block_1_13' title="bbox 391 1240 1973 1316">
    <p class='ocr_par' dir='ltr' id='par_1_13' title="bbox 391 1240 1973 1316">
     <span class='ocr_line' id='line_1_13' title="bbox 391 1240 1973 1316; baseline -0.003 -18"><span class='ocrx_word' id='word_1_80' title='bbox 391 1245 501 1298; x_wconf 85' lang='grc' dir='ltr'><strong>τῶν</strong></span> <span class='ocrx_word' id='word_1_81' title='bbox 542 1244 724 1316; x_wconf 82' lang='grc' dir='ltr'>μερῶν</span> <span class='ocrx_word' id='word_1_82' title='bbox 754 1245 821 1297; x_wconf 80' lang='grc' dir='ltr'><strong>τὰ</strong></span> <span class='ocrx_word' id='word_1_83' title='bbox 853 1246 1030 1297; x_wconf 82' lang='grc' dir='ltr'>οἰκεῖα</span> <span class='ocrx_word' id='word_1_84' title='bbox 1049 1245 1166 1298; x_wconf 84' lang='grc' dir='ltr'>ὅλα.</span> <span class='ocrx_word' id='word_1_85' title='bbox 1200 1245 1335 1297; x_wconf 82' lang='grc' dir='ltr'><strong>Εὶδὲ</strong></span> <span class='ocrx_word' id='word_1_86' title='bbox 1356 1246 1492 1314; x_wconf 86' lang='grc' dir='ltr'>μήτε</span> <span class='ocrx_word' id='word_1_87' title='bbox 1520 1244 1705 1313; x_wconf 83' lang='grc' dir='ltr'>μεῖςον</span> <span class='ocrx_word' id='word_1_88' title='bbox 1724 1240 1890 1295; x_wconf 81' lang='grc' dir='ltr'>αὑτοῦ</span> <span class='ocrx_word' id='word_1_89' title='bbox 1913 1241 1973 1293; x_wconf 88' lang='grc' dir='ltr'><strong>τδ</strong></span> 
     </span>
    </p>
   </div>
   <div class='ocr_carea' id='block_1_14' title="bbox 392 1332 1970 1405">
    <p class='ocr_par' dir='ltr' id='par_1_14' title="bbox 392 1332 1970 1405">
     <span class='ocr_line' id='line_1_14' title="bbox 392 1332 1970 1405; baseline -0.002 -17"><span class='ocrx_word' id='word_1_90' title='bbox 392 1335 483 1388; x_wconf 77' lang='grc' dir='ltr'><strong>τοῦ</strong></span> <span class='ocrx_word' id='word_1_91' title='bbox 502 1337 675 1402; x_wconf 82' lang='grc' dir='ltr'>Λόγου</span> <span class='ocrx_word' id='word_1_92' title='bbox 692 1335 831 1398; x_wconf 79' lang='grc' dir='ltr'>ὅλον,</span> <span class='ocrx_word' id='word_1_93' title='bbox 855 1335 942 1388; x_wconf 82' lang='grc' dir='ltr'>διὰ</span> <span class='ocrx_word' id='word_1_94' title='bbox 958 1335 1053 1405; x_wconf 81' lang='grc' dir='ltr'><strong>τὴν</strong></span> <span class='ocrx_word' id='word_1_95' title='bbox 1072 1335 1233 1402; x_wconf 80' lang='grc' dir='ltr'>φύσιν</span> <span class='ocrx_word' id='word_1_96' title='bbox 1254 1335 1418 1387; x_wconf 71' lang='grc' dir='ltr'>αὑτοῦ</span> <span class='ocrx_word' id='word_1_97' title='bbox 1442 1333 1598 1386; x_wconf 80' lang='grc' dir='ltr'>τοῦδε</span> <span class='ocrx_word' id='word_1_98' title='bbox 1620 1332 1713 1386; x_wconf 83' lang='grc' dir='ltr'><strong>τοῦ</strong></span> <span class='ocrx_word' id='word_1_99' title='bbox 1752 1332 1817 1403; x_wconf 84' lang='grc' dir='ltr'>μέ</span> <span class='ocrx_word' id='word_1_100' title='bbox 1827 1350 1970 1401; x_wconf 83' lang='grc' dir='ltr'>ρους,</span> 
     </span>
    </p>
   </div>
   <div class='ocr_carea' id='block_1_15' title="bbox 396 1421 1975 1497">
    <p class='ocr_par' dir='ltr' id='par_1_15' title="bbox 396 1421 1975 1497">
     <span class='ocr_line' id='line_1_15' title="bbox 396 1421 1975 1497; baseline -0.002 -19"><span class='ocrx_word' id='word_1_101' title='bbox 396 1427 534 1497; x_wconf 86' lang='grc' dir='ltr'>μήτε</span> <span class='ocrx_word' id='word_1_102' title='bbox 555 1426 610 1479; x_wconf 81' lang='grc' dir='ltr'>δὲ</span> <span class='ocrx_word' id='word_1_103' title='bbox 624 1421 807 1497; x_wconf 90' lang='grc' dir='ltr'>ἦττον,</span> <span class='ocrx_word' id='word_1_104' title='bbox 833 1425 918 1478; x_wconf 79' lang='grc' dir='ltr'><strong>διὰ</strong></span> <span class='ocrx_word' id='word_1_105' title='bbox 942 1425 1033 1477; x_wconf 83' lang='grc' dir='ltr'><strong>τὸν</strong></span> <span class='ocrx_word' id='word_1_106' title='bbox 1056 1424 1154 1493; x_wconf 75' lang='grc' dir='ltr'>τῆς</span> <span class='ocrx_word' id='word_1_107' title='bbox 1182 1426 1483 1486; x_wconf 74' lang='grc' dir='ltr'>συνθέσεως</span> <span class='ocrx_word' id='word_1_108' title='bbox 1511 1423 1699 1487; x_wconf 80' lang='grc' dir='ltr'>ἁπλῶς</span> <span class='ocrx_word' id='word_1_109' title='bbox 1721 1423 1876 1491; x_wconf 86' lang='grc' dir='ltr'>λόγον</span> <span class='ocrx_word' id='word_1_110' title='bbox 1894 1423 1975 1475; x_wconf 80' lang='grc' dir='ltr'><strong>δεῖ</strong></span> 
     </span>
    </p>
   </div>
   <div class='ocr_carea' id='block_1_16' title="bbox 396 1515 1974 1589">
    <p class='ocr_par' dir='ltr' id='par_1_16' title="bbox 396 1515 1974 1589">
     <span class='ocr_line' id='line_1_16' title="bbox 396 1515 1974 1589; baseline -0.001 -18"><span class='ocrx_word' id='word_1_111' title='bbox 396 1515 556 1580; x_wconf 73' lang='grc' dir='ltr'>εἶναι,</span> <span class='ocrx_word' id='word_1_112' title='bbox 575 1518 763 1572; x_wconf 80' lang='grc' dir='ltr'>ἑαυτὸν</span> <span class='ocrx_word' id='word_1_113' title='bbox 791 1520 898 1589; x_wconf 84' lang='grc' dir='ltr'>ἄρα</span> <span class='ocrx_word' id='word_1_114' title='bbox 916 1519 1029 1583; x_wconf 77' lang='grc' dir='ltr'>’έξει</span> <span class='ocrx_word' id='word_1_115' title='bbox 1044 1519 1163 1571; x_wconf 76' lang='grc' dir='ltr'>ὅλον</span> <span class='ocrx_word' id='word_1_116' title='bbox 1184 1519 1244 1571; x_wconf 77' lang='grc' dir='ltr'>τὸ</span> <span class='ocrx_word' id='word_1_117' title='bbox 1262 1517 1504 1571; x_wconf 76' lang='grc' dir='ltr'>ὁλοποιδν</span> <span class='ocrx_word' id='word_1_118' title='bbox 1530 1517 1695 1570; x_wconf 80' lang='grc' dir='ltr'>αὑτοῦ</span> <span class='ocrx_word' id='word_1_119' title='bbox 1721 1517 1887 1587; x_wconf 80' lang='grc' dir='ltr'>μέρος</span> <span class='ocrx_word' id='word_1_120' title='bbox 1912 1532 1925 1546; x_wconf 83' lang='lat'><strong><em>°</em></strong></span> <span class='ocrx_word' id='word_1_121' title='bbox 1946 1516 1974 1569; x_wconf 84' lang='grc' dir='ltr'>ὃ</span> 
     </span>
    </p>
   </div>
   <div class='ocr_carea' id='block_1_17' title="bbox 397 1608 1973 1679">
    <p class='ocr_par' dir='ltr' id='par_1_17' title="bbox 397 1608 1973 1679">
     <span class='ocr_line' id='line_1_17' title="bbox 397 1608 1973 1679; baseline -0.002 -17"><span class='ocrx_word' id='word_1_122' title='bbox 397 1609 489 1662; x_wconf 78' lang='grc' dir='ltr'><strong>καὶ</strong></span> <span class='ocrx_word' id='word_1_123' title='bbox 518 1609 575 1675; x_wconf 77' lang='grc' dir='ltr'><strong>ἐξ</strong></span> <span class='ocrx_word' id='word_1_124' title='bbox 603 1610 849 1679; x_wconf 82' lang='grc' dir='ltr'><strong>ἀνάγκης</strong></span> <span class='ocrx_word' id='word_1_125' title='bbox 884 1608 998 1661; x_wconf 78' lang='grc' dir='ltr'>ἴσον</span> <span class='ocrx_word' id='word_1_126' title='bbox 1030 1608 1107 1679; x_wconf 82' lang='grc' dir='ltr'>τῷ</span> <span class='ocrx_word' id='word_1_127' title='bbox 1140 1609 1253 1679; x_wconf 79' lang='grc' dir='ltr'><strong>ἰδίῳ</strong></span> <span class='ocrx_word' id='word_1_128' title='bbox 1286 1609 1443 1679; x_wconf 80' lang='grc' dir='ltr'>μέρει</span> <span class='ocrx_word' id='word_1_129' title='bbox 1478 1608 1630 1660; x_wconf 86' lang='grc' dir='ltr'>ἕσται</span> <span class='ocrx_word' id='word_1_130' title='bbox 1658 1608 1751 1660; x_wconf 74' lang='grc' dir='ltr'>καὶ</span> <span class='ocrx_word' id='word_1_131' title='bbox 1777 1610 1973 1660; x_wconf 79' lang='grc' dir='ltr'>οἰκεῖον</span> 
     </span>
    </p>
   </div>
   <div class='ocr_carea' id='block_1_18' title="bbox 395 1695 1975 1768">
    <p class='ocr_par' dir='ltr' id='par_1_18' title="bbox 395 1695 1975 1768">
     <span class='ocr_line' id='line_1_18' title="bbox 395 1695 1975 1768; baseline -0.004 -14"><span class='ocrx_word' id='word_1_132' title='bbox 395 1699 562 1754; x_wconf 79' lang='grc' dir='ltr'>αὑτοῦ</span> <span class='ocrx_word' id='word_1_133' title='bbox 595 1700 716 1752; x_wconf 77' lang='grc' dir='ltr'>ὅλου</span> <span class='ocrx_word' id='word_1_134' title='bbox 739 1700 1061 1768; x_wconf 83' lang='grc' dir='ltr'>λεγόμενον.</span> <span class='ocrx_word' id='word_1_135' title='bbox 1092 1699 1217 1761; x_wconf 83' lang='grc' dir='ltr'><strong>Πῶς</strong></span> <span class='ocrx_word' id='word_1_136' title='bbox 1243 1695 1335 1752; x_wconf 82' lang='grc' dir='ltr'><strong>οὖν</strong></span> <span class='ocrx_word' id='word_1_137' title='bbox 1364 1700 1485 1751; x_wconf 77' lang='grc' dir='ltr'>ὅλου</span> <span class='ocrx_word' id='word_1_138' title='bbox 1520 1698 1813 1767; x_wconf 74' lang='grc' dir='ltr'>ἑτερότητα</span> <span class='ocrx_word' id='word_1_139' title='bbox 1838 1697 1975 1767; x_wconf 81' lang='grc' dir='ltr'>πρὸς</span> 
     </span>
    </p>
   </div>
   <div class='ocr_carea' id='block_1_19' title="bbox 393 1791 1975 1863">
    <p class='ocr_par' dir='ltr' id='par_1_19' title="bbox 393 1791 1975 1863">
     <span class='ocr_line' id='line_1_19' title="bbox 393 1791 1975 1863; baseline -0.002 -18"><span class='ocrx_word' id='word_1_140' title='bbox 393 1792 461 1846; x_wconf 81' lang='grc' dir='ltr'>τὰ</span> <span class='ocrx_word' id='word_1_141' title='bbox 497 1792 637 1863; x_wconf 88' lang='grc' dir='ltr'>μέρη</span> <span class='ocrx_word' id='word_1_142' title='bbox 667 1792 760 1845; x_wconf 65' lang='grc' dir='ltr'>καὶ</span> <span class='ocrx_word' id='word_1_143' title='bbox 791 1792 873 1845; x_wconf 74' lang='grc' dir='ltr'><strong>ἑνὶ</strong></span> <span class='ocrx_word' id='word_1_144' title='bbox 900 1792 998 1861; x_wconf 82' lang='grc' dir='ltr'><strong>τῆς</strong></span> <span class='ocrx_word' id='word_1_145' title='bbox 1045 1793 1187 1845; x_wconf 74' lang='grc' dir='ltr'>κατὰ</span> <span class='ocrx_word' id='word_1_146' title='bbox 1220 1792 1309 1845; x_wconf 82' lang='grc' dir='ltr'><strong>τὸν</strong></span> <span class='ocrx_word' id='word_1_147' title='bbox 1333 1792 1613 1862; x_wconf 71' lang='grc' dir='ltr'>Δεσπύτην</span> <span class='ocrx_word' id='word_1_148' title='bbox 1646 1791 1803 1861; x_wconf 81' lang='grc' dir='ltr'>ἡμῶν</span> <span class='ocrx_word' id='word_1_149' title='bbox 1828 1792 1975 1862; x_wconf 82' lang='grc' dir='ltr'>Χρι-</span> 
     </span>
    </p>
   </div>
   <div class='ocr_carea' id='block_1_20' title="bbox 2078 597 3666 672">
    <p class='ocr_par' dir='ltr' id='par_1_20' title="bbox 2078 597 3666 672">
     <span class='ocr_line' id='line_1_20' title="bbox 2078 597 3666 672; baseline 0.003 -21"><span class='ocrx_word' id='word_1_150' title='bbox 2078 597 2263 651; x_wconf 86' lang='lat' dir='ltr'><strong>ctione</strong></span> <span class='ocrx_word' id='word_1_151' title='bbox 2290 597 2813 653; x_wconf 79' lang='lat' dir='ltr'><strong>excellentissimum</strong></span> <span class='ocrx_word' id='word_1_152' title='bbox 2841 615 2985 663; x_wconf 88' lang='lat' dir='ltr'><strong>esse,</strong></span> <span class='ocrx_word' id='word_1_153' title='bbox 3011 616 3108 655; x_wconf 91' lang='lat' dir='ltr'><strong>eos</strong></span> <span class='ocrx_word' id='word_1_154' title='bbox 3131 603 3373 657; x_wconf 80' lang='lat' dir='ltr'><strong>voluisse</strong></span> <span class='ocrx_word' id='word_1_155' title='bbox 3401 604 3666 672; x_wconf 81' lang='lat' dir='ltr'><strong>majorem</strong></span> 
     </span>
    </p>
   </div>
   <div class='ocr_carea' id='block_1_21' title="bbox 2078 687 3669 759">
    <p class='ocr_par' dir='ltr' id='par_1_21' title="bbox 2078 687 3669 759">
     <span class='ocr_line' id='line_1_21' title="bbox 2078 687 3669 759; baseline 0.004 -18"><span class='ocrx_word' id='word_1_156' title='bbox 2078 696 2133 742; x_wconf 91' lang='lat' dir='ltr'><strong>et</strong></span> <span class='ocrx_word' id='word_1_157' title='bbox 2163 687 2552 757; x_wconf 78' lang='lat' dir='ltr'><strong>perfectiorem</strong></span> <span class='ocrx_word' id='word_1_158' title='bbox 2581 690 2763 759; x_wconf 76' lang='lat' dir='ltr'><strong>seipso</strong></span> <span class='ocrx_word' id='word_1_159' title='bbox 2794 690 2848 743; x_wconf 88' lang='lat' dir='ltr'><strong>in</strong></span> <span class='ocrx_word' id='word_1_160' title='bbox 2886 700 3000 745; x_wconf 90' lang='lat' dir='ltr'><strong>toto</strong></span> <span class='ocrx_word' id='word_1_161' title='bbox 3031 692 3231 756; x_wconf 80' lang='lat' dir='ltr'><strong>facere,</strong></span> <span class='ocrx_word' id='word_1_162' title='bbox 3261 693 3356 748; x_wconf 79' lang='lat' dir='ltr'><strong>sed</strong></span> <span class='ocrx_word' id='word_1_163' title='bbox 3391 694 3495 747; x_wconf 85' lang='lat' dir='ltr'><strong>hoc</strong></span> <span class='ocrx_word' id='word_1_164' title='bbox 3522 710 3669 748; x_wconf 86' lang='lat' dir='ltr'><strong>nun-</strong></span> 
     </span>
    </p>
   </div>
   <div class='ocr_carea' id='block_1_22' title="bbox 2078 783 3666 855">
    <p class='ocr_par' dir='ltr' id='par_1_22' title="bbox 2078 783 3666 855">
     <span class='ocr_line' id='line_1_22' title="bbox 2078 783 3666 855; baseline 0.006 -22"><span class='ocrx_word' id='word_1_165' title='bbox 2078 796 2243 850; x_wconf 88' lang='lat' dir='ltr'><strong>quam</strong></span> <span class='ocrx_word' id='word_1_166' title='bbox 2276 796 2398 836; x_wconf 91' lang='lat' dir='ltr'><strong>esse</strong></span> <span class='ocrx_word' id='word_1_167' title='bbox 2429 798 2773 837; x_wconf 89' lang='lat' dir='ltr'><strong>mansurum.</strong></span> <span class='ocrx_word' id='word_1_168' title='bbox 2795 783 2851 838; x_wconf 92' lang='lat' dir='ltr'><strong>Si</strong></span> <span class='ocrx_word' id='word_1_169' title='bbox 2888 801 3018 839; x_wconf 80' lang='lat' dir='ltr'><strong>vere</strong></span> <span class='ocrx_word' id='word_1_170' title='bbox 3050 786 3512 855; x_wconf 81' lang='lat' dir='ltr'><strong>perfectissimum</strong></span> <span class='ocrx_word' id='word_1_171' title='bbox 3542 803 3666 842; x_wconf 91' lang='lat' dir='ltr'><strong>esse</strong></span> 
     </span>
    </p>
   </div>
   <div class='ocr_carea' id='block_1_23' title="bbox 2080 876 3664 951">
    <p class='ocr_par' dir='ltr' id='par_1_23' title="bbox 2080 876 3664 951">
     <span class='ocr_line' id='line_1_23' title="bbox 2080 876 3664 951; baseline 0.005 -22"><span class='ocrx_word' id='word_1_172' title='bbox 2080 876 2373 945; x_wconf 84' lang='lat' dir='ltr'><strong>probatqu</strong></span> <span class='ocrx_word' id='word_1_173' title='bbox 2402 887 2507 942; x_wconf 87' lang='lat' dir='ltr'><strong>est,</strong></span> <span class='ocrx_word' id='word_1_174' title='bbox 2534 880 2839 933; x_wconf 91' lang='lat' dir='ltr'><strong>secundum</strong></span> <span class='ocrx_word' id='word_1_175' title='bbox 2867 882 2986 951; x_wconf 82' lang='lat' dir='ltr'><strong>ejus</strong></span> <span class='ocrx_word' id='word_1_176' title='bbox 3014 891 3227 936; x_wconf 76' lang='lat' dir='ltr'><strong>naturre</strong></span> <span class='ocrx_word' id='word_1_177' title='bbox 3254 883 3545 946; x_wconf 90' lang='lat' dir='ltr'><strong>rationem,</strong></span> <span class='ocrx_word' id='word_1_178' title='bbox 3575 884 3664 937; x_wconf 86' lang='lat' dir='ltr'><strong>ni-</strong></span> 
     </span>
    </p>
   </div>
   <div class='ocr_carea' id='block_1_24' title="bbox 2081 968 3667 1045">
    <p class='ocr_par' dir='ltr' id='par_1_24' title="bbox 2081 968 3667 1045">
     <span class='ocr_line' id='line_1_24' title="bbox 2081 968 3667 1045; baseline 0.006 -24"><span class='ocrx_word' id='word_1_179' title='bbox 2081 968 2158 1021; x_wconf 87' lang='lat' dir='ltr'><strong>hil</strong></span> <span class='ocrx_word' id='word_1_180' title='bbox 2186 968 2368 1037; x_wconf 90' lang='lat' dir='ltr'><strong>seipso</strong></span> <span class='ocrx_word' id='word_1_181' title='bbox 2398 970 2581 1025; x_wconf 90' lang='lat' dir='ltr'><strong>minus</strong></span> <span class='ocrx_word' id='word_1_182' title='bbox 2613 980 2786 1026; x_wconf 90' lang='lat' dir='ltr'><strong>totum</strong></span> <span class='ocrx_word' id='word_1_183' title='bbox 2816 974 3123 1042; x_wconf 85' lang='lat' dir='ltr'><strong>proprium,</strong></span> <span class='ocrx_word' id='word_1_184' title='bbox 3152 990 3249 1043; x_wconf 91' lang='lat' dir='ltr'><strong>per</strong></span> <span class='ocrx_word' id='word_1_185' title='bbox 3272 990 3667 1045; x_wconf 86' lang='lat' dir='ltr'><strong>quamcunque</strong></span> 
     </span>
    </p>
   </div>
   <div class='ocr_carea' id='block_1_25' title="bbox 2079 1063 3668 1137">
    <p class='ocr_par' dir='ltr' id='par_1_25' title="bbox 2079 1063 3668 1137">
     <span class='ocr_line' id='line_1_25' title="bbox 2079 1063 3668 1137; baseline 0.005 -23"><span class='ocrx_word' id='word_1_186' title='bbox 2079 1063 2524 1132; x_wconf 80' lang='lat' dir='ltr'><strong>conjunctionem</strong></span> <span class='ocrx_word' id='word_1_187' title='bbox 2550 1081 2565 1129; x_wconf 89' lang='lat'><strong>;</strong></span> <span class='ocrx_word' id='word_1_188' title='bbox 2598 1074 2708 1119; x_wconf 88' lang='lat' dir='ltr'><strong>tota</strong></span> <span class='ocrx_word' id='word_1_189' title='bbox 2738 1067 2885 1120; x_wconf 92' lang='lat' dir='ltr'><strong>enim</strong></span> <span class='ocrx_word' id='word_1_190' title='bbox 2916 1076 3131 1122; x_wconf 90' lang='lat' dir='ltr'><strong>constat</strong></span> <span class='ocrx_word' id='word_1_191' title='bbox 3160 1069 3367 1137; x_wconf 84' lang='lat' dir='ltr'><strong>majora</strong></span> <span class='ocrx_word' id='word_1_192' title='bbox 3396 1069 3514 1122; x_wconf 86' lang='lat' dir='ltr'><strong>suis</strong></span> <span class='ocrx_word' id='word_1_193' title='bbox 3540 1084 3668 1137; x_wconf 89' lang='lat' dir='ltr'><strong>par-</strong></span> 
     </span>
    </p>
   </div>
   <div class='ocr_carea' id='block_1_26' title="bbox 2082 1152 3668 1230">
    <p class='ocr_par' dir='ltr' id='par_1_26' title="bbox 2082 1152 3668 1230">
     <span class='ocr_line' id='line_1_26' title="bbox 2082 1152 3668 1230; baseline 0.006 -25"><span class='ocrx_word' id='word_1_194' title='bbox 2082 1152 2232 1206; x_wconf 90' lang='lat' dir='ltr'><strong>tibus</strong></span> <span class='ocrx_word' id='word_1_195' title='bbox 2262 1168 2404 1208; x_wconf 86' lang='lat' dir='ltr'><strong>esse.</strong></span> <span class='ocrx_word' id='word_1_196' title='bbox 2461 1154 2517 1209; x_wconf 87' lang='lat' dir='ltr'><strong>Si</strong></span> <span class='ocrx_word' id='word_1_197' title='bbox 2552 1164 2736 1210; x_wconf 91' lang='lat' dir='ltr'><strong>autem</strong></span> <span class='ocrx_word' id='word_1_198' title='bbox 2770 1172 2882 1211; x_wconf 91' lang='lat' dir='ltr'><strong>non</strong></span> <span class='ocrx_word' id='word_1_199' title='bbox 2924 1159 3100 1229; x_wconf 85' lang='lat' dir='ltr'><strong>majus</strong></span> <span class='ocrx_word' id='word_1_200' title='bbox 3128 1160 3295 1213; x_wconf 85' lang='lat' dir='ltr'><strong>Verbi</strong></span> <span class='ocrx_word' id='word_1_201' title='bbox 3314 1169 3511 1224; x_wconf 88' lang='lat' dir='ltr'><strong>totum,</strong></span> <span class='ocrx_word' id='word_1_202' title='bbox 3542 1176 3668 1230; x_wconf 89' lang='lat' dir='ltr'><strong>pro-</strong></span> 
     </span>
    </p>
   </div>
   <div class='ocr_carea' id='block_1_27' title="bbox 2080 1245 3665 1321">
    <p class='ocr_par' dir='ltr' id='par_1_27' title="bbox 2080 1245 3665 1321">
     <span class='ocr_line' id='line_1_27' title="bbox 2080 1245 3665 1321; baseline 0.006 -25"><span class='ocrx_word' id='word_1_203' title='bbox 2080 1252 2204 1313; x_wconf 86' lang='lat' dir='ltr'><strong>pter</strong></span> <span class='ocrx_word' id='word_1_204' title='bbox 2228 1245 2392 1316; x_wconf 88' lang='lat' dir='ltr'><strong>hujus</strong></span> <span class='ocrx_word' id='word_1_205' title='bbox 2419 1247 2591 1316; x_wconf 86' lang='lat' dir='ltr'><strong>partis</strong></span> <span class='ocrx_word' id='word_1_206' title='bbox 2620 1257 2897 1314; x_wconf 90' lang='lat' dir='ltr'><strong>naturam,</strong></span> <span class='ocrx_word' id='word_1_207' title='bbox 2927 1266 3108 1320; x_wconf 82' lang='lat' dir='ltr'><strong>neque</strong></span> <span class='ocrx_word' id='word_1_208' title='bbox 3140 1251 3323 1305; x_wconf 91' lang='lat' dir='ltr'><strong>minus</strong></span> <span class='ocrx_word' id='word_1_209' title='bbox 3347 1267 3469 1306; x_wconf 88' lang='lat' dir='ltr'><strong>esse</strong></span> <span class='ocrx_word' id='word_1_210' title='bbox 3498 1267 3665 1321; x_wconf 87' lang='lat' dir='ltr'><strong>opor-</strong></span> 
     </span>
    </p>
   </div>
   <div class='ocr_carea' id='block_1_28' title="bbox 2082 1342 3665 1413">
    <p class='ocr_par' dir='ltr' id='par_1_28' title="bbox 2082 1342 3665 1413">
     <span class='ocr_line' id='line_1_28' title="bbox 2082 1342 3665 1413; baseline 0.006 -24"><span class='ocrx_word' id='word_1_211' title='bbox 2082 1345 2195 1401; x_wconf 92' lang='lat' dir='ltr'><strong>tet,</strong></span> <span class='ocrx_word' id='word_1_212' title='bbox 2247 1348 2474 1408; x_wconf 85' lang='lat' dir='ltr'><strong>propter</strong></span> <span class='ocrx_word' id='word_1_213' title='bbox 2517 1342 2928 1411; x_wconf 87' lang='lat' dir='ltr'><strong>conjunctionis</strong></span> <span class='ocrx_word' id='word_1_214' title='bbox 2979 1342 3305 1413; x_wconf 79' lang='lat' dir='ltr'><strong>simpliciter</strong></span> <span class='ocrx_word' id='word_1_215' title='bbox 3355 1344 3665 1410; x_wconf 89' lang='lat' dir='ltr'><strong>rationem,</strong></span> 
     </span>
    </p>
   </div>
   <div class='ocr_carea' id='block_1_29' title="bbox 2081 1430 3667 1505">
    <p class='ocr_par' dir='ltr' id='par_1_29' title="bbox 2081 1430 3667 1505">
     <span class='ocr_line' id='line_1_29' title="bbox 2081 1430 3667 1505; baseline 0.007 -24"><span class='ocrx_word' id='word_1_216' title='bbox 2081 1443 2207 1497; x_wconf 92' lang='lat' dir='ltr'><strong>pars</strong></span> <span class='ocrx_word' id='word_1_217' title='bbox 2254 1430 2345 1485; x_wconf 86' lang='lat' dir='ltr'><strong>illa</strong></span> <span class='ocrx_word' id='word_1_218' title='bbox 2386 1448 2508 1501; x_wconf 73' lang='lat' dir='ltr'><strong>qua:</strong></span> <span class='ocrx_word' id='word_1_219' title='bbox 2546 1442 2724 1488; x_wconf 89' lang='lat' dir='ltr'><strong>totum</strong></span> <span class='ocrx_word' id='word_1_220' title='bbox 2765 1433 3057 1490; x_wconf 84' lang='lat' dir='ltr'><strong>constituit</strong></span> <span class='ocrx_word' id='word_1_221' title='bbox 3096 1435 3340 1505; x_wconf 88' lang='lat' dir='ltr'><strong>scipsum</strong></span> <span class='ocrx_word' id='word_1_222' title='bbox 3386 1445 3446 1491; x_wconf 89' lang='lat' dir='ltr'><strong>ut</strong></span> <span class='ocrx_word' id='word_1_223' title='bbox 3489 1446 3667 1492; x_wconf 81' lang='lat' dir='ltr'><strong>totum</strong></span> 
     </span>
    </p>
   </div>
   <div class='ocr_carea' id='block_1_30' title="bbox 2082 1521 3665 1599">
    <p class='ocr_par' dir='ltr' id='par_1_30' title="bbox 2082 1521 3665 1599">
     <span class='ocr_line' id='line_1_30' title="bbox 2082 1521 3665 1599; baseline 0.006 -25"><span class='ocrx_word' id='word_1_224' title='bbox 2082 1521 2328 1588; x_wconf 85' lang='lat' dir='ltr'><strong>habebit,</strong></span> <span class='ocrx_word' id='word_1_225' title='bbox 2357 1524 2503 1593; x_wconf 85' lang='lat' dir='ltr'><strong>quod</strong></span> <span class='ocrx_word' id='word_1_226' title='bbox 2533 1525 2848 1580; x_wconf 90' lang='lat' dir='ltr'><strong>necessario</strong></span> <span class='ocrx_word' id='word_1_227' title='bbox 2878 1526 3115 1596; x_wconf 71' lang='lat' dir='ltr'><strong>propria:</strong></span> <span class='ocrx_word' id='word_1_228' title='bbox 3133 1527 3274 1597; x_wconf 89' lang='lat' dir='ltr'><strong>parti</strong></span> <span class='ocrx_word' id='word_1_229' title='bbox 3304 1528 3412 1582; x_wconf 89' lang='lat' dir='ltr'><strong>erit</strong></span> <span class='ocrx_word' id='word_1_230' title='bbox 3432 1530 3665 1599; x_wconf 60' lang='lat' dir='ltr'><strong>aequale,</strong></span> 
     </span>
    </p>
   </div>
   <div class='ocr_carea' id='block_1_31' title="bbox 2082 1615 3666 1689">
    <p class='ocr_par' dir='ltr' id='par_1_31' title="bbox 2082 1615 3666 1689">
     <span class='ocr_line' id='line_1_31' title="bbox 2082 1615 3666 1689; baseline 0.004 -21"><span class='ocrx_word' id='word_1_231' title='bbox 2082 1622 2138 1668; x_wconf 90' lang='lat' dir='ltr'><strong>et</strong></span> <span class='ocrx_word' id='word_1_232' title='bbox 2170 1615 2339 1669; x_wconf 89' lang='lat' dir='ltr'><strong>totius</strong></span> <span class='ocrx_word' id='word_1_233' title='bbox 2373 1617 2662 1686; x_wconf 85' lang='lat' dir='ltr'><strong>proprium</strong></span> <span class='ocrx_word' id='word_1_234' title='bbox 2686 1617 2923 1671; x_wconf 88' lang='lat' dir='ltr'><strong>dicetur.</strong></span> <span class='ocrx_word' id='word_1_235' title='bbox 2959 1618 3249 1684; x_wconf 84' lang='lat' dir='ltr'><strong>Quomodo</strong></span> <span class='ocrx_word' id='word_1_236' title='bbox 3284 1635 3416 1689; x_wconf 90' lang='lat' dir='ltr'><strong>ergo</strong></span> <span class='ocrx_word' id='word_1_237' title='bbox 3449 1621 3666 1675; x_wconf 87' lang='lat' dir='ltr'><strong>admitti</strong></span> 
     </span>
    </p>
   </div>
   <div class='ocr_carea' id='block_1_32' title="bbox 2083 1708 3667 1784">
    <p class='ocr_par' dir='ltr' id='par_1_32' title="bbox 2083 1708 3667 1784">
     <span class='ocr_line' id='line_1_32' title="bbox 2083 1708 3667 1784; baseline 0.003 -23"><span class='ocrx_word' id='word_1_238' title='bbox 2083 1708 2151 1761; x_wconf 89' lang='lat' dir='ltr'><strong>ab</strong></span> <span class='ocrx_word' id='word_1_239' title='bbox 2186 1724 2296 1762; x_wconf 89' lang='lat' dir='ltr'><strong>uno</strong></span> <span class='ocrx_word' id='word_1_240' title='bbox 2328 1719 2515 1777; x_wconf 84' lang='lat' dir='ltr'><strong>posset</strong></span> <span class='ocrx_word' id='word_1_241' title='bbox 2549 1718 2722 1763; x_wconf 90' lang='lat' dir='ltr'><strong>totum</strong></span> <span class='ocrx_word' id='word_1_242' title='bbox 2779 1710 2931 1764; x_wconf 86' lang='lat' dir='ltr'><strong>aliud</strong></span> <span class='ocrx_word' id='word_1_243' title='bbox 2960 1726 3081 1765; x_wconf 90' lang='lat' dir='ltr'><strong>esse</strong></span> <span class='ocrx_word' id='word_1_244' title='bbox 3111 1727 3139 1764; x_wconf 93' lang='lat' dir='ltr'><strong>a</strong></span> <span class='ocrx_word' id='word_1_245' title='bbox 3172 1710 3427 1781; x_wconf 89' lang='lat' dir='ltr'><strong>partibus</strong></span> <span class='ocrx_word' id='word_1_246' title='bbox 3459 1713 3513 1766; x_wconf 91' lang='lat' dir='ltr'><strong>in</strong></span> <span class='ocrx_word' id='word_1_247' title='bbox 3548 1728 3667 1784; x_wconf 85' lang='lat' dir='ltr'><strong>my-</strong></span> 
     </span>
    </p>
   </div>
   <div class='ocr_carea' id='block_1_33' title="bbox 2084 1800 3666 1869">
    <p class='ocr_par' dir='ltr' id='par_1_33' title="bbox 2084 1800 3666 1869">
     <span class='ocr_line' id='line_1_33' title="bbox 2084 1800 3666 1869; baseline 0.004 -16"><span class='ocrx_word' id='word_1_248' title='bbox 2084 1800 2252 1853; x_wconf 88' lang='lat' dir='ltr'><strong>sterio</strong></span> <span class='ocrx_word' id='word_1_249' title='bbox 2290 1800 2497 1855; x_wconf 82' lang='lat' dir='ltr'><strong>Christi</strong></span> <span class='ocrx_word' id='word_1_250' title='bbox 2538 1802 2758 1855; x_wconf 91' lang='lat' dir='ltr'><strong>Domini</strong></span> <span class='ocrx_word' id='word_1_251' title='bbox 2798 1802 3013 1857; x_wconf 86' lang='lat' dir='ltr'><strong>nostri?</strong></span> <span class='ocrx_word' id='word_1_252' title='bbox 3046 1803 3160 1858; x_wconf 88' lang='lat' dir='ltr'><strong>lloc</strong></span> <span class='ocrx_word' id='word_1_253' title='bbox 3197 1803 3364 1858; x_wconf 88' lang='lat' dir='ltr'><strong>etiam</strong></span> <span class='ocrx_word' id='word_1_254' title='bbox 3405 1804 3666 1869; x_wconf 76' lang='lat' dir='ltr'><strong>dicimus,</strong></span> 
     </span>
    </p>
   </div>
   <div class='ocr_carea' id='block_1_34' title="bbox 396 1883 1985 1967">
    <p class='ocr_par' dir='ltr' id='par_1_34' title="bbox 396 1883 1977 1956">
     <span class='ocr_line' id='line_1_34' title="bbox 396 1883 1977 1956; baseline -0.003 -17"><span class='ocrx_word' id='word_1_255' title='bbox 396 1888 520 1939; x_wconf 81' lang='grc' dir='ltr'>στὸν</span> <span class='ocrx_word' id='word_1_256' title='bbox 551 1886 865 1956; x_wconf 75' lang='grc' dir='ltr'>οἰκονομίας</span> <span class='ocrx_word' id='word_1_257' title='bbox 902 1884 1309 1953; x_wconf 75' lang='grc' dir='ltr'>συλλογίζεσθαι</span> <span class='ocrx_word' id='word_1_258' title='bbox 1340 1886 1404 1939; x_wconf 87' lang='grc' dir='ltr'><strong>ἂν</strong></span> <span class='ocrx_word' id='word_1_259' title='bbox 1436 1886 1520 1954; x_wconf 83' lang='grc' dir='ltr'>εἴη</span> <span class='ocrx_word' id='word_1_260' title='bbox 1548 1902 1562 1951; x_wconf 90' lang='grc'>;</span> <span class='ocrx_word' id='word_1_261' title='bbox 1604 1883 1683 1936; x_wconf 76' lang='grc' dir='ltr'>ἔτι</span> <span class='ocrx_word' id='word_1_262' title='bbox 1712 1883 1768 1935; x_wconf 86' lang='grc' dir='ltr'><strong>δέ</strong></span> <span class='ocrx_word' id='word_1_263' title='bbox 1796 1900 1977 1953; x_wconf 79' lang='grc' dir='ltr'>φαμεν</span> 
     </span>
    </p>
   </div>
   <div class='ocr_carea' id='block_1_35' title="bbox 2092 1883 3670 1967">
    <p class='ocr_par' dir='ltr' id='par_1_35' title="bbox 2092 1892 3670 1967">
     <span class='ocr_line' id='line_1_35' title="bbox 2092 1892 3670 1967; baseline 0.006 -24"><span class='ocrx_word' id='word_1_264' title='bbox 2092 1907 2279 1962; x_wconf 82' lang='lat' dir='ltr'><strong>nempe</strong></span> <span class='ocrx_word' id='word_1_265' title='bbox 2310 1892 2355 1946; x_wconf 94' lang='lat' dir='ltr'><strong>si</strong></span> <span class='ocrx_word' id='word_1_266' title='bbox 2386 1909 2547 1948; x_wconf 90' lang='lat' dir='ltr'><strong>omne</strong></span> <span class='ocrx_word' id='word_1_267' title='bbox 2573 1894 2806 1964; x_wconf 85' lang='lat' dir='ltr'><strong>simplex</strong></span> <span class='ocrx_word' id='word_1_268' title='bbox 2836 1894 2890 1948; x_wconf 92' lang='lat' dir='ltr'><strong>in</strong></span> <span class='ocrx_word' id='word_1_269' title='bbox 2919 1896 3227 1965; x_wconf 91' lang='lat' dir='ltr'><strong>composito</strong></span> <span class='ocrx_word' id='word_1_270' title='bbox 3253 1903 3310 1950; x_wconf 90' lang='lat' dir='ltr'><strong>et</strong></span> <span class='ocrx_word' id='word_1_271' title='bbox 3333 1898 3515 1952; x_wconf 90' lang='lat' dir='ltr'><strong>omnis</strong></span> <span class='ocrx_word' id='word_1_272' title='bbox 3541 1913 3670 1967; x_wconf 89' lang='lat' dir='ltr'><strong>pars</strong></span> 
     </span>
    </p>
   </div>
   <div class='ocr_carea' id='block_1_36' title="bbox 395 1975 1975 2047">
    <p class='ocr_par' dir='ltr' id='par_1_36' title="bbox 395 1975 1975 2047">
     <span class='ocr_line' id='line_1_36' title="bbox 395 1975 1975 2047; baseline -0.004 -14"><span class='ocrx_word' id='word_1_273' title='bbox 395 1980 473 2044; x_wconf 83' lang='grc' dir='ltr'>ὡς</span> <span class='ocrx_word' id='word_1_274' title='bbox 499 1981 548 2033; x_wconf 77' lang='grc' dir='ltr'>εἰ</span> <span class='ocrx_word' id='word_1_275' title='bbox 577 1980 686 2032; x_wconf 81' lang='grc' dir='ltr'><strong>πᾶν</strong></span> <span class='ocrx_word' id='word_1_276' title='bbox 726 1977 931 2032; x_wconf 81' lang='grc' dir='ltr'>ἁπλοῦν</span> <span class='ocrx_word' id='word_1_277' title='bbox 961 1981 1018 2031; x_wconf 86' lang='grc' dir='ltr'><strong>ὲν</strong></span> <span class='ocrx_word' id='word_1_278' title='bbox 1049 1977 1125 2047; x_wconf 83' lang='grc' dir='ltr'><strong>τῷ</strong></span> <span class='ocrx_word' id='word_1_279' title='bbox 1155 1977 1412 2047; x_wconf 85' lang='grc' dir='ltr'>συνθέτῳ,</span> <span class='ocrx_word' id='word_1_280' title='bbox 1446 1977 1540 2029; x_wconf 72' lang='grc' dir='ltr'><strong>καὶ</strong></span> <span class='ocrx_word' id='word_1_281' title='bbox 1570 1977 1679 2028; x_wconf 85' lang='grc' dir='ltr'>πᾶν</span> <span class='ocrx_word' id='word_1_282' title='bbox 1709 1975 1875 2044; x_wconf 88' lang='grc' dir='ltr'>μέρος</span> <span class='ocrx_word' id='word_1_283' title='bbox 1917 1977 1975 2027; x_wconf 85' lang='grc' dir='ltr'><strong>ὲν</strong></span> 
     </span>
    </p>
   </div>
   <div class='ocr_carea' id='block_1_37' title="bbox 394 2065 1979 2142">
    <p class='ocr_par' dir='ltr' id='par_1_37' title="bbox 394 2065 1979 2142">
     <span class='ocr_line' id='line_1_37' title="bbox 394 2065 1979 2142; baseline -0.003 -19"><span class='ocrx_word' id='word_1_284' title='bbox 394 2071 472 2142; x_wconf 81' lang='grc' dir='ltr'><strong>τῷ</strong></span> <span class='ocrx_word' id='word_1_285' title='bbox 506 2071 619 2142; x_wconf 79' lang='grc' dir='ltr'>ἰδίῳ</span> <span class='ocrx_word' id='word_1_286' title='bbox 660 2071 767 2138; x_wconf 80' lang='grc' dir='ltr'>ὅλῳ</span> <span class='ocrx_word' id='word_1_287' title='bbox 814 2070 895 2123; x_wconf 89' lang='grc' dir='ltr'>δεῖ</span> <span class='ocrx_word' id='word_1_288' title='bbox 946 2065 1118 2123; x_wconf 82' lang='grc' dir='ltr'>εἶναι·</span> <span class='ocrx_word' id='word_1_289' title='bbox 1156 2071 1265 2122; x_wconf 82' lang='grc' dir='ltr'>πᾶν</span> <span class='ocrx_word' id='word_1_290' title='bbox 1308 2069 1362 2121; x_wconf 78' lang='grc' dir='ltr'><strong>δὲ</strong></span> <span class='ocrx_word' id='word_1_291' title='bbox 1392 2068 1450 2121; x_wconf 80' lang='grc' dir='ltr'>ὃν</span> <span class='ocrx_word' id='word_1_292' title='bbox 1474 2067 1569 2121; x_wconf 80' lang='grc' dir='ltr'><strong>καὶ</strong></span> <span class='ocrx_word' id='word_1_293' title='bbox 1597 2066 1898 2137; x_wconf 82' lang='grc' dir='ltr'>γινόμενον,</span> <span class='ocrx_word' id='word_1_294' title='bbox 1922 2067 1979 2118; x_wconf 80' lang='grc' dir='ltr'>ἐν</span> 
     </span>
    </p>
   </div>
   <div class='ocr_carea' id='block_1_38' title="bbox 400 2157 1977 2234">
    <p class='ocr_par' dir='ltr' id='par_1_38' title="bbox 400 2157 1977 2234">
     <span class='ocr_line' id='line_1_38' title="bbox 400 2157 1977 2234; baseline -0.006 -18"><span class='ocrx_word' id='word_1_295' title='bbox 400 2163 555 2234; x_wconf 80' lang='grc' dir='ltr'>μέρει</span> <span class='ocrx_word' id='word_1_296' title='bbox 609 2162 727 2216; x_wconf 72' lang='grc' dir='ltr'>ἐστὶ</span> <span class='ocrx_word' id='word_1_297' title='bbox 774 2161 972 2232; x_wconf 84' lang='grc' dir='ltr'>τούτῳ,</span> <span class='ocrx_word' id='word_1_298' title='bbox 998 2161 1166 2232; x_wconf 70' lang='grc' dir='ltr'>ἡγουν</span> <span class='ocrx_word' id='word_1_299' title='bbox 1195 2159 1272 2230; x_wconf 82' lang='grc' dir='ltr'>τῷ</span> <span class='ocrx_word' id='word_1_300' title='bbox 1310 2158 1437 2228; x_wconf 82' lang='grc' dir='ltr'>θείῳ</span> <span class='ocrx_word' id='word_1_301' title='bbox 1466 2158 1646 2228; x_wconf 83' lang='grc' dir='ltr'>Λόγῳ·</span> <span class='ocrx_word' id='word_1_302' title='bbox 1680 2157 1795 2218; x_wconf 83' lang='grc' dir='ltr'><strong>πῶς</strong></span> <span class='ocrx_word' id='word_1_303' title='bbox 1823 2159 1977 2208; x_wconf 76' lang='grc' dir='ltr'>ἔσται</span> 
     </span>
    </p>
   </div>
   <div class='ocr_carea' id='block_1_39' title="bbox 400 2247 1980 2319">
    <p class='ocr_par' dir='ltr' id='par_1_39' title="bbox 400 2247 1980 2319">
     <span class='ocr_line' id='line_1_39' title="bbox 400 2247 1980 2319; baseline -0.006 -12"><span class='ocrx_word' id='word_1_304' title='bbox 400 2273 453 2308; x_wconf 85' lang='grc' dir='ltr'><strong>τι</strong></span> <span class='ocrx_word' id='word_1_305' title='bbox 487 2254 547 2307; x_wconf 82' lang='grc' dir='ltr'><strong>τὸ</strong></span> <span class='ocrx_word' id='word_1_306' title='bbox 573 2253 694 2307; x_wconf 81' lang='grc' dir='ltr'>καθ’</span> <span class='ocrx_word' id='word_1_307' title='bbox 725 2253 857 2306; x_wconf 77' lang='grc' dir='ltr'>αὐτὸ</span> <span class='ocrx_word' id='word_1_308' title='bbox 885 2253 1070 2319; x_wconf 81' lang='grc' dir='ltr'>ἓτερον</span> <span class='ocrx_word' id='word_1_309' title='bbox 1100 2251 1266 2305; x_wconf 79' lang='grc' dir='ltr'><strong>αὑτοῦ</strong></span> <span class='ocrx_word' id='word_1_310' title='bbox 1302 2250 1581 2316; x_wconf 87' lang='grc' dir='ltr'>σύνθετον,</span> <span class='ocrx_word' id='word_1_311' title='bbox 1638 2250 1732 2301; x_wconf 74' lang='grc' dir='ltr'><strong>καὶ</strong></span> <span class='ocrx_word' id='word_1_312' title='bbox 1773 2247 1893 2300; x_wconf 83' lang='grc' dir='ltr'>ὃλον</span> <span class='ocrx_word' id='word_1_313' title='bbox 1926 2262 1980 2298; x_wconf 89' lang='grc' dir='ltr'><strong>τι</strong></span> 
     </span>
    </p>
   </div>
   <div class='ocr_carea' id='block_1_40' title="bbox 403 2339 1980 2421">
    <p class='ocr_par' dir='ltr' id='par_1_40' title="bbox 403 2339 1980 2421">
     <span class='ocr_line' id='line_1_40' title="bbox 403 2339 1980 2421; baseline -0.006 -21"><span class='ocrx_word' id='word_1_314' title='bbox 403 2348 834 2419; x_wconf 72' lang='grc' dir='ltr'>καθολικώτερον</span> <span class='ocrx_word' id='word_1_315' title='bbox 864 2346 1063 2412; x_wconf 83' lang='grc' dir='ltr'>αὑτοῦ;</span> <span class='ocrx_word' id='word_1_316' title='bbox 1105 2346 1191 2397; x_wconf 81' lang='grc' dir='ltr'>ἵνα</span> <span class='ocrx_word' id='word_1_317' title='bbox 1218 2345 1323 2397; x_wconf 85' lang='grc' dir='ltr'><strong>ὑπὸ</strong></span> <span class='ocrx_word' id='word_1_318' title='bbox 1354 2342 1506 2395; x_wconf 83' lang='grc' dir='ltr'>τοῦδε</span> <span class='ocrx_word' id='word_1_319' title='bbox 1546 2341 1854 2412; x_wconf 86' lang='grc' dir='ltr'>περιέχοιτο</span> <span class='ocrx_word' id='word_1_320' title='bbox 1878 2339 1980 2421; x_wconf 83' lang='grc' dir='ltr'>αὑ-</span> 
     </span>
    </p>
   </div>
   <div class='ocr_carea' id='block_1_41' title="bbox 401 2431 1983 2509">
    <p class='ocr_par' dir='ltr' id='par_1_41' title="bbox 401 2431 1983 2509">
     <span class='ocr_line' id='line_1_41' title="bbox 401 2431 1983 2509; baseline -0.006 -18"><span class='ocrx_word' id='word_1_321' title='bbox 401 2440 491 2502; x_wconf 79' lang='grc' dir='ltr'><strong>τὸς</strong></span> <span class='ocrx_word' id='word_1_322' title='bbox 516 2442 542 2493; x_wconf 88' lang='grc' dir='ltr'>ὁ</span> <span class='ocrx_word' id='word_1_323' title='bbox 571 2441 743 2509; x_wconf 82' lang='grc' dir='ltr'>Λόγος</span> <span class='ocrx_word' id='word_1_324' title='bbox 790 2442 817 2493; x_wconf 87' lang='grc' dir='ltr'>ὁ</span> <span class='ocrx_word' id='word_1_325' title='bbox 868 2438 1045 2493; x_wconf 84' lang='grc' dir='ltr'>πάντα</span> <span class='ocrx_word' id='word_1_326' title='bbox 1090 2435 1360 2509; x_wconf 84' lang='grc' dir='ltr'>περιέχων</span> <span class='ocrx_word' id='word_1_327' title='bbox 1380 2451 1394 2465; x_wconf 80' lang='grc'><strong>’</strong></span> <span class='ocrx_word' id='word_1_328' title='bbox 1424 2433 1588 2496; x_wconf 80' lang='grc' dir='ltr'>αὑτὸς</span> <span class='ocrx_word' id='word_1_329' title='bbox 1637 2433 1745 2501; x_wconf 85' lang='grc' dir='ltr'>γάρ</span> <span class='ocrx_word' id='word_1_330' title='bbox 1773 2433 1888 2484; x_wconf 83' lang='grc' dir='ltr'>ὲστι</span> <span class='ocrx_word' id='word_1_331' title='bbox 1921 2431 1983 2484; x_wconf 83' lang='grc' dir='ltr'><strong>τὸ</strong></span> 
     </span>
    </p>
   </div>
   <div class='ocr_carea' id='block_1_42' title="bbox 401 2523 1761 2603">
    <p class='ocr_par' dir='ltr' id='par_1_42' title="bbox 401 2523 1761 2603">
     <span class='ocr_line' id='line_1_42' title="bbox 401 2523 1761 2603; baseline -0.007 -18"><span class='ocrx_word' id='word_1_332' title='bbox 401 2534 673 2603; x_wconf 76' lang='grc' dir='ltr'>πλήρωμα</span> <span class='ocrx_word' id='word_1_333' title='bbox 706 2532 766 2586; x_wconf 84' lang='grc' dir='ltr'>τὸ</span> <span class='ocrx_word' id='word_1_334' title='bbox 790 2531 859 2585; x_wconf 81' lang='grc' dir='ltr'>τὰ</span> <span class='ocrx_word' id='word_1_335' title='bbox 889 2531 1065 2585; x_wconf 75' lang='grc' dir='ltr'>πάντα</span> <span class='ocrx_word' id='word_1_336' title='bbox 1096 2531 1155 2582; x_wconf 85' lang='grc' dir='ltr'>ὲν</span> <span class='ocrx_word' id='word_1_337' title='bbox 1193 2529 1327 2581; x_wconf 85' lang='grc' dir='ltr'>πᾶσι</span> <span class='ocrx_word' id='word_1_338' title='bbox 1359 2523 1761 2596; x_wconf 81' lang='grc' dir='ltr'>πληρούμενον.</span> 
     </span>
    </p>
   </div>
   <div class='ocr_carea' id='block_1_43' title="bbox 2086 1983 3666 2055">
    <p class='ocr_par' dir='ltr' id='par_1_43' title="bbox 2086 1983 3666 2055">
     <span class='ocr_line' id='line_1_43' title="bbox 2086 1983 3666 2055; baseline 0.004 -19"><span class='ocrx_word' id='word_1_339' title='bbox 2086 1983 2141 2037; x_wconf 90' lang='lat' dir='ltr'><strong>iu</strong></span> <span class='ocrx_word' id='word_1_340' title='bbox 2174 1991 2291 2037; x_wconf 91' lang='lat' dir='ltr'><strong>toto</strong></span> <span class='ocrx_word' id='word_1_341' title='bbox 2323 1984 2547 2053; x_wconf 90' lang='lat' dir='ltr'><strong>proprio</strong></span> <span class='ocrx_word' id='word_1_342' title='bbox 2579 2001 2701 2039; x_wconf 89' lang='lat' dir='ltr'><strong>esse</strong></span> <span class='ocrx_word' id='word_1_343' title='bbox 2736 1984 2938 2049; x_wconf 91' lang='lat' dir='ltr'><strong>debet,</strong></span> <span class='ocrx_word' id='word_1_344' title='bbox 2971 2002 3316 2055; x_wconf 64' lang='lat' dir='ltr'><strong>quaecunque</strong></span> <span class='ocrx_word' id='word_1_345' title='bbox 3349 1996 3532 2041; x_wconf 92' lang='lat' dir='ltr'><strong>autem</strong></span> <span class='ocrx_word' id='word_1_346' title='bbox 3566 2004 3666 2042; x_wconf 87' lang='lat' dir='ltr'><strong>ex-</strong></span> 
     </span>
    </p>
   </div>
   <div class='ocr_carea' id='block_1_44' title="bbox 2086 2075 3667 2147">
    <p class='ocr_par' dir='ltr' id='par_1_44' title="bbox 2086 2075 3667 2147">
     <span class='ocr_line' id='line_1_44' title="bbox 2086 2075 3667 2147; baseline 0.004 -19"><span class='ocrx_word' id='word_1_347' title='bbox 2086 2075 2291 2130; x_wconf 92' lang='lat' dir='ltr'><strong>sistunt</strong></span> <span class='ocrx_word' id='word_1_348' title='bbox 2322 2085 2417 2129; x_wconf 88' lang='lat' dir='ltr'><strong>aut</strong></span> <span class='ocrx_word' id='word_1_349' title='bbox 2451 2084 2582 2131; x_wconf 90' lang='lat' dir='ltr'><strong>sunt</strong></span> <span class='ocrx_word' id='word_1_350' title='bbox 2616 2077 2757 2131; x_wconf 84' lang='lat' dir='ltr'><strong>facta</strong></span> <span class='ocrx_word' id='word_1_351' title='bbox 2794 2077 2849 2130; x_wconf 92' lang='lat' dir='ltr'><strong>in</strong></span> <span class='ocrx_word' id='word_1_352' title='bbox 2887 2077 2979 2131; x_wconf 90' lang='lat' dir='ltr'><strong>illa</strong></span> <span class='ocrx_word' id='word_1_353' title='bbox 3014 2086 3171 2147; x_wconf 86' lang='lat' dir='ltr'><strong>parte</strong></span> <span class='ocrx_word' id='word_1_354' title='bbox 3204 2087 3365 2145; x_wconf 91' lang='lat' dir='ltr'><strong>sunt,</strong></span> <span class='ocrx_word' id='word_1_355' title='bbox 3399 2079 3453 2133; x_wconf 93' lang='lat' dir='ltr'><strong>id</strong></span> <span class='ocrx_word' id='word_1_356' title='bbox 3490 2088 3575 2134; x_wconf 91' lang='lat' dir='ltr'><strong>est</strong></span> <span class='ocrx_word' id='word_1_357' title='bbox 3611 2080 3667 2134; x_wconf 91' lang='lat' dir='ltr'><strong>in</strong></span> 
     </span>
    </p>
   </div>
   <div class='ocr_carea' id='block_1_45' title="bbox 2084 2166 3668 2238">
    <p class='ocr_par' dir='ltr' id='par_1_45' title="bbox 2084 2166 3668 2238">
     <span class='ocr_line' id='line_1_45' title="bbox 2084 2166 3668 2238; baseline 0.003 -18"><span class='ocrx_word' id='word_1_358' title='bbox 2084 2166 2274 2221; x_wconf 85' lang='lat' dir='ltr'><strong>divino</strong></span> <span class='ocrx_word' id='word_1_359' title='bbox 2301 2168 2503 2233; x_wconf 81' lang='lat' dir='ltr'><strong>Verbo,</strong></span> <span class='ocrx_word' id='word_1_360' title='bbox 2536 2168 2815 2238; x_wconf 86' lang='lat' dir='ltr'><strong>quomodo</strong></span> <span class='ocrx_word' id='word_1_361' title='bbox 2843 2169 3049 2238; x_wconf 90' lang='lat' dir='ltr'><strong>aliquid</strong></span> <span class='ocrx_word' id='word_1_362' title='bbox 3080 2170 3188 2225; x_wconf 90' lang='lat' dir='ltr'><strong>erit</strong></span> <span class='ocrx_word' id='word_1_363' title='bbox 3218 2178 3392 2223; x_wconf 91' lang='lat' dir='ltr'><strong>totum</strong></span> <span class='ocrx_word' id='word_1_364' title='bbox 3424 2170 3479 2223; x_wconf 88' lang='lat' dir='ltr'><strong>in</strong></span> <span class='ocrx_word' id='word_1_365' title='bbox 3511 2186 3569 2225; x_wconf 87' lang='lat' dir='ltr'><strong>se</strong></span> <span class='ocrx_word' id='word_1_366' title='bbox 3597 2171 3668 2225; x_wconf 87' lang='lat' dir='ltr'><strong>ab</strong></span> 
     </span>
    </p>
   </div>
   <div class='ocr_carea' id='block_1_46' title="bbox 2084 2260 3670 2330">
    <p class='ocr_par' dir='ltr' id='par_1_46' title="bbox 2084 2260 3670 2330">
     <span class='ocr_line' id='line_1_46' title="bbox 2084 2260 3670 2330; baseline 0.002 -17"><span class='ocrx_word' id='word_1_367' title='bbox 2084 2274 2152 2313; x_wconf 94' lang='lat' dir='ltr'><strong>eo</strong></span> <span class='ocrx_word' id='word_1_368' title='bbox 2184 2260 2333 2314; x_wconf 90' lang='lat' dir='ltr'><strong>aliud</strong></span> <span class='ocrx_word' id='word_1_369' title='bbox 2367 2269 2424 2314; x_wconf 91' lang='lat' dir='ltr'><strong>et</strong></span> <span class='ocrx_word' id='word_1_370' title='bbox 2458 2276 2526 2315; x_wconf 95' lang='lat' dir='ltr'><strong>eo</strong></span> <span class='ocrx_word' id='word_1_371' title='bbox 2559 2261 2930 2315; x_wconf 81' lang='lat' dir='ltr'><strong>universalius</strong></span> <span class='ocrx_word' id='word_1_372' title='bbox 2959 2276 3071 2330; x_wconf 90' lang='lat' dir='ltr'><strong>quo</strong></span> <span class='ocrx_word' id='word_1_373' title='bbox 3104 2262 3453 2316; x_wconf 83' lang='lat' dir='ltr'><strong>contineatur</strong></span> <span class='ocrx_word' id='word_1_374' title='bbox 3481 2262 3670 2316; x_wconf 81' lang='lat' dir='ltr'><strong>omnia</strong></span> 
     </span>
    </p>
   </div>
   <div class='ocr_carea' id='block_1_47' title="bbox 2086 2350 3673 2422">
    <p class='ocr_par' dir='ltr' id='par_1_47' title="bbox 2086 2350 3673 2422">
     <span class='ocr_line' id='line_1_47' title="bbox 2086 2350 3673 2422; baseline 0.002 -18"><span class='ocrx_word' id='word_1_375' title='bbox 2086 2350 2141 2405; x_wconf 88' lang='lat' dir='ltr'><strong>in</strong></span> <span class='ocrx_word' id='word_1_376' title='bbox 2164 2367 2222 2406; x_wconf 91' lang='lat' dir='ltr'><strong>se</strong></span> <span class='ocrx_word' id='word_1_377' title='bbox 2256 2353 2585 2419; x_wconf 80' lang='lat' dir='ltr'><strong>continens;</strong></span> <span class='ocrx_word' id='word_1_378' title='bbox 2618 2351 2904 2422; x_wconf 86' lang='lat' dir='ltr'><strong>plenitudo</strong></span> <span class='ocrx_word' id='word_1_379' title='bbox 2936 2352 3089 2408; x_wconf 91' lang='lat' dir='ltr'><strong>enim</strong></span> <span class='ocrx_word' id='word_1_380' title='bbox 3121 2362 3207 2408; x_wconf 91' lang='lat' dir='ltr'><strong>est</strong></span> <span class='ocrx_word' id='word_1_381' title='bbox 3241 2354 3426 2409; x_wconf 88' lang='lat' dir='ltr'><strong>omnia</strong></span> <span class='ocrx_word' id='word_1_382' title='bbox 3462 2353 3518 2408; x_wconf 89' lang='lat' dir='ltr'><strong>in</strong></span> <span class='ocrx_word' id='word_1_383' title='bbox 3553 2369 3673 2409; x_wconf 81' lang='lat' dir='ltr'><strong>0m-</strong></span> 
     </span>
    </p>
   </div>
   <div class='ocr_carea' id='block_1_48' title="bbox 2088 2442 2523 2513">
    <p class='ocr_par' dir='ltr' id='par_1_48' title="bbox 2088 2442 2523 2513">
     <span class='ocr_line' id='line_1_48' title="bbox 2088 2442 2523 2513; baseline 0.005 -17"><span class='ocrx_word' id='word_1_384' title='bbox 2088 2442 2255 2497; x_wconf 88' lang='lat' dir='ltr'><strong>nibus</strong></span> <span class='ocrx_word' id='word_1_385' title='bbox 2284 2443 2523 2513; x_wconf 83' lang='lat' dir='ltr'><strong>replens.</strong></span> 
     </span>
    </p>
   </div>
   <div class='ocr_carea' id='block_1_49' title="bbox 1750 2956 2302 3047">
    <p class='ocr_par' dir='ltr' id='par_1_49' title="bbox 1750 2956 2302 3047">
     <span class='ocr_line' id='line_1_49' title="bbox 1750 2956 2302 3047; baseline -0.013 0"><span class='ocrx_word' id='word_1_386' title='bbox 1750 2956 2119 3047; x_wconf 88' lang='grc' dir='ltr'>ΛΟΓΟΣ</span> <span class='ocrx_word' id='word_1_387' title='bbox 2195 2959 2302 3041; x_wconf 75' lang='grc' dir='ltr'><strong>Β·</strong></span> 
     </span>
    </p>
   </div>
   <div class='ocr_carea' id='block_1_50' title="bbox 480 3118 3607 3249">
    <p class='ocr_par' dir='ltr' id='par_1_50' title="bbox 480 3118 3607 3249">
     <span class='ocr_line' id='line_1_50' title="bbox 480 3118 3607 3249; baseline -0.001 -74"><span class='ocrx_word' id='word_1_388' title='bbox 480 3120 768 3193; x_wconf 85' lang='grc' dir='ltr'>Δευτέρας</span> <span class='ocrx_word' id='word_1_389' title='bbox 804 3122 1083 3189; x_wconf 76' lang='grc' dir='ltr'>ἀσεϐείας</span> <span class='ocrx_word' id='word_1_390' title='bbox 1102 3121 1308 3183; x_wconf 73' lang='grc' dir='ltr'>αὐτῶν</span> <span class='ocrx_word' id='word_1_391' title='bbox 1335 3122 1588 3249; x_wconf 47' lang='grc' dir='ltr'>ἔλεγχος</span> <span class='ocrx_word' id='word_1_392' title='bbox 1624 3128 1926 3206; x_wconf 59' lang='grc' dir='ltr'>λεγόντων</span> <span class='ocrx_word' id='word_1_393' title='bbox 1951 3124 2062 3177; x_wconf 83' lang='grc' dir='ltr'><strong>δύο</strong></span> <span class='ocrx_word' id='word_1_394' title='bbox 2100 3124 2198 3176; x_wconf 77' lang='grc' dir='ltr'>καὶ</span> <span class='ocrx_word' id='word_1_395' title='bbox 2228 3125 2299 3177; x_wconf 83' lang='grc' dir='ltr'>οὑ</span> <span class='ocrx_word' id='word_1_396' title='bbox 2329 3124 2478 3192; x_wconf 83' lang='grc' dir='ltr'><strong>μίαν</strong></span> <span class='ocrx_word' id='word_1_397' title='bbox 2510 3120 2625 3201; x_wconf 57' lang='grc' dir='ltr'><strong>τὴν</strong></span> <span class='ocrx_word' id='word_1_398' title='bbox 2667 3121 3017 3176; x_wconf 84' lang='grc' dir='ltr'>ὑπόστασιν</span> <span class='ocrx_word' id='word_1_399' title='bbox 3049 3120 3118 3174; x_wconf 80' lang='grc' dir='ltr'>ἐκ</span> <span class='ocrx_word' id='word_1_400' title='bbox 3159 3118 3268 3187; x_wconf 84' lang='grc' dir='ltr'>τῆς</span> <span class='ocrx_word' id='word_1_401' title='bbox 3314 3119 3463 3173; x_wconf 79' lang='grc' dir='ltr'>κατὰ</span> <span class='ocrx_word' id='word_1_402' title='bbox 3496 3119 3607 3187; x_wconf 76' lang='grc' dir='ltr'><strong>τὴν</strong></span> 
     </span>
     <span class='ocr_line' id='line_1_51' title="bbox 1373 3195 2756 3249; baseline -0.001 0"><span class='ocrx_word' id='word_1_403' title='bbox 1373 3211 1417 3249; x_wconf 86' lang='grc' dir='ltr'><strong>σ</strong></span> <span class='ocrx_word' id='word_1_404' title='bbox 1458 3210 1687 3249; x_wconf 81' lang='grc' dir='ltr'>οκωσιν</span> <span class='ocrx_word' id='word_1_405' title='bbox 1724 3214 1833 3249; x_wconf 83' lang='grc' dir='ltr'><strong>του</strong></span> <span class='ocrx_word' id='word_1_406' title='bbox 1879 3195 2076 3249; x_wconf 64' lang='grc' dir='ltr'>Λόγου</span> <span class='ocrx_word' id='word_1_407' title='bbox 2107 3195 2453 3249; x_wconf 72' lang='grc' dir='ltr'>οἰκονομίας</span> <span class='ocrx_word' id='word_1_408' title='bbox 2488 3196 2756 3249; x_wconf 85' lang='grc' dir='ltr'>όοασθαι.</span> 
     </span>
    </p>
   </div>
   <div class='ocr_carea' id='block_1_51' title="bbox 1373 3195 2848 3272">
    <p class='ocr_par' dir='ltr' id='par_1_51' title="bbox 1373 3195 2848 3272">
     <span class='ocr_line' id='line_1_52' title="bbox 1373 3195 2848 3272; baseline -0.001 -23"><span class='ocrx_word' id='word_1_409' title='bbox 1373 3195 1687 3263; x_wconf 80' lang='grc' dir='ltr'>σάρκωσιν</span> <span class='ocrx_word' id='word_1_410' title='bbox 1724 3196 1833 3251; x_wconf 84' lang='grc' dir='ltr'>τοῦ</span> <span class='ocrx_word' id='word_1_411' title='bbox 1879 3195 2076 3263; x_wconf 79' lang='grc' dir='ltr'>Λόγου</span> <span class='ocrx_word' id='word_1_412' title='bbox 2107 3195 2453 3264; x_wconf 72' lang='grc' dir='ltr'><strong>οἰκονομίας</strong></span> <span class='ocrx_word' id='word_1_413' title='bbox 2488 3195 2756 3261; x_wconf 81' lang='grc' dir='ltr'>ὁρᾶσθαι.</span> <span class='ocrx_word' id='word_1_414' title='bbox 2838 3264 2848 3272; x_wconf 34' lang='lat'>.</span> 
     </span>
    </p>
   </div>
   <div class='ocr_carea' id='block_1_52' title="bbox 1736 3490 2347 3594">
    <p class='ocr_par' dir='ltr' id='par_1_52' title="bbox 1736 3490 2347 3594">
     <span class='ocr_line' id='line_1_53' title="bbox 1736 3490 2347 3594; baseline -0.002 -3"><span class='ocrx_word' id='word_1_415' title='bbox 1736 3491 2116 3594; x_wconf 81' lang='lat' dir='ltr'><strong>LIBER</strong></span> <span class='ocrx_word' id='word_1_416' title='bbox 2220 3490 2347 3592; x_wconf 85' lang='grc' dir='ltr'><strong>ΙΙ.</strong></span> 
     </span>
    </p>
   </div>
   <div class='ocr_carea' id='block_1_53' title="bbox 552 3677 3539 3805">
    <p class='ocr_par' dir='ltr' id='par_1_53' title="bbox 552 3677 3539 3805">
     <span class='ocr_line' id='line_1_54' title="bbox 552 3677 3539 3805; baseline -0.001 -65"><span class='ocrx_word' id='word_1_417' title='bbox 552 3682 861 3753; x_wconf 75' lang='lat' dir='ltr'><strong>Confutatio</strong></span> <span class='ocrx_word' id='word_1_418' title='bbox 888 3680 1129 3737; x_wconf 75' lang='lat' dir='ltr'><strong>secunda:</strong></span> <span class='ocrx_word' id='word_1_419' title='bbox 1156 3681 1444 3753; x_wconf 77' lang='lat' dir='ltr'><strong>impietatis</strong></span> <span class='ocrx_word' id='word_1_420' title='bbox 1473 3696 1579 3751; x_wconf 84' lang='lat' dir='ltr'><strong>qua</strong></span> <span class='ocrx_word' id='word_1_421' title='bbox 1622 3681 1803 3805; x_wconf 71' lang='lat' dir='ltr'><strong>dicudnt</strong></span> <span class='ocrx_word' id='word_1_422' title='bbox 1840 3681 2136 3764; x_wconf 76' lang='lat' dir='ltr'><strong>duas,_non</strong></span> <span class='ocrx_word' id='word_1_423' title='bbox 2172 3695 2337 3762; x_wconf 72' lang='lat' dir='ltr'><strong>unam</strong></span> <span class='ocrx_word' id='word_1_424' title='bbox 2366 3692 2682 3762; x_wconf 56' lang='lat' dir='ltr'><strong>personam,</strong></span> <span class='ocrx_word' id='word_1_425' title='bbox 2701 3679 2755 3732; x_wconf 88' lang='lat' dir='ltr'><strong>in</strong></span> <span class='ocrx_word' id='word_1_426' title='bbox 2809 3677 2957 3732; x_wconf 80' lang='lat' dir='ltr'><strong>Verbi</strong></span> <span class='ocrx_word' id='word_1_427' title='bbox 2983 3694 3078 3749; x_wconf 87' lang='lat' dir='ltr'><strong>per</strong></span> <span class='ocrx_word' id='word_1_428' title='bbox 3118 3680 3539 3738; x_wconf 79' lang='lat' dir='ltr'><strong>incarnationem</strong></span> 
     </span>
     <span class='ocr_line' id='line_1_55' title="bbox 1762 3761 2397 3805; baseline -0.003 0"><span class='ocrx_word' id='word_1_429' title='bbox 1762 3761 2115 3805; x_wconf 62' lang='lat' dir='ltr'><strong>“pensatione</strong></span> <span class='ocrx_word' id='word_1_430' title='bbox 2156 3766 2397 3805; x_wconf 71' lang='lat' dir='ltr'><strong>reperiri.</strong></span> 
     </span>
    </p>
   </div>
   <div class='ocr_carea' id='block_1_54' title="bbox 1762 3761 2397 3823">
    <p class='ocr_par' dir='ltr' id='par_1_54' title="bbox 1762 3761 2397 3823">
     <span class='ocr_line' id='line_1_56' title="bbox 1762 3761 2397 3823; baseline -0.003 -18"><span class='ocrx_word' id='word_1_431' title='bbox 1762 3761 2115 3823; x_wconf 60' lang='lat' dir='ltr'><strong>“pensatione</strong></span> <span class='ocrx_word' id='word_1_432' title='bbox 2156 3761 2397 3821; x_wconf 75' lang='lat' dir='ltr'><strong>reperiri.</strong></span> 
     </span>
    </p>
   </div>
   <div class='ocr_carea' id='block_1_55' title="bbox 484 3994 1985 4072">
    <p class='ocr_par' dir='ltr' id='par_1_55' title="bbox 484 3994 1985 4067">
     <span class='ocr_line' id='line_1_57' title="bbox 484 3994 1985 4067; baseline 0 -17"><span class='ocrx_word' id='word_1_433' title='bbox 484 3995 774 4067; x_wconf 83' lang='grc' dir='ltr'>Σημαὶνει,</span> <span class='ocrx_word' id='word_1_434' title='bbox 809 3994 998 4065; x_wconf 81' lang='grc' dir='ltr'>φασὶν,</span> <span class='ocrx_word' id='word_1_435' title='bbox 1027 3994 1403 4066; x_wconf 78' lang='grc' dir='ltr'>ήὺπόστασις,</span> <span class='ocrx_word' id='word_1_436' title='bbox 1434 3995 1566 4048; x_wconf 81' lang='grc' dir='ltr'>ποτὲ</span> <span class='ocrx_word' id='word_1_437' title='bbox 1594 3994 1694 4066; x_wconf 83' lang='grc' dir='ltr'><strong>μέν</strong></span> <span class='ocrx_word' id='word_1_438' title='bbox 1730 4012 1812 4048; x_wconf 92' lang='grc' dir='ltr'><strong>τοι</strong></span> <span class='ocrx_word' id='word_1_439' title='bbox 1836 3995 1985 4050; x_wconf 82' lang='grc' dir='ltr'>ὲνού-</span> 
     </span>
    </p>
   </div>
   <div class='ocr_carea' id='block_1_56' title="bbox 2092 3994 3679 4072">
    <p class='ocr_par' dir='ltr' id='par_1_56' title="bbox 2165 3998 3679 4072">
     <span class='ocr_line' id='line_1_58' title="bbox 2165 3998 3679 4072; baseline 0.001 -20"><span class='ocrx_word' id='word_1_440' title='bbox 2165 3998 2430 4063; x_wconf 86' lang='lat' dir='ltr'><strong>Persona,</strong></span> <span class='ocrx_word' id='word_1_441' title='bbox 2467 3998 2745 4068; x_wconf 87' lang='lat' dir='ltr'><strong>inquiunt,</strong></span> <span class='ocrx_word' id='word_1_442' title='bbox 2793 3998 3151 4053; x_wconf 89' lang='lat' dir='ltr'><strong>substantiale</strong></span> <span class='ocrx_word' id='word_1_443' title='bbox 3198 3998 3333 4068; x_wconf 89' lang='lat' dir='ltr'><strong>quid</strong></span> <span class='ocrx_word' id='word_1_444' title='bbox 3388 4001 3679 4072; x_wconf 77' lang='lat' dir='ltr'><strong>signiﬁcat,</strong></span> 
     </span>
    </p>
   </div>
   <div class='ocr_carea' id='block_1_57' title="bbox 415 4087 1997 4157">
    <p class='ocr_par' dir='ltr' id='par_1_57' title="bbox 415 4087 1997 4157">
     <span class='ocr_line' id='line_1_59' title="bbox 415 4087 1997 4157; baseline -0.006 -15"><span class='ocrx_word' id='word_1_445' title='bbox 415 4107 551 4154; x_wconf 91' lang='grc' dir='ltr'>σιον,</span> <span class='ocrx_word' id='word_1_446' title='bbox 570 4091 645 4153; x_wconf 83' lang='grc' dir='ltr'>ὠς</span> <span class='ocrx_word' id='word_1_447' title='bbox 669 4089 753 4155; x_wconf 82' lang='grc' dir='ltr'><strong>τὸ,</strong></span> <span class='ocrx_word' id='word_1_448' title='bbox 772 4087 1088 4154; x_wconf 79' lang='grc' dir='ltr'>Μνήσθητι</span> <span class='ocrx_word' id='word_1_449' title='bbox 1109 4088 1195 4153; x_wconf 85' lang='grc' dir='ltr'>τίς</span> <span class='ocrx_word' id='word_1_450' title='bbox 1212 4089 1383 4157; x_wconf 80' lang='grc' dir='ltr'>μουὴ</span> <span class='ocrx_word' id='word_1_451' title='bbox 1420 4087 1740 4151; x_wconf 82' lang='grc' dir='ltr'>ὑπόστασις,</span> <span class='ocrx_word' id='word_1_452' title='bbox 1769 4088 1863 4140; x_wconf 74' lang='grc' dir='ltr'>καὶ</span> <span class='ocrx_word' id='word_1_453' title='bbox 1893 4105 1997 4156; x_wconf 78' lang='grc' dir='ltr'>χα-</span> 
     </span>
    </p>
   </div>
   <div class='ocr_carea' id='block_1_58' title="bbox 406 4178 1997 4251">
    <p class='ocr_par' dir='ltr' id='par_1_58' title="bbox 406 4178 1997 4251">
     <span class='ocr_line' id='line_1_60' title="bbox 406 4178 1997 4251; baseline -0.001 -15"><span class='ocrx_word' id='word_1_454' title='bbox 406 4182 639 4251; x_wconf 76' lang='grc' dir='ltr'>ρακτὴρ</span> <span class='ocrx_word' id='word_1_455' title='bbox 665 4179 775 4249; x_wconf 86' lang='grc' dir='ltr'>τῆς</span> <span class='ocrx_word' id='word_1_456' title='bbox 800 4178 1197 4245; x_wconf 83' lang='grc' dir='ltr'>ὑποστάσεως</span> <span class='ocrx_word' id='word_1_457' title='bbox 1226 4178 1415 4233; x_wconf 86' lang='grc' dir='ltr'>αὑτοῦ</span> <span class='ocrx_word' id='word_1_458' title='bbox 1442 4194 1454 4207; x_wconf 88' lang='grc'><strong>·</strong></span> <span class='ocrx_word' id='word_1_459' title='bbox 1482 4178 1614 4232; x_wconf 82' lang='grc' dir='ltr'>ποτὲ</span> <span class='ocrx_word' id='word_1_460' title='bbox 1654 4179 1712 4232; x_wconf 81' lang='grc' dir='ltr'>δὲ</span> <span class='ocrx_word' id='word_1_461' title='bbox 1747 4179 1997 4234; x_wconf 83' lang='grc' dir='ltr'>ἀνούσιόν</span> 
     </span>
    </p>
   </div>
   <div class='ocr_carea' id='block_1_59' title="bbox 412 4269 1993 4343">
    <p class='ocr_par' dir='ltr' id='par_1_59' title="bbox 412 4269 1993 4343">
     <span class='ocr_line' id='line_1_61' title="bbox 412 4269 1993 4343; baseline -0.004 -14"><span class='ocrx_word' id='word_1_462' title='bbox 412 4292 487 4331; x_wconf 84' lang='grc' dir='ltr'>τι.</span> <span class='ocrx_word' id='word_1_463' title='bbox 515 4274 589 4337; x_wconf 83' lang='grc' dir='ltr'>ὡς</span> <span class='ocrx_word' id='word_1_464' title='bbox 610 4273 691 4340; x_wconf 79' lang='grc' dir='ltr'><strong>τὸ,</strong></span> <span class='ocrx_word' id='word_1_465' title='bbox 710 4274 798 4326; x_wconf 86' lang='grc' dir='ltr'>Ἐν</span> <span class='ocrx_word' id='word_1_466' title='bbox 822 4271 996 4343; x_wconf 76' lang='grc' dir='ltr'>ταύτῃ</span> <span class='ocrx_word' id='word_1_467' title='bbox 1013 4274 1077 4343; x_wconf 80' lang='grc' dir='ltr'>τῇ</span> <span class='ocrx_word' id='word_1_468' title='bbox 1103 4271 1401 4325; x_wconf 85' lang='grc' dir='ltr'>ὑποστάσει</span> <span class='ocrx_word' id='word_1_469' title='bbox 1416 4271 1513 4342; x_wconf 78' lang='grc' dir='ltr'>τῆς</span> <span class='ocrx_word' id='word_1_470' title='bbox 1530 4269 1853 4342; x_wconf 74' lang='grc' dir='ltr'>καυχήσεως</span> <span class='ocrx_word' id='word_1_471' title='bbox 1871 4287 1993 4342; x_wconf 74' lang='grc' dir='ltr'>μουο</span> 
     </span>
    </p>
   </div>
   <div class='ocr_carea' id='block_1_60' title="bbox 414 4361 1993 4434">
    <p class='ocr_par' dir='ltr' id='par_1_60' title="bbox 414 4361 1993 4434">
     <span class='ocr_line' id='line_1_62' title="bbox 414 4361 1993 4434; baseline -0.003 -14"><span class='ocrx_word' id='word_1_472' title='bbox 414 4366 547 4420; x_wconf 72' lang='grc' dir='ltr'>ποτὶ</span> <span class='ocrx_word' id='word_1_473' title='bbox 595 4366 654 4419; x_wconf 89' lang='grc' dir='ltr'><strong>δέ</strong></span> <span class='ocrx_word' id='word_1_474' title='bbox 727 4381 890 4418; x_wconf 87' lang='grc' dir='ltr'>τινων</span> <span class='ocrx_word' id='word_1_475' title='bbox 948 4362 1299 4434; x_wconf 84' lang='grc' dir='ltr'>συνάθροισιν</span> <span class='ocrx_word' id='word_1_476' title='bbox 1351 4361 1757 4434; x_wconf 66' lang='grc' dir='ltr'>ὁμονοούντωνθ</span> <span class='ocrx_word' id='word_1_477' title='bbox 1804 4362 1880 4427; x_wconf 85' lang='grc' dir='ltr'>ὡς</span> <span class='ocrx_word' id='word_1_478' title='bbox 1912 4362 1993 4431; x_wconf 85' lang='grc' dir='ltr'><strong>τὺ,</strong></span> 
     </span>
    </p>
   </div>
   <div class='ocr_carea' id='block_1_61' title="bbox 416 4456 1993 4531">
    <p class='ocr_par' dir='ltr' id='par_1_61' title="bbox 416 4456 1993 4531">
     <span class='ocr_line' id='line_1_63' title="bbox 416 4456 1993 4531; baseline -0.003 -17"><span class='ocrx_word' id='word_1_479' title='bbox 416 4460 675 4530; x_wconf 77' lang='grc' dir='ltr'>Ἐξῆλοον</span> <span class='ocrx_word' id='word_1_480' title='bbox 708 4460 897 4531; x_wconf 80' lang='grc' dir='ltr'>ἄνδρες</span> <span class='ocrx_word' id='word_1_481' title='bbox 921 4462 986 4512; x_wconf 88' lang='grc' dir='ltr'><strong>έκ</strong></span> <span class='ocrx_word' id='word_1_482' title='bbox 1021 4460 1119 4530; x_wconf 80' lang='grc' dir='ltr'><strong>τῆς</strong></span> <span class='ocrx_word' id='word_1_483' title='bbox 1153 4457 1503 4520; x_wconf 81' lang='grc' dir='ltr'>ὑποστάσεως</span> <span class='ocrx_word' id='word_1_484' title='bbox 1528 4457 1636 4510; x_wconf 84' lang='grc' dir='ltr'><strong>τῶν</strong></span> <span class='ocrx_word' id='word_1_485' title='bbox 1659 4456 1993 4526; x_wconf 81' lang='grc' dir='ltr'>ἀλλοφύλων.</span> 
     </span>
    </p>
   </div>
   <div class='ocr_carea' id='block_1_62' title="bbox 416 4546 1998 4621">
    <p class='ocr_par' dir='ltr' id='par_1_62' title="bbox 416 4546 1998 4621">
     <span class='ocr_line' id='line_1_64' title="bbox 416 4546 1998 4621; baseline -0.003 -14"><span class='ocrx_word' id='word_1_486' title='bbox 416 4552 482 4607; x_wconf 77' lang='grc' dir='ltr'><strong>Εἰ</strong></span> <span class='ocrx_word' id='word_1_487' title='bbox 516 4550 616 4621; x_wconf 77' lang='grc' dir='ltr'><strong>μὲν</strong></span> <span class='ocrx_word' id='word_1_488' title='bbox 662 4546 756 4603; x_wconf 77' lang='grc' dir='ltr'><strong>οὖν</strong></span> <span class='ocrx_word' id='word_1_489' title='bbox 808 4551 949 4605; x_wconf 84' lang='grc' dir='ltr'><strong>κατὰ</strong></span> <span class='ocrx_word' id='word_1_490' title='bbox 980 4550 1040 4603; x_wconf 83' lang='grc' dir='ltr'><strong>τὸ</strong></span> <span class='ocrx_word' id='word_1_491' title='bbox 1082 4550 1411 4616; x_wconf 85' lang='grc' dir='ltr'>τελευταῖον,</span> <span class='ocrx_word' id='word_1_492' title='bbox 1446 4550 1600 4619; x_wconf 77' lang='grc' dir='ltr'>φασὶ,</span> <span class='ocrx_word' id='word_1_493' title='bbox 1628 4549 1727 4621; x_wconf 79' lang='grc' dir='ltr'><strong>τὴν</strong></span> <span class='ocrx_word' id='word_1_494' title='bbox 1760 4550 1998 4603; x_wconf 71' lang='grc' dir='ltr'>ὑπόσταο</span> 
     </span>
    </p>
   </div>
   <div class='ocr_carea' id='block_1_63' title="bbox 418 4642 1998 4715">
    <p class='ocr_par' dir='ltr' id='par_1_63' title="bbox 418 4642 1998 4715">
     <span class='ocr_line' id='line_1_65' title="bbox 418 4642 1998 4715; baseline -0.003 -15"><span class='ocrx_word' id='word_1_495' title='bbox 418 4663 502 4701; x_wconf 88' lang='grc' dir='ltr'><strong>σιν</strong></span> <span class='ocrx_word' id='word_1_496' title='bbox 538 4646 660 4699; x_wconf 71' lang='grc' dir='ltr'>ἀντὶ</span> <span class='ocrx_word' id='word_1_497' title='bbox 715 4644 810 4697; x_wconf 82' lang='grc' dir='ltr'>τοῦ</span> <span class='ocrx_word' id='word_1_498' title='bbox 839 4642 1229 4697; x_wconf 78' lang='grc' dir='ltr'>ταυτοὸουλίαν</span> <span class='ocrx_word' id='word_1_499' title='bbox 1266 4645 1360 4697; x_wconf 74' lang='grc' dir='ltr'>καὶ</span> <span class='ocrx_word' id='word_1_500' title='bbox 1408 4642 1873 4715; x_wconf 80' lang='grc' dir='ltr'>ὁμογνωμοσύνην</span> <span class='ocrx_word' id='word_1_501' title='bbox 1903 4659 1998 4713; x_wconf 85' lang='grc' dir='ltr'><strong>ση-</strong></span> 
     </span>
    </p>
   </div>
   <div class='ocr_carea' id='block_1_64' title="bbox 421 4733 2000 4807">
    <p class='ocr_par' dir='ltr' id='par_1_64' title="bbox 421 4733 2000 4807">
     <span class='ocr_line' id='line_1_66' title="bbox 421 4733 2000 4807; baseline -0.003 -17"><span class='ocrx_word' id='word_1_502' title='bbox 421 4737 636 4807; x_wconf 84' lang='grc' dir='ltr'>μαίνειν</span> <span class='ocrx_word' id='word_1_503' title='bbox 680 4735 789 4787; x_wconf 85' lang='grc' dir='ltr'><strong>τῶν</strong></span> <span class='ocrx_word' id='word_1_504' title='bbox 834 4733 1071 4804; x_wconf 71' lang='grc' dir='ltr'>φύσεων,</span> <span class='ocrx_word' id='word_1_505' title='bbox 1105 4734 1453 4805; x_wconf 79' lang='grc' dir='ltr'>συγχωροῦσι</span> <span class='ocrx_word' id='word_1_506' title='bbox 1480 4735 1726 4805; x_wconf 85' lang='grc' dir='ltr'>δηλονότι</span> <span class='ocrx_word' id='word_1_507' title='bbox 1757 4734 1899 4789; x_wconf 84' lang='grc' dir='ltr'>κατὰ</span> <span class='ocrx_word' id='word_1_508' title='bbox 1932 4733 2000 4787; x_wconf 87' lang='grc' dir='ltr'><strong>τὰ</strong></span> 
     </span>
    </p>
   </div>
   <div class='ocr_carea' id='block_1_65' title="bbox 418 4826 2000 4901">
    <p class='ocr_par' dir='ltr' id='par_1_65' title="bbox 418 4826 2000 4901">
     <span class='ocr_line' id='line_1_67' title="bbox 418 4826 2000 4901; baseline -0.002 -20"><span class='ocrx_word' id='word_1_509' title='bbox 418 4830 613 4901; x_wconf 84' lang='grc' dir='ltr'>πρῶτα</span> <span class='ocrx_word' id='word_1_510' title='bbox 662 4829 756 4883; x_wconf 86' lang='grc' dir='ltr'><strong>δύο</strong></span> <span class='ocrx_word' id='word_1_511' title='bbox 793 4827 976 4896; x_wconf 84' lang='grc' dir='ltr'>λέγειν</span> <span class='ocrx_word' id='word_1_512' title='bbox 1032 4828 1182 4898; x_wconf 80' lang='grc' dir='ltr'>ἡμᾶς</span> <span class='ocrx_word' id='word_1_513' title='bbox 1234 4826 1331 4887; x_wconf 79' lang='grc' dir='ltr'>τὰς</span> <span class='ocrx_word' id='word_1_514' title='bbox 1367 4828 1692 4892; x_wconf 80' lang='grc' dir='ltr'>ὑποστάσεις</span> <span class='ocrx_word' id='word_1_515' title='bbox 1746 4826 1854 4881; x_wconf 84' lang='grc' dir='ltr'>τῶν</span> <span class='ocrx_word' id='word_1_516' title='bbox 1907 4826 2000 4880; x_wconf 81' lang='grc' dir='ltr'><strong>δύο</strong></span> 
     </span>
    </p>
   </div>
   <div class='ocr_carea' id='block_1_66' title="bbox 419 4918 2000 4997">
    <p class='ocr_par' dir='ltr' id='par_1_66' title="bbox 419 4918 2000 4997">
     <span class='ocr_line' id='line_1_68' title="bbox 419 4918 2000 4997; baseline -0.002 -23"><span class='ocrx_word' id='word_1_517' title='bbox 419 4921 672 4991; x_wconf 76' lang='grc' dir='ltr'><strong>φύσεων⁹</strong></span> <span class='ocrx_word' id='word_1_518' title='bbox 730 4924 779 4974; x_wconf 80' lang='grc' dir='ltr'><strong>εἰ</strong></span> <span class='ocrx_word' id='word_1_519' title='bbox 838 4921 894 4974; x_wconf 81' lang='grc' dir='ltr'>δὲ</span> <span class='ocrx_word' id='word_1_520' title='bbox 960 4919 1104 4973; x_wconf 73' lang='grc' dir='ltr'>κατὰ</span> <span class='ocrx_word' id='word_1_521' title='bbox 1150 4919 1228 4997; x_wconf 47' lang='grc' dir='ltr'>τὸ·</span> <span class='ocrx_word' id='word_1_522' title='bbox 1250 4918 1535 4990; x_wconf 87' lang='grc' dir='ltr'>δεύτερον,</span> <span class='ocrx_word' id='word_1_523' title='bbox 1594 4920 1799 4989; x_wconf 76' lang='grc' dir='ltr'>φασὶν,</span> <span class='ocrx_word' id='word_1_524' title='bbox 1839 4918 2000 4973; x_wconf 65' lang='lat' dir='ltr'><strong>evoc—</strong></span> 
     </span>
    </p>
   </div>
   <div class='ocr_carea' id='block_1_67' title="bbox 420 5010 1999 5084">
    <p class='ocr_par' dir='ltr' id='par_1_67' title="bbox 420 5010 1999 5084">
     <span class='ocr_line' id='line_1_69' title="bbox 420 5010 1999 5084; baseline -0.001 -18"><span class='ocrx_word' id='word_1_525' title='bbox 420 5015 534 5067; x_wconf 82' lang='grc' dir='ltr'>σιόν</span> <span class='ocrx_word' id='word_1_526' title='bbox 564 5032 615 5068; x_wconf 92' lang='grc' dir='ltr'><strong>τι</strong></span> <span class='ocrx_word' id='word_1_527' title='bbox 676 5013 995 5084; x_wconf 79' lang='grc' dir='ltr'>βουλόμενοι</span> <span class='ocrx_word' id='word_1_528' title='bbox 1053 5011 1227 5077; x_wconf 80' lang='grc' dir='ltr'>δεῖξαι</span> <span class='ocrx_word' id='word_1_529' title='bbox 1285 5011 1347 5064; x_wconf 85' lang='grc' dir='ltr'>τὸ</span> <span class='ocrx_word' id='word_1_530' title='bbox 1394 5012 1453 5076; x_wconf 77' lang='grc' dir='ltr'>ἐξ</span> <span class='ocrx_word' id='word_1_531' title='bbox 1506 5011 1837 5082; x_wconf 61' lang='grc' dir='ltr'>ἀμφοτέρων</span> <span class='ocrx_word' id='word_1_532' title='bbox 1889 5010 1999 5065; x_wconf 83' lang='grc' dir='ltr'>τῶν</span> 
     </span>
    </p>
   </div>
   <div class='ocr_carea' id='block_1_68' title="bbox 420 5102 2001 5177">
    <p class='ocr_par' dir='ltr' id='par_1_68' title="bbox 420 5102 2001 5177">
     <span class='ocr_line' id='line_1_70' title="bbox 420 5102 2001 5177; baseline -0.003 -17"><span class='ocrx_word' id='word_1_533' title='bbox 420 5108 677 5177; x_wconf 77' lang='grc' dir='ltr'>φύσεων,</span> <span class='ocrx_word' id='word_1_534' title='bbox 724 5108 845 5160; x_wconf 84' lang='grc' dir='ltr'>οὑδὲ</span> <span class='ocrx_word' id='word_1_535' title='bbox 891 5106 1237 5176; x_wconf 75' lang='grc' dir='ltr'>ἀποκρίσεως</span> <span class='ocrx_word' id='word_1_536' title='bbox 1287 5104 1470 5169; x_wconf 79' lang='grc' dir='ltr'>ἄξιοι·</span> <span class='ocrx_word' id='word_1_537' title='bbox 1517 5106 1566 5156; x_wconf 81' lang='grc' dir='ltr'>εἰ</span> <span class='ocrx_word' id='word_1_538' title='bbox 1614 5104 1669 5157; x_wconf 82' lang='grc' dir='ltr'>δὲ</span> <span class='ocrx_word' id='word_1_539' title='bbox 1730 5102 1873 5158; x_wconf 73' lang='grc' dir='ltr'>κατὰ</span> <span class='ocrx_word' id='word_1_540' title='bbox 1940 5102 2001 5157; x_wconf 85' lang='grc' dir='ltr'><strong>τὸ</strong></span> 
     </span>
    </p>
   </div>
   <div class='ocr_carea' id='block_1_69' title="bbox 420 5193 1997 5267">
    <p class='ocr_par' dir='ltr' id='par_1_69' title="bbox 420 5193 1997 5267">
     <span class='ocr_line' id='line_1_71' title="bbox 420 5193 1997 5267; baseline -0.001 -18"><span class='ocrx_word' id='word_1_541' title='bbox 420 5198 658 5267; x_wconf 81' lang='grc' dir='ltr'>πρῶτον,</span> <span class='ocrx_word' id='word_1_542' title='bbox 677 5198 985 5249; x_wconf 77' lang='grc' dir='ltr'>εἰπάτωσαν</span> <span class='ocrx_word' id='word_1_543' title='bbox 1012 5197 1117 5249; x_wconf 76' lang='grc' dir='ltr'>τίνι</span> <span class='ocrx_word' id='word_1_544' title='bbox 1148 5195 1487 5264; x_wconf 86' lang='grc' dir='ltr'>καθέστηκεν</span> <span class='ocrx_word' id='word_1_545' title='bbox 1510 5193 1649 5265; x_wconf 77' lang='grc' dir='ltr'>αὓτη</span> <span class='ocrx_word' id='word_1_546' title='bbox 1677 5193 1963 5264; x_wconf 83' lang='grc' dir='ltr'>ὁμοούσιος</span> <span class='ocrx_word' id='word_1_547' title='bbox 1985 5210 1997 5223; x_wconf 85' lang='grc'><strong>·</strong></span> 
     </span>
    </p>
   </div>
   <div class='ocr_carea' id='block_1_70' title="bbox 418 5284 1998 5362">
    <p class='ocr_par' dir='ltr' id='par_1_70' title="bbox 418 5284 1998 5362">
     <span class='ocr_line' id='line_1_72' title="bbox 418 5284 1998 5362; baseline -0.001 -19"><span class='ocrx_word' id='word_1_548' title='bbox 418 5292 487 5362; x_wconf 76' lang='grc' dir='ltr'>τῇ</span> <span class='ocrx_word' id='word_1_549' title='bbox 534 5288 628 5343; x_wconf 83' lang='grc' dir='ltr'>τοῦ</span> <span class='ocrx_word' id='word_1_550' title='bbox 658 5288 822 5343; x_wconf 72' lang='grc' dir='ltr'>Δαϐὶδ</span> <span class='ocrx_word' id='word_1_551' title='bbox 880 5289 1011 5360; x_wconf 74' lang='grc' dir='ltr'>περὶ</span> <span class='ocrx_word' id='word_1_552' title='bbox 1060 5284 1130 5361; x_wconf 83' lang='grc' dir='ltr'>ἧς</span> <span class='ocrx_word' id='word_1_553' title='bbox 1174 5285 1326 5341; x_wconf 73' lang='grc' dir='ltr'>εἴπεο</span> <span class='ocrx_word' id='word_1_554' title='bbox 1386 5287 1704 5357; x_wconf 70' lang='grc' dir='ltr'>Μνιξρνθητι</span> <span class='ocrx_word' id='word_1_555' title='bbox 1745 5288 1829 5350; x_wconf 83' lang='grc' dir='ltr'><strong>τίς</strong></span> <span class='ocrx_word' id='word_1_556' title='bbox 1879 5304 1998 5355; x_wconf 83' lang='grc' dir='ltr'>μου</span> 
     </span>
    </p>
   </div>
   <div class='ocr_carea' id='block_1_71' title="bbox 2100 4088 3682 4160">
    <p class='ocr_par' dir='ltr' id='par_1_71' title="bbox 2100 4088 3682 4160">
     <span class='ocr_line' id='line_1_73' title="bbox 2100 4088 3682 4160; baseline 0.002 -15"><span class='ocrx_word' id='word_1_557' title='bbox 2100 4100 2161 4145; x_wconf 86' lang='grc' dir='ltr'><strong>ιιι</strong></span> <span class='ocrx_word' id='word_1_558' title='bbox 2211 4089 2475 4144; x_wconf 82' lang='lat' dir='ltr'><strong>Memento</strong></span> <span class='ocrx_word' id='word_1_559' title='bbox 2536 4093 2660 4156; x_wconf 84' lang='lat' dir='ltr'><strong>mei,</strong></span> <span class='ocrx_word' id='word_1_560' title='bbox 2693 4105 2947 4160; x_wconf 87' lang='lat' dir='ltr'><strong>persona,</strong></span> <span class='ocrx_word' id='word_1_561' title='bbox 2997 4100 3095 4145; x_wconf 88' lang='lat' dir='ltr'><strong>et:</strong></span> <span class='ocrx_word' id='word_1_562' title='bbox 3138 4088 3338 4160; x_wconf 83' lang='lat' dir='ltr'><strong>Figura</strong></span> <span class='ocrx_word' id='word_1_563' title='bbox 3372 4092 3682 4148; x_wconf 63' lang='lat' dir='ltr'><strong>substantiae</strong></span> 
     </span>
    </p>
   </div>
   <div class='ocr_carea' id='block_1_72' title="bbox 2098 4181 3681 4254">
    <p class='ocr_par' dir='ltr' id='par_1_72' title="bbox 2098 4181 3681 4254">
     <span class='ocr_line' id='line_1_74' title="bbox 2098 4181 3681 4254; baseline 0.003 -17"><span class='ocrx_word' id='word_1_564' title='bbox 2098 4185 2245 4254; x_wconf 80' lang='lat' dir='ltr'><strong>ejus;</strong></span> <span class='ocrx_word' id='word_1_565' title='bbox 2283 4183 2579 4253; x_wconf 86' lang='lat' dir='ltr'><strong>aliquando</strong></span> <span class='ocrx_word' id='word_1_566' title='bbox 2628 4192 2811 4239; x_wconf 88' lang='lat' dir='ltr'><strong>autem</strong></span> <span class='ocrx_word' id='word_1_567' title='bbox 2860 4181 2995 4253; x_wconf 91' lang='lat' dir='ltr'><strong>quid</strong></span> <span class='ocrx_word' id='word_1_568' title='bbox 3020 4197 3130 4237; x_wconf 89' lang='lat' dir='ltr'><strong>non</strong></span> <span class='ocrx_word' id='word_1_569' title='bbox 3163 4183 3539 4249; x_wconf 89' lang='lat' dir='ltr'><strong>substantiale,</strong></span> <span class='ocrx_word' id='word_1_570' title='bbox 3572 4195 3630 4239; x_wconf 87' lang='lat' dir='ltr'><strong>ut</strong></span> <span class='ocrx_word' id='word_1_571' title='bbox 3666 4208 3681 4242; x_wconf 84' lang='lat'><strong><em>;</em></strong></span> 
     </span>
    </p>
   </div>
   <div class='ocr_carea' id='block_1_73' title="bbox 2098 4276 3683 4348">
    <p class='ocr_par' dir='ltr' id='par_1_73' title="bbox 2098 4276 3683 4348">
     <span class='ocr_line' id='line_1_75' title="bbox 2098 4276 3683 4348; baseline 0.002 -17"><span class='ocrx_word' id='word_1_572' title='bbox 2098 4277 2159 4331; x_wconf 85' lang='lat' dir='ltr'><strong>ln</strong></span> <span class='ocrx_word' id='word_1_573' title='bbox 2200 4277 2291 4331; x_wconf 90' lang='lat' dir='ltr'><strong>illa</strong></span> <span class='ocrx_word' id='word_1_574' title='bbox 2325 4293 2560 4347; x_wconf 88' lang='lat' dir='ltr'><strong>persona</strong></span> <span class='ocrx_word' id='word_1_575' title='bbox 2612 4277 2959 4348; x_wconf 85' lang='lat' dir='ltr'><strong>gloriationis</strong></span> <span class='ocrx_word' id='word_1_576' title='bbox 3006 4291 3177 4343; x_wconf 66' lang='lat' dir='ltr'><strong>meae;</strong></span> <span class='ocrx_word' id='word_1_577' title='bbox 3218 4276 3513 4346; x_wconf 89' lang='lat' dir='ltr'><strong>aliquando</strong></span> <span class='ocrx_word' id='word_1_578' title='bbox 3552 4296 3683 4334; x_wconf 84' lang='lat' dir='ltr'><strong>vero</strong></span> 
     </span>
    </p>
   </div>
   <div class='ocr_carea' id='block_1_74' title="bbox 2099 4369 3684 4441">
    <p class='ocr_par' dir='ltr' id='par_1_74' title="bbox 2099 4369 3684 4441">
     <span class='ocr_line' id='line_1_76' title="bbox 2099 4369 3684 4441; baseline 0.003 -16"><span class='ocrx_word' id='word_1_579' title='bbox 2099 4371 2577 4441; x_wconf 83' lang='lat' dir='ltr'><strong>congregationem</strong></span> <span class='ocrx_word' id='word_1_580' title='bbox 2614 4369 2982 4435; x_wconf 86' lang='lat' dir='ltr'><strong>unanimium,</strong></span> <span class='ocrx_word' id='word_1_581' title='bbox 3025 4378 3088 4423; x_wconf 90' lang='lat' dir='ltr'><strong>ut</strong></span> <span class='ocrx_word' id='word_1_582' title='bbox 3133 4370 3442 4426; x_wconf 84' lang='lat' dir='ltr'><strong>:Exierunt</strong></span> <span class='ocrx_word' id='word_1_583' title='bbox 3482 4372 3586 4427; x_wconf 81' lang='lat' dir='ltr'><strong>viri</strong></span> <span class='ocrx_word' id='word_1_584' title='bbox 3616 4390 3684 4429; x_wconf 78' lang='lat' dir='ltr'><strong>ex</strong></span> 
     </span>
    </p>
   </div>
   <div class='ocr_carea' id='block_1_75' title="bbox 2102 4461 3685 4534">
    <p class='ocr_par' dir='ltr' id='par_1_75' title="bbox 2102 4461 3685 4534">
     <span class='ocr_line' id='line_1_77' title="bbox 2102 4461 3685 4534; baseline 0.003 -20"><span class='ocrx_word' id='word_1_585' title='bbox 2102 4476 2340 4530; x_wconf 83' lang='lat' dir='ltr'><strong>persona</strong></span> <span class='ocrx_word' id='word_1_586' title='bbox 2376 4461 2832 4531; x_wconf 77' lang='lat' dir='ltr'><strong>alienigenarum.</strong></span> <span class='ocrx_word' id='word_1_587' title='bbox 2871 4461 2925 4515; x_wconf 89' lang='lat' dir='ltr'><strong>Si</strong></span> <span class='ocrx_word' id='word_1_588' title='bbox 2961 4476 3093 4531; x_wconf 89' lang='lat' dir='ltr'><strong>ergo</strong></span> <span class='ocrx_word' id='word_1_589' title='bbox 3129 4462 3319 4517; x_wconf 90' lang='lat' dir='ltr'><strong>ultimo</strong></span> <span class='ocrx_word' id='word_1_590' title='bbox 3349 4478 3512 4517; x_wconf 89' lang='lat' dir='ltr'><strong>sensu</strong></span> <span class='ocrx_word' id='word_1_591' title='bbox 3555 4480 3685 4534; x_wconf 58' lang='lat' dir='ltr'><strong>pera</strong></span> 
     </span>
    </p>
   </div>
   <div class='ocr_carea' id='block_1_76' title="bbox 2099 4550 3659 4621">
    <p class='ocr_par' dir='ltr' id='par_1_76' title="bbox 2099 4550 3659 4621">
     <span class='ocr_line' id='line_1_78' title="bbox 2099 4550 3659 4621; baseline 0.003 -18"><span class='ocrx_word' id='word_1_592' title='bbox 2099 4565 2291 4605; x_wconf 90' lang='lat' dir='ltr'><strong>sonam</strong></span> <span class='ocrx_word' id='word_1_593' title='bbox 2320 4550 2534 4615; x_wconf 90' lang='lat' dir='ltr'><strong>dicunt,</strong></span> <span class='ocrx_word' id='word_1_594' title='bbox 2568 4551 2621 4605; x_wconf 93' lang='lat' dir='ltr'><strong>id</strong></span> <span class='ocrx_word' id='word_1_595' title='bbox 2655 4560 2758 4613; x_wconf 91' lang='lat' dir='ltr'><strong>est,</strong></span> <span class='ocrx_word' id='word_1_596' title='bbox 2785 4559 2845 4604; x_wconf 88' lang='lat' dir='ltr'><strong>ut</strong></span> <span class='ocrx_word' id='word_1_597' title='bbox 2874 4550 3186 4621; x_wconf 82' lang='lat' dir='ltr'><strong>signiﬁcent</strong></span> <span class='ocrx_word' id='word_1_598' title='bbox 3208 4560 3529 4606; x_wconf 87' lang='lat' dir='ltr'><strong>naturarum</strong></span> <span class='ocrx_word' id='word_1_599' title='bbox 3556 4568 3659 4608; x_wconf 86' lang='lat' dir='ltr'><strong>con</strong></span> 
     </span>
    </p>
   </div>
   <div class='ocr_carea' id='block_1_77' title="bbox 2101 4642 3689 4712">
    <p class='ocr_par' dir='ltr' id='par_1_77' title="bbox 2101 4642 3689 4712">
     <span class='ocr_line' id='line_1_79' title="bbox 2101 4642 3689 4712; baseline 0.001 -12"><span class='ocrx_word' id='word_1_600' title='bbox 2101 4645 2410 4712; x_wconf 85' lang='lat' dir='ltr'><strong>sensicnem</strong></span> <span class='ocrx_word' id='word_1_601' title='bbox 2442 4656 2499 4699; x_wconf 92' lang='lat' dir='ltr'><strong>et</strong></span> <span class='ocrx_word' id='word_1_602' title='bbox 2525 4642 2900 4707; x_wconf 89' lang='lat' dir='ltr'><strong>concordiam,</strong></span> <span class='ocrx_word' id='word_1_603' title='bbox 2925 4643 3214 4699; x_wconf 85' lang='lat' dir='ltr'><strong>manifeste</strong></span> <span class='ocrx_word' id='word_1_604' title='bbox 3249 4644 3559 4701; x_wconf 90' lang='lat' dir='ltr'><strong>concedunt</strong></span> <span class='ocrx_word' id='word_1_605' title='bbox 3586 4662 3689 4702; x_wconf 91' lang='lat' dir='ltr'><strong>nos</strong></span> 
     </span>
    </p>
   </div>
   <div class='ocr_carea' id='block_1_78' title="bbox 2102 4735 3690 4807">
    <p class='ocr_par' dir='ltr' id='par_1_78' title="bbox 2102 4735 3690 4807">
     <span class='ocr_line' id='line_1_80' title="bbox 2102 4735 3690 4807; baseline 0.002 -17"><span class='ocrx_word' id='word_1_606' title='bbox 2102 4736 2285 4791; x_wconf 89' lang='lat' dir='ltr'><strong>dicere</strong></span> <span class='ocrx_word' id='word_1_607' title='bbox 2302 4736 2610 4791; x_wconf 91' lang='lat' dir='ltr'><strong>secundum</strong></span> <span class='ocrx_word' id='word_1_608' title='bbox 2638 4735 2782 4791; x_wconf 91' lang='lat' dir='ltr'><strong>duos</strong></span> <span class='ocrx_word' id='word_1_609' title='bbox 2800 4736 3015 4806; x_wconf 89' lang='lat' dir='ltr'><strong>priores</strong></span> <span class='ocrx_word' id='word_1_610' title='bbox 3033 4751 3248 4802; x_wconf 88' lang='lat' dir='ltr'><strong>sensus,</strong></span> <span class='ocrx_word' id='word_1_611' title='bbox 3274 4752 3535 4807; x_wconf 86' lang='lat' dir='ltr'><strong>personas</strong></span> <span class='ocrx_word' id='word_1_612' title='bbox 3556 4738 3690 4792; x_wconf 82' lang='lat' dir='ltr'><strong>dua-</strong></span> 
     </span>
    </p>
   </div>
   <div class='ocr_carea' id='block_1_79' title="bbox 2103 4827 3684 4896">
    <p class='ocr_par' dir='ltr' id='par_1_79' title="bbox 2103 4827 3684 4896">
     <span class='ocr_line' id='line_1_81' title="bbox 2103 4827 3684 4896; baseline 0.003 -16"><span class='ocrx_word' id='word_1_613' title='bbox 2103 4842 2225 4881; x_wconf 91' lang='lat' dir='ltr'><strong>rum</strong></span> <span class='ocrx_word' id='word_1_614' title='bbox 2275 4834 2631 4894; x_wconf 87' lang='lat' dir='ltr'><strong>naturarum;</strong></span> <span class='ocrx_word' id='word_1_615' title='bbox 2676 4828 2721 4882; x_wconf 90' lang='lat' dir='ltr'><strong>si</strong></span> <span class='ocrx_word' id='word_1_616' title='bbox 2769 4836 2956 4883; x_wconf 90' lang='lat' dir='ltr'><strong>autem</strong></span> <span class='ocrx_word' id='word_1_617' title='bbox 3000 4827 3068 4882; x_wconf 89' lang='lat' dir='ltr'><strong>ad</strong></span> <span class='ocrx_word' id='word_1_618' title='bbox 3104 4829 3406 4884; x_wconf 91' lang='lat' dir='ltr'><strong>secundum</strong></span> <span class='ocrx_word' id='word_1_619' title='bbox 3440 4844 3684 4896; x_wconf 88' lang='lat' dir='ltr'><strong>sensum,</strong></span> 
     </span>
    </p>
   </div>
   <div class='ocr_carea' id='block_1_80' title="bbox 2103 4919 3689 4990">
    <p class='ocr_par' dir='ltr' id='par_1_80' title="bbox 2103 4919 3689 4990">
     <span class='ocr_line' id='line_1_82' title="bbox 2103 4919 3689 4990; baseline 0.003 -17"><span class='ocrx_word' id='word_1_620' title='bbox 2103 4919 2178 4974; x_wconf 92' lang='lat' dir='ltr'><strong>ita</strong></span> <span class='ocrx_word' id='word_1_621' title='bbox 2202 4926 2262 4973; x_wconf 94' lang='lat' dir='ltr'><strong>ut</strong></span> <span class='ocrx_word' id='word_1_622' title='bbox 2289 4934 2401 4974; x_wconf 86' lang='lat' dir='ltr'><strong>non</strong></span> <span class='ocrx_word' id='word_1_623' title='bbox 2428 4919 2791 4975; x_wconf 87' lang='lat' dir='ltr'><strong>substantiale</strong></span> <span class='ocrx_word' id='word_1_624' title='bbox 2818 4934 2941 4975; x_wconf 90' lang='lat' dir='ltr'><strong>esse</strong></span> <span class='ocrx_word' id='word_1_625' title='bbox 2970 4920 3117 4990; x_wconf 90' lang='lat' dir='ltr'><strong>quod</strong></span> <span class='ocrx_word' id='word_1_626' title='bbox 3144 4935 3209 4975; x_wconf 84' lang='lat' dir='ltr'><strong>ex</strong></span> <span class='ocrx_word' id='word_1_627' title='bbox 3236 4920 3451 4975; x_wconf 88' lang='lat' dir='ltr'><strong>duabus</strong></span> <span class='ocrx_word' id='word_1_628' title='bbox 3475 4922 3689 4978; x_wconf 89' lang='lat' dir='ltr'><strong>naturis</strong></span> 
     </span>
    </p>
   </div>
   <div class='ocr_carea' id='block_1_81' title="bbox 2102 5011 3688 5081">
    <p class='ocr_par' dir='ltr' id='par_1_81' title="bbox 2102 5011 3688 5081">
     <span class='ocr_line' id='line_1_83' title="bbox 2102 5011 3688 5081; baseline 0.001 -15"><span class='ocrx_word' id='word_1_629' title='bbox 2102 5019 2340 5075; x_wconf 87' lang='lat' dir='ltr'><strong>constat,</strong></span> <span class='ocrx_word' id='word_1_630' title='bbox 2405 5011 2696 5067; x_wconf 89' lang='lat' dir='ltr'><strong>intendere</strong></span> <span class='ocrx_word' id='word_1_631' title='bbox 2742 5012 2934 5077; x_wconf 83' lang='lat' dir='ltr'><strong>velint,</strong></span> <span class='ocrx_word' id='word_1_632' title='bbox 2987 5012 3365 5081; x_wconf 85' lang='lat' dir='ltr'><strong>responsionis</strong></span> <span class='ocrx_word' id='word_1_633' title='bbox 3408 5029 3519 5067; x_wconf 81' lang='lat' dir='ltr'><strong>non</strong></span> <span class='ocrx_word' id='word_1_634' title='bbox 3557 5023 3688 5069; x_wconf 91' lang='lat' dir='ltr'><strong>sunt</strong></span> 
     </span>
    </p>
   </div>
   <div class='ocr_carea' id='block_1_82' title="bbox 2103 5101 3688 5175">
    <p class='ocr_par' dir='ltr' id='par_1_82' title="bbox 2103 5101 3688 5175">
     <span class='ocr_line' id='line_1_84' title="bbox 2103 5101 3688 5175; baseline 0.003 -22"><span class='ocrx_word' id='word_1_635' title='bbox 2103 5101 2289 5173; x_wconf 82' lang='lat' dir='ltr'><strong>digni;</strong></span> <span class='ocrx_word' id='word_1_636' title='bbox 2323 5103 2368 5157; x_wconf 94' lang='lat' dir='ltr'><strong>si</strong></span> <span class='ocrx_word' id='word_1_637' title='bbox 2402 5118 2532 5158; x_wconf 78' lang='lat' dir='ltr'><strong>vero</strong></span> <span class='ocrx_word' id='word_1_638' title='bbox 2582 5101 2646 5157; x_wconf 92' lang='lat' dir='ltr'><strong>ad</strong></span> <span class='ocrx_word' id='word_1_639' title='bbox 2680 5103 2941 5175; x_wconf 88' lang='lat' dir='ltr'><strong>primum,</strong></span> <span class='ocrx_word' id='word_1_640' title='bbox 2967 5102 3155 5157; x_wconf 90' lang='lat' dir='ltr'><strong>dicant</strong></span> <span class='ocrx_word' id='word_1_641' title='bbox 3179 5102 3267 5156; x_wconf 90' lang='lat' dir='ltr'><strong>cui</strong></span> <span class='ocrx_word' id='word_1_642' title='bbox 3302 5103 3405 5157; x_wconf 81' lang='lat' dir='ltr'><strong>fuit</strong></span> <span class='ocrx_word' id='word_1_643' title='bbox 3437 5104 3528 5157; x_wconf 87' lang='lat' dir='ltr'><strong>illa</strong></span> <span class='ocrx_word' id='word_1_644' title='bbox 3557 5119 3688 5159; x_wconf 85' lang='lat' dir='ltr'><strong>cor.-</strong></span> 
     </span>
    </p>
   </div>
   <div class='ocr_carea' id='block_1_83' title="bbox 2104 5191 3687 5261">
    <p class='ocr_par' dir='ltr' id='par_1_83' title="bbox 2104 5191 3687 5261">
     <span class='ocr_line' id='line_1_85' title="bbox 2104 5191 3687 5261; baseline -0.001 -12"><span class='ocrx_word' id='word_1_645' title='bbox 2104 5194 2489 5249; x_wconf 85' lang='lat' dir='ltr'><strong>substantialis</strong></span> <span class='ocrx_word' id='word_1_646' title='bbox 2534 5212 2547 5247; x_wconf 90' lang='lat'><strong>:</strong></span> <span class='ocrx_word' id='word_1_647' title='bbox 2579 5201 2677 5247; x_wconf 89' lang='lat' dir='ltr'><strong>aut</strong></span> <span class='ocrx_word' id='word_1_648' title='bbox 2725 5192 2917 5257; x_wconf 85' lang='lat' dir='ltr'><strong>David,</strong></span> <span class='ocrx_word' id='word_1_649' title='bbox 2950 5191 3018 5246; x_wconf 88' lang='lat' dir='ltr'><strong>de</strong></span> <span class='ocrx_word' id='word_1_650' title='bbox 3066 5207 3176 5261; x_wconf 87' lang='lat' dir='ltr'><strong>quo</strong></span> <span class='ocrx_word' id='word_1_651' title='bbox 3210 5192 3347 5245; x_wconf 77' lang='lat' dir='ltr'><strong>dixit</strong></span> <span class='ocrx_word' id='word_1_652' title='bbox 3384 5213 3395 5246; x_wconf 90' lang='lat'><strong>:</strong></span> <span class='ocrx_word' id='word_1_653' title='bbox 3426 5192 3687 5248; x_wconf 78' lang='lat' dir='ltr'><strong>Memento</strong></span> 
     </span>
    </p>
   </div>
   <div class='ocr_carea' id='block_1_84' title="bbox 2110 5283 3685 5357">
    <p class='ocr_par' dir='ltr' id='par_1_84' title="bbox 2110 5283 3685 5357">
     <span class='ocr_line' id='line_1_86' title="bbox 2110 5283 3685 5357; baseline -0.001 -15"><span class='ocrx_word' id='word_1_654' title='bbox 2110 5289 2284 5353; x_wconf 80' lang='lat' dir='ltr'><strong>mei‘,</strong></span> <span class='ocrx_word' id='word_1_655' title='bbox 2319 5302 2589 5357; x_wconf 86' lang='lat' dir='ltr'><strong>persona;</strong></span> <span class='ocrx_word' id='word_1_656' title='bbox 2620 5294 2716 5340; x_wconf 90' lang='lat' dir='ltr'><strong>aut</strong></span> <span class='ocrx_word' id='word_1_657' title='bbox 2767 5284 2947 5339; x_wconf 87' lang='lat' dir='ltr'><strong>Patris</strong></span> <span class='ocrx_word' id='word_1_658' title='bbox 2994 5283 3063 5337; x_wconf 91' lang='lat' dir='ltr'><strong>de</strong></span> <span class='ocrx_word' id='word_1_659' title='bbox 3115 5298 3227 5353; x_wconf 88' lang='lat' dir='ltr'><strong>quo</strong></span> <span class='ocrx_word' id='word_1_660' title='bbox 3277 5283 3485 5338; x_wconf 88' lang='lat' dir='ltr'><strong>dictum</strong></span> <span class='ocrx_word' id='word_1_661' title='bbox 3540 5293 3625 5341; x_wconf 87' lang='lat' dir='ltr'><strong>est</strong></span> <span class='ocrx_word' id='word_1_662' title='bbox 3670 5304 3685 5341; x_wconf 89' lang='lat'><strong>:</strong></span> 
     </span>
    </p>
   </div>
   <div class='ocr_carea' id='block_1_85' title="bbox 420 5349 1985 5453">
    <p class='ocr_par' dir='ltr' id='par_1_85' title="bbox 420 5349 1985 5453">
     <span class='ocr_line' id='line_1_87' title="bbox 420 5349 1985 5453; baseline -0.004 -17"><span class='ocrx_word' id='word_1_663' title='bbox 420 5349 812 5453; x_wconf 57' lang='lat' dir='ltr'><strong>ijubnécrraatg,</strong></span> <span class='ocrx_word' id='word_1_664' title='bbox 847 5383 879 5452; x_wconf 85' lang='grc' dir='ltr'>ἢ</span> <span class='ocrx_word' id='word_1_665' title='bbox 926 5349 991 5453; x_wconf 50' lang='grc' dir='ltr'>τῇ</span> <span class='ocrx_word' id='word_1_666' title='bbox 1036 5349 1131 5434; x_wconf 69' lang='grc' dir='ltr'><strong>τόῢ</strong></span> <span class='ocrx_word' id='word_1_667' title='bbox 1174 5372 1411 5452; x_wconf 66' lang='grc' dir='ltr'>’Πατρὸς</span> <span class='ocrx_word' id='word_1_668' title='bbox 1458 5349 1589 5452; x_wconf 54' lang='grc' dir='ltr'>περὶ</span> <span class='ocrx_word' id='word_1_669' title='bbox 1630 5349 1717 5452; x_wconf 25' lang='grc' dir='ltr'><strong>*ἧς</strong></span> <span class='ocrx_word' id='word_1_670' title='bbox 1760 5349 1985 5451; x_wconf 31' lang='grc' dir='ltr'>εἴρηνται</span> 
     </span>
    </p>
   </div>
   <div class='ocr_carea' id='block_1_86' title="bbox 2092 5349 3689 5453">
    <p class='ocr_par' dir='ltr' id='par_1_86' title="bbox 2109 5349 3689 5448">
     <span class='ocr_line' id='line_1_88' title="bbox 2109 5349 3689 5448; baseline 0 -16"><span class='ocrx_word' id='word_1_671' title='bbox 2109 5349 2650 5448; x_wconf 47' lang='lat' dir='ltr'><strong>Figura-substantiis</strong></span> <span class='ocrx_word' id='word_1_672' title='bbox 2674 5376 2788 5445; x_wconf 82' lang='lat' dir='ltr'><strong>ejus</strong></span> <span class='ocrx_word' id='word_1_673' title='bbox 2813 5378 2868 5430; x_wconf 79' lang='lat'><strong>’?</strong></span> <span class='ocrx_word' id='word_1_674' title='bbox 2899 5375 3005 5431; x_wconf 89' lang='lat' dir='ltr'><strong>Sed</strong></span> <span class='ocrx_word' id='word_1_675' title='bbox 3034 5374 3080 5430; x_wconf 90' lang='lat' dir='ltr'><strong>si</strong></span> <span class='ocrx_word' id='word_1_676' title='bbox 3113 5349 3289 5430; x_wconf 51' lang='lat' dir='ltr'><strong>ﬁatris</strong></span> <span class='ocrx_word' id='word_1_677' title='bbox 3320 5376 3597 5445; x_wconf 86' lang='lat' dir='ltr'><strong>quomodo</strong></span> <span class='ocrx_word' id='word_1_678' title='bbox 3621 5394 3689 5432; x_wconf 83' lang='lat' dir='ltr'><strong>ex</strong></span> 
     </span>
    </p>
   </div>
   <div class='ocr_carea' id='block_1_87' title="bbox 424 5468 2001 5540">
    <p class='ocr_par' dir='ltr' id='par_1_87' title="bbox 424 5468 2001 5540">
     <span class='ocr_line' id='line_1_89' title="bbox 424 5468 2001 5540; baseline -0.003 -15"><span class='ocrx_word' id='word_1_679' title='bbox 424 5472 732 5540; x_wconf 80' lang='grc' dir='ltr'>χαρακτὴρ</span> <span class='ocrx_word' id='word_1_680' title='bbox 770 5470 884 5539; x_wconf 84' lang='grc' dir='ltr'>τῆς</span> <span class='ocrx_word' id='word_1_681' title='bbox 926 5469 1327 5536; x_wconf 84' lang='grc' dir='ltr'>ὑποστάσεως</span> <span class='ocrx_word' id='word_1_682' title='bbox 1361 5470 1549 5525; x_wconf 79' lang='grc' dir='ltr'>αὑτοῦ</span> <span class='ocrx_word' id='word_1_683' title='bbox 1578 5486 1596 5534; x_wconf 89' lang='grc'><em>;</em></span> <span class='ocrx_word' id='word_1_684' title='bbox 1632 5469 1781 5522; x_wconf 85' lang='grc' dir='ltr'>’Λλλ’</span> <span class='ocrx_word' id='word_1_685' title='bbox 1807 5472 1855 5522; x_wconf 84' lang='grc' dir='ltr'>εἰ</span> <span class='ocrx_word' id='word_1_686' title='bbox 1900 5468 2001 5539; x_wconf 84' lang='grc' dir='ltr'><strong>μὲν</strong></span> 
     </span>
    </p>
   </div>
   <div class='ocr_carea' id='block_1_88' title="bbox 420 5561 2002 5633">
    <p class='ocr_par' dir='ltr' id='par_1_88' title="bbox 420 5561 2002 5633">
     <span class='ocr_line' id='line_1_90' title="bbox 420 5561 2002 5633; baseline -0.001 -17"><span class='ocrx_word' id='word_1_687' title='bbox 420 5567 491 5633; x_wconf 84' lang='grc' dir='ltr'>τῇ</span> <span class='ocrx_word' id='word_1_688' title='bbox 546 5564 641 5616; x_wconf 82' lang='grc' dir='ltr'>τοῦ</span> <span class='ocrx_word' id='word_1_689' title='bbox 706 5564 940 5633; x_wconf 76' lang='grc' dir='ltr'>Πατρὺς,</span> <span class='ocrx_word' id='word_1_690' title='bbox 975 5561 1089 5626; x_wconf 84' lang='grc' dir='ltr'>πῶς</span> <span class='ocrx_word' id='word_1_691' title='bbox 1155 5563 1219 5615; x_wconf 83' lang='grc' dir='ltr'>ὲκ</span> <span class='ocrx_word' id='word_1_692' title='bbox 1280 5562 1374 5615; x_wconf 84' lang='grc' dir='ltr'><strong>δύο</strong></span> <span class='ocrx_word' id='word_1_693' title='bbox 1435 5563 1651 5631; x_wconf 83' lang='grc' dir='ltr'>φύσεων</span> <span class='ocrx_word' id='word_1_694' title='bbox 1735 5561 2002 5632; x_wconf 86' lang='grc' dir='ltr'>συνέστη-</span> 
     </span>
    </p>
   </div>
   <div class='ocr_carea' id='block_1_89' title="bbox 423 5653 2002 5727">
    <p class='ocr_par' dir='ltr' id='par_1_89' title="bbox 423 5653 2002 5727">
     <span class='ocr_line' id='line_1_91' title="bbox 423 5653 2002 5727; baseline -0.001 -17"><span class='ocrx_word' id='word_1_695' title='bbox 423 5673 538 5722; x_wconf 85' lang='grc' dir='ltr'>κεν,</span> <span class='ocrx_word' id='word_1_696' title='bbox 591 5656 770 5726; x_wconf 81' lang='grc' dir='ltr'>ἁπλῆς</span> <span class='ocrx_word' id='word_1_697' title='bbox 797 5654 1148 5727; x_wconf 84' lang='grc' dir='ltr'>ὑπαρχούσης</span> <span class='ocrx_word' id='word_1_698' title='bbox 1191 5653 1292 5719; x_wconf 80' lang='grc' dir='ltr'>τῆς</span> <span class='ocrx_word' id='word_1_699' title='bbox 1341 5653 1437 5708; x_wconf 82' lang='grc' dir='ltr'>τοῦ</span> <span class='ocrx_word' id='word_1_700' title='bbox 1487 5654 1699 5726; x_wconf 76' lang='grc' dir='ltr'>Πατρός</span> <span class='ocrx_word' id='word_1_701' title='bbox 1730 5672 1744 5722; x_wconf 91' lang='grc'>;</span> <span class='ocrx_word' id='word_1_702' title='bbox 1781 5654 1863 5709; x_wconf 79' lang='grc' dir='ltr'>δεῖ</span> <span class='ocrx_word' id='word_1_703' title='bbox 1895 5653 2002 5726; x_wconf 78' lang='grc' dir='ltr'><strong>γὰρ</strong></span> 
     </span>
    </p>
   </div>
   <div class='ocr_carea' id='block_1_90' title="bbox 501 5835 1403 5902">
    <p class='ocr_par' dir='ltr' id='par_1_90' title="bbox 501 5835 1403 5902">
     <span class='ocr_line' id='line_1_92' title="bbox 501 5835 1403 5902; baseline 0.002 -12"><span class='ocrx_word' id='word_1_704' title='bbox 501 5840 515 5866; x_wconf 86' lang='grc'>¹</span> <span class='ocrx_word' id='word_1_705' title='bbox 554 5836 695 5891; x_wconf 75' lang='lat' dir='ltr'><strong>I‘sal.</strong></span> <span class='ocrx_word' id='word_1_706' title='bbox 724 5853 868 5902; x_wconf 74' lang='lat' dir='ltr'><strong>xxiv,</strong></span> <span class='ocrx_word' id='word_1_707' title='bbox 900 5837 952 5892; x_wconf 90' lang='lat'><strong>7.</strong></span> <span class='ocrx_word' id='word_1_708' title='bbox 1033 5838 1052 5867; x_wconf 86' lang='lat'>&#39;</span> <span class='ocrx_word' id='word_1_709' title='bbox 1080 5835 1227 5893; x_wconf 84' lang='lat' dir='ltr'><strong>llcbr</strong></span> <span class='ocrx_word' id='word_1_710' title='bbox 1287 5853 1324 5893; x_wconf 83' lang='grc' dir='ltr'>ι.</span> <span class='ocrx_word' id='word_1_711' title='bbox 1356 5837 1403 5892; x_wconf 78' lang='grc'><strong>5.</strong></span> 
     </span>
    </p>
   </div>
   <div class='ocr_carea' id='block_1_91' title="bbox 2111 5465 3691 5537">
    <p class='ocr_par' dir='ltr' id='par_1_91' title="bbox 2111 5465 3691 5537">
     <span class='ocr_line' id='line_1_93' title="bbox 2111 5465 3691 5537; baseline -0.001 -14"><span class='ocrx_word' id='word_1_712' title='bbox 2111 5467 2329 5523; x_wconf 92' lang='lat' dir='ltr'><strong>duabus</strong></span> <span class='ocrx_word' id='word_1_713' title='bbox 2358 5468 2573 5521; x_wconf 83' lang='lat' dir='ltr'><strong>naturis</strong></span> <span class='ocrx_word' id='word_1_714' title='bbox 2603 5466 2829 5534; x_wconf 90' lang='lat' dir='ltr'><strong>coaluit,</strong></span> <span class='ocrx_word' id='word_1_715' title='bbox 2858 5483 2983 5521; x_wconf 90' lang='lat' dir='ltr'><strong>eum</strong></span> <span class='ocrx_word' id='word_1_716' title='bbox 3019 5466 3251 5536; x_wconf 81' lang='lat' dir='ltr'><strong>simplex</strong></span> <span class='ocrx_word' id='word_1_717' title='bbox 3280 5465 3341 5520; x_wconf 77' lang='lat' dir='ltr'><strong>fit</strong></span> <span class='ocrx_word' id='word_1_718' title='bbox 3366 5467 3543 5521; x_wconf 82' lang='lat' dir='ltr'><strong>Patris</strong></span> <span class='ocrx_word' id='word_1_719' title='bbox 3566 5483 3691 5537; x_wconf 87' lang='lat' dir='ltr'><strong>per-</strong></span> 
     </span>
    </p>
   </div>
   <div class='ocr_carea' id='block_1_92' title="bbox 2110 5560 3689 5632">
    <p class='ocr_par' dir='ltr' id='par_1_92' title="bbox 2110 5560 3689 5632">
     <span class='ocr_line' id='line_1_94' title="bbox 2110 5560 3689 5632; baseline -0.004 -15"><span class='ocrx_word' id='word_1_720' title='bbox 2110 5562 2279 5617; x_wconf 88' lang='lat' dir='ltr'><strong>sona?</strong></span> <span class='ocrx_word' id='word_1_721' title='bbox 2312 5561 2540 5632; x_wconf 91' lang='lat' dir='ltr'><strong>Oportet</strong></span> <span class='ocrx_word' id='word_1_722' title='bbox 2570 5561 2717 5616; x_wconf 92' lang='lat' dir='ltr'><strong>enim</strong></span> <span class='ocrx_word' id='word_1_723' title='bbox 2748 5561 2996 5615; x_wconf 86' lang='lat' dir='ltr'><strong>eamdem</strong></span> <span class='ocrx_word' id='word_1_724' title='bbox 3033 5560 3357 5615; x_wconf 80' lang='lat' dir='ltr'><strong>substantia:</strong></span> <span class='ocrx_word' id='word_1_725' title='bbox 3397 5560 3689 5628; x_wconf 84' lang='lat' dir='ltr'><strong>rationem,</strong></span> 
     </span>
    </p>
   </div>
   <div class='ocr_carea' id='block_1_93' title="bbox 2112 5652 3693 5724">
    <p class='ocr_par' dir='ltr' id='par_1_93' title="bbox 2112 5652 3693 5724">
     <span class='ocr_line' id='line_1_95' title="bbox 2112 5652 3693 5724; baseline 0 -15"><span class='ocrx_word' id='word_1_726' title='bbox 2112 5652 2359 5709; x_wconf 88' lang='lat' dir='ltr'><strong>eamdem</strong></span> <span class='ocrx_word' id='word_1_727' title='bbox 2391 5667 2612 5724; x_wconf 89' lang='lat' dir='ltr'><strong>quoque</strong></span> <span class='ocrx_word' id='word_1_728' title='bbox 2659 5652 3021 5721; x_wconf 80' lang='lat' dir='ltr'><strong>voluntatem,</strong></span> <span class='ocrx_word' id='word_1_729' title='bbox 3058 5652 3393 5709; x_wconf 86' lang='lat' dir='ltr'><strong>substantias</strong></span> <span class='ocrx_word' id='word_1_730' title='bbox 3420 5669 3542 5723; x_wconf 77' lang='lat' dir='ltr'><strong>qua:</strong></span> <span class='ocrx_word' id='word_1_731' title='bbox 3564 5670 3693 5723; x_wconf 86' lang='lat' dir='ltr'><strong>per-</strong></span> 
     </span>
    </p>
   </div>
  </div>
