4116 6458
488 386 621 452 152⁸7

1748 400 2060 465 LEONTII
2098 404 2502 469 DYZANTINI

3623 411 3757 478 1523

481 516 629 553 some
656 499 956 569 dicuntur;
999 514 1189 573 postea
1231 508 1419 564 dicant
1443 510 1573 581 quid
1606 513 1679 568 sit
1706 528 2041 572 consuestan

2146 521 2272 587 ,τὸν
2321 522 2481 575 αὑτὸν
2531 524 2674 594 ἔχειν
2726 523 2884 592 λόγον
2928 525 3027 596 τῆς
3056 524 3262 593 οὐσίας,
3312 530 3404 582 καὶ
3451 528 3551 601 τὴν
3587 531 3758 600 αὐτὴν

482 592 646 657 tiale;
690 592 735 646 si
774 610 905 648 vero
951 610 1062 649 non
1113 598 1326 664 Patris,
1379 603 1475 657 sed
1528 605 1723 674 David,
1796 612 2078 679 quomodo

477 696 596 735 eam
622 698 689 735 ex
718 683 934 738 duabus
964 686 1179 741 naturis
1210 702 1485 757 constare,
1518 711 1629 749 non
1662 713 1731 751 ex
1753 714 1987 769 corpore
2021 711 2080 756 et

476 774 659 828 anima
706 786 964 833 constare
1012 781 1242 836 volunt?
1291 784 1440 840 Talis
1490 790 1640 843 enim
1697 791 1802 846 fuit
1854 794 2077 851 Davidis

475 880 748 934 persona;
782 870 827 923 si
856 886 989 925 vero
1025 889 1205 943 neque
1238 876 1368 942 hoc,
1402 895 1581 951 neque
1608 883 1765 949 illud,
1803 886 1946 942 alius
1978 904 2075 959 ge-

475 956 627 1012 neris
672 974 836 1029 quam
887 978 1080 1018 omnes
1126 982 1293 1035 quem
1342 969 1699 1028 introducitis
1734 976 1924 1041 Filius,
1970 995 2075 1035 nec

474 1050 638 1103 nobis
668 1065 773 1106 nec
800 1063 1001 1108 sancta:
1036 1056 1077 1109 Τ
1086 1056 1297 1115 rinitati
1334 1064 1844 1123 consubstantialis.
1881 1069 1988 1125 Sed
2022 1074 2071 1131 si

473 1144 677 1199 dicatis
718 1160 785 1200 ex
830 1157 987 1217 parte
1022 1152 1244 1222 utrique
1288 1156 1839 1225 consubstantialem,
1872 1163 2071 1219 scitote

473 1238 967 1296 consubstantialia
1000 1259 1111 1299 non
1132 1245 1244 1314 pati
1279 1261 1347 1301 ex
1375 1258 1529 1317 parte
1575 1254 2069 1313 consubstantialia

472 1342 594 1382 esse
621 1345 635 1394 ;
668 1330 758 1384 illa
805 1333 953 1387 enim
987 1335 1198 1392 ratione
1227 1340 1547 1397 omniinode
1577 1346 2068 1406 eonsubstantialia

474 1430 638 1487 sunt;
666 1438 796 1477 sane
827 1426 977 1494 quod
1004 1442 1070 1482 ex
1101 1438 1258 1499 parte
1306 1432 1438 1488 huic
1480 1446 1536 1490 et
1571 1437 1649 1490 illi
1696 1441 2065 1497 consubstan-

476 1511 605 1568 tiale
659 1524 776 1579 est,
832 1518 1082 1574 neutrius
1132 1530 1315 1591 potest
1361 1540 1483 1581 esse
1537 1527 1738 1593 Filius;
1791 1534 2065 1589 ostendite

473 1604 621 1655 eniin
698 1606 829 1675 quid
902 1608 1139 1664 diversis
1200 1628 1266 1666 ex
1332 1624 1489 1683 parte
1552 1620 2059 1691 consubstantiale,

476 1697 767 1766 utriusque
796 1699 959 1753 fuerit
985 1702 1173 1758 Filius.

540 1881 732 1937 Priore
767 1895 952 1939 vestro
979 1899 1309 1957 argumento
1346 1891 1459 1960 jam
1496 1897 1758 1961 contrito,
1794 1913 2061 1969 superva-
2089 1882 2136 1941 B

469 1986 702 2027 caneum
750 1984 899 2030 esset
945 1978 1104 2032 vobis
1146 1980 1213 2033 ad
1251 1983 1535 2051 sequentia
1588 1988 1945 2055 respondere.
2005 1993 2062 2047 Si

469 2066 616 2119 enim
648 2082 800 2132 vere,
832 2076 893 2122 ut
931 2079 1214 2125 ostensum
1257 2083 1362 2140 est,
1391 2078 1711 2147 coniunctio
1753 2079 1864 2133 fuit
1896 2092 2061 2137 natu-

471 2172 658 2211 rarum
689 2168 745 2213 et
788 2158 1093 2215 secundum
1139 2179 1457 2234 personam,
1494 2184 1604 2222 non
1639 2184 1825 2225 autem
1866 2188 2059 2243 perso-

470 2266 666 2305 narum
704 2252 857 2319 unio,
891 2254 945 2309 in
979 2256 1203 2311 Christo
1253 2260 1485 2315 Domino
1523 2272 1735 2330 nostro,
1781 2266 1929 2322 sicut
1962 2285 2061 2325 vos

469 2346 572 2413 ipsi
608 2362 755 2402 nunc
800 2348 870 2403 de
913 2348 1096 2406 anima
1137 2360 1196 2407 et
1234 2368 1468 2423 corpore
1502 2357 1671 2412 David
1720 2363 2057 2430 supponitis,

469 2437 822 2492 manifestum
850 2456 1014 2495 unum
1052 2445 1387 2511 necessario,
1412 2463 1523 2502 non
1544 2461 1729 2505 autem
1754 2452 1912 2517 duas,
1936 2468 2058 2508 esse

467 2530 828 2597 compositam
881 2548 1193 2601 personam.
1234 2536 1345 2591 Sed
1397 2556 1466 2595 ne
1509 2542 1799 2599 videamur
1844 2558 2060 2603 vestros

468 2621 817 2690 syllogismos
848 2631 1104 2693 tanquam
1140 2627 1192 2680 in
1235 2632 1528 2696 posteriori
1562 2647 1886 2705 argumento
1917 2640 2057 2694 vali-

467 2712 651 2768 diores
699 2715 897 2782 vitare,
929 2717 1225 2789 adiuvante
1266 2723 1380 2778 Deo
1421 2725 1511 2781 his
1548 2745 1770 2799 quoque
1800 2733 2057 2790 omnibus

466 2804 802 2861 sufficienter
835 2822 1229 2878 occurremus;
1266 2815 1357 2883 qui
1400 2817 1615 2874 sincere
1645 2823 1933 2879 veritatem
1966 2828 2053 2880 ἰη-

464 2896 714 2965 quiruut,
748 2914 858 2953 non
892 2910 1123 2956 utuntur
1156 2904 1212 2958 in
1246 2922 1311 2960 ea
1347 2908 1676 2978 inquirenda
1710 2913 2053 2973 instrumen-

465 2989 537 3042 tis
572 2988 624 3042 in
661 3005 909 3045 errorem
944 2994 1253 3063 agentibus.
1286 2999 1365 3053 uti
1407 3016 1505 3055 vos
1546 3002 1749 3060 facitis.
1779 3010 2050 3073 Quoniam

460 3083 668 3136 etenim
701 3084 1032 3141 indiscretus
1061 3104 1193 3144 usus
1223 3091 1509 3148 nominum
1536 3112 1657 3165 quae
1689 3102 1889 3155 multas
1916 3118 2051 3172 pra:-

462 3173 595 3229 bent
642 3176 1074 3246 signiﬁcationes
1132 3184 1435 3252 plurimum
1485 3203 1704 3260 semper
1754 3194 1811 3247 in
1863 3210 2046 3251 rerum

460 3265 818 3333 inquisitione
859 3284 1107 3323 errorem
1157 3274 1321 3342 parit,
1372 3292 1503 3332 ecce
1549 3295 1647 3349 vos
1688 3283 1929 3352 primum
1977 3287 2047 3342 ab

460 3354 621 3409 initio
662 3357 900 3423 incum,
946 3364 1201 3430 quamvis
1245 3366 1575 3423 videremini
1619 3389 1743 3426 cum
1785 3377 1924 3432 velle
1957 3378 2047 3433 fu-

457 3461 606 3515 gere,
639 3449 937 3516 incidistis,
971 3453 1025 3506 in
1055 3454 1411 3525 inquirendo,
1437 3461 1583 3529 dico,
1609 3463 1677 3518 de
1703 3466 2045 3538 substantia;

456 3547 513 3593 et
537 3555 605 3593 ex
638 3552 796 3609 parte
826 3543 1161 3601 videbamini
1196 3548 1459 3619 deﬁnire,
1491 3554 1589 3609 sed
1619 3572 1729 3610 non
1770 3562 2044 3631 complete

456 3629 695 3684 nominis
728 3646 996 3700 personae,
1030 3638 1336 3694 secundum
1363 3646 1796 3718 unumquodque
1848 3666 2042 3707 eorum

455 3720 523 3772 de
573 3721 778 3789 quibus
829 3723 1065 3792 dicitur,
1116 3730 1512 3799 explanavistis
1547 3736 2039 3810 signiﬁcationem,

456 3822 680 3863 necesse
724 3810 891 3881 igitur
939 3813 1229 3883 habemus,
1288 3834 1623 3880 commutata
1652 3834 2040 3900 praepositione

454 3898 580 3964 ὑπό,
615 3901 699 3955 vel
736 3905 956 3973 proprie
988 3919 1232 3979 accepta,
1274 3913 1514 3981 primum
1559 3898 1801 3977 statuere
1840 3936 2039 3994 quotu-

452 3990 671 4058 pliciter
713 4004 771 4049 et
815 3996 1019 4065 quibus
1050 4000 1283 4058 diversis
1322 4008 1580 4065 sensibus
1621 4012 1689 4070 de
1728 3990 2037 4091 quib—usque

451 4078 671 4134 dicatur
706 4098 956 4153 personae
989 4104 1193 4145 nomen
1247 4102 1304 4148 et
1352 4112 1659 4170 congruum
1713 4078 2036 4177 argumento

449 4184 670 4225 sensum
695 4174 891 4230 sedulo
921 4178 1261 4251 discernere,
1293 4202 1362 4241 ne
1392 4188 1448 4243 in
1478 4192 1707 4248 alteram
1734 4174 1836 4266 pro
1859 4202 2034 4260 altera

447 4263 904 4332 signiﬁcationem
956 4272 1265 4332 incidamus
1310 4297 1323 4332 :
1367 4296 1477 4350 quo
1517 4295 1776 4354 peracto,
1823 4303 2034 4350 vestras

446 4354 821 4415 absurditates
846 4378 1250 4436 consequenter
1274 4372 1605 4432 refellemus.

514 4536 761 4595 Dicimus
788 4557 921 4613 ergo
948 4546 1286 4616 hypostasim
1329 4569 1359 4607 a
1405 4556 1734 4624 quibusdam
1769 4564 1901 4632 dici,
1934 4584 2023 4625 se-

442 4629 684 4685 cundum
736 4643 979 4692 veterem
1029 4639 1343 4700 Graecorum
1392 4647 1670 4720 linguam,
1724 4656 1911 4714 la:cem
1969 4672 2025 4718 et

443 4730 682 4776 mustum
729 4725 842 4779 vini
870 4736 929 4782 ct
970 4731 1232 4789 similium
1278 4738 1635 4811 liquidarum,
1668 4750 1795 4819 quia
1838 4752 2023 4807 subsi.

439 4809 578 4868 deus
599 4814 801 4884 liquori
831 4828 1211 4889 supernatanti
1242 4845 1400 4886 suum
1432 4835 1599 4892 situm
1630 4840 1855 4908 indicat,
1878 4845 2023 4900 sicut

439 4903 676 4961 dicimus
703 4912 1044 4971 subsidentia
1075 4918 1239 4989 ligna.
1272 4924 1483 4982 Dicitur
1516 4931 1682 4986 etiam
1722 4944 1907 4991 motus
1931 4940 2019 4994 vel

438 5003 824 5058 transmutatio
846 5006 1080 5079 alicujus
1112 5013 1264 5081 prius
1286 5020 1662 5082 consistentis.
1688 5025 2015 5097 hypostasis,

435 5090 591 5158 quasi
621 5092 909 5163 dispositio
931 5112 1083 5155 extra
1109 5106 1193 5159 vel
1223 5107 1341 5163 sine
1387 5090 2015 5187 stabilitate,'quondam

436 5196 743 5252 permutata
789 5195 1179 5263 praepositione
1229 5201 1334 5255 ὑπὸ
1387 5204 1442 5257 in
1495 5209 1754 5277 nomine,
1811 5225 1907 5269 aut
1961 5218 2015 5273 in

434 5278 540 5329 απδ
588 5286 974 5351 transmutata,
1010 5289 1153 5345 sicut
1200 5293 1253 5347 in
1306 5298 1557 5365 palaestra
1606 5318 1726 5359 sese
1778 5307 2011 5365 invicem

430 5367 807 5439 detrudentcs,
841 5378 1285 5441 nominaverunt.
1320 5389 1534 5445 Dicitur
1564 5409 1785 5466 quoque
1822 5404 2013 5472 acqui-

430 5460 556 5513 sitio
584 5462 898 5522 divitiarum
930 5482 1026 5527 aut
1056 5487 1350 5545 questuum
1385 5499 1452 5537 ex
1478 5460 1806 5555 quibusdam
1840 5460 2009 5564 pecu-

428 5550 536 5605 niis
579 5553 648 5607 ab
696 5557 884 5627 aliquo
936 5562 1108 5629 facta,
1159 5550 1511 5641 hypostasis;
1546 5580 1701 5646 quasi
1752 5550 1898 5639 salva
1954 5598 2011 5644 et

428 5643 690 5709 stabilita,
743 5649 817 5703 ita
863 5661 922 5707 ut
962 5655 1209 5715 dicamus
1258 5662 1403 5720 hunc
1453 5667 1732 5727 hominem
1780 5679 2006 5735 multam

430 5732 762 5800 hypostasim
796 5757 905 5796 non
960 5746 1184 5817 habere,
1232 5756 1318 5808 vel
1353 5760 1658 5827 possidere.
1705 5766 1916 5825 Dicitur
1950 5783 2007 5828 et

429 5821 733 5887 hypostasis
784 5830 1047 5912 fortitudo
1083 5857 1203 5911 qua:
1250 5862 1359 5901 non
1414 5850 1572 5907 facile
1623 5854 1857 5925 labitur,
1907 5866 2004 5921 scd

2183 610 2389 681 νόησιν,
2427 614 2526 677 τὰς
2568 615 2758 679 οὐσίας
2792 616 3096 688 λεγομένας
3135 619 3490 685 ὑποστάσεις·
3523 622 3645 675 ἐπεὶ
3671 623 3758 675 λεί

2180 706 2429 771 γέτωσαν
2462 706 2515 759 τί
2560 708 2624 762 τὸ
2674 709 2988 779 όμοούσιον.
3037 712 3102 764 El
3152 712 3209 765 δὲ
3262 712 3338 780 μὴ
3365 713 3463 766 τοῦ
3520 714 3755 782 Πατρδς,

2177 794 2315 848 ἀλλὰ
2342 799 2409 866 τῇ
2439 797 2532 851 τοῦ
2564 798 2747 867 Δαεὶδ,
2780 800 2899 864 πῶς
2921 803 2985 856 ὲκ
3009 802 3102 855 δύο
3130 805 3346 871 φύσεων
3376 804 3626 873 λέγοντες
3656 809 3761 862 αὑ-

2175 884 2277 950 τὴν
2305 885 2405 937 οὑκ
2449 887 2515 939 έκ
2559 888 2739 959 ψυχῆς
2780 890 2873 945 καὶ
2904 892 3158 962 σώματος
3184 896 3507 951 συνεστάναι
3543 897 3761 977 βούλον-

2174 992 2302 1041 ται;
2334 978 2554 1050 τοιαύτη
2584 982 2693 1053 γὰρ
2731 983 2763 1051 ἠ
2794 983 2888 1036 τοῦ
2916 985 3099 1039 Δαϐίδ.
3132 985 3197 1039 Εἰ
3226 987 3282 1039 δὲ
3312 988 3433 1041 οὐδὲ
3456 989 3637 1055 τοῦτο,
3666 991 3762 1043 οὑ·

2174 1066 2231 1119 δὲ
2258 1068 2456 1133 ἐκεῖνο,
2485 1075 2651 1126 πᾶσιν
2691 1076 3035 1145 ἐτεροούσιος
3062 1080 3090 1131 ὁ
3123 1079 3255 1151 παρ’
3285 1081 3439 1151 ὑμῶν
3468 1083 3761 1153 εἰσαγόμε-

2175 1179 2266 1226 νος
2296 1164 2442 1228 Υἱὸς,
2480 1168 2575 1219 καὶ
2609 1169 2731 1222 οὑδὲ
2777 1171 2906 1240 ἡμῖν
2936 1171 3059 1224 οὐδὲ
3084 1174 3150 1243 τῇ
3178 1173 3313 1245 ἁγίᾳ
3342 1174 3533 1240 Τριὰδι
3557 1176 3759 1245 όμοού-

2173 1256 2307 1319 σέος.
2350 1257 2413 1312 Εἰ
2465 1259 2522 1313 δὲ
2569 1261 2754 1330 λέγετε
2784 1265 2847 1316 ἐκ
2884 1267 3085 1337 μέρους
3136 1268 3232 1321 καὶ
3285 1269 3464 1340 τούτῳ
3515 1271 3758 1341 κάκείνῳ

2169 1350 2476 1417 ὁμοούσιος,
2514 1352 2815 1421 γινώσκετε
2861 1359 2943 1412 ὃτι
2981 1360 3052 1413 τὰ
3103 1359 3368 1431 ὁμοούσια
3419 1364 3519 1417 οὑκ
3560 1367 3626 1418 ὲκ
3656 1366 3760 1434 μέ-

2172 1457 2302 1511 ρους
2356 1442 2501 1498 θέλει
2551 1447 2817 1518 όμοούσια
2864 1444 3042 1504 εἶναι·
3098 1454 3174 1523 τῷ
3227 1456 3335 1524 γὰρ
3388 1456 3546 1525 Λόγῳ
3579 1458 3759 1527 τούτῳ

2168 1535 2521 1589 παντάπασιν
2564 1541 2830 1610 ὁμοούσια
2882 1543 3037 1598 ἔσται
3057 1560 3073 1575 ⁸
3109 1546 3248 1610 ὅλως
3279 1546 3338 1600 δὲ
3364 1548 3424 1604 τδ
3456 1550 3519 1603 ἐκ
3552 1549 3759 1621 μέρους

2165 1627 2343 1699 τούτῳ
2395 1632 2634 1703 κάκείνῳ
2683 1635 2992 1706 ὀμοούσιον,
3042 1639 3328 1711 οὐδετέρου
3355 1641 3581 1695 δύναται
3611 1640 3756 1698 εἶναι

2165 1719 2296 1783 Υἱός
2321 1737 2335 1751 '
2371 1723 2495 1777 ἐπεὶ
2529 1726 2743 1793 δείξατέ
2773 1746 2826 1781 τι
2857 1731 2921 1783 ὲκ
2957 1732 3160 1803 μέρους
3197 1733 3444 1804 ὑπάρχον
3464 1734 3756 1805 όμοοὺσιον

2162 1814 2463 1887 διαφόροις,
2499 1821 2591 1873 καὶ
2621 1823 2905 1894 γινόμενον
2937 1825 3130 1880 τούτου
3157 1829 3414 1883 κάκείνου
3439 1830 3587 1885 Υίόν.

2241 1909 2379 1980 ’Ἤδη
2432 1913 2534 1981 μὲν
2586 1915 2690 1984 τῆς
2743 1918 3016 1988 προτέρας
3067 1920 3222 1990 ὑμῶν
3254 1923 3563 1988 ὑποθέσεως
3618 1943 3755 1979 κατ-

2165 2004 2511 2075 ηργημένης,
2577 2008 2831 2078 περιττὸν
2871 2005 2942 2082 ἦν
2996 2013 3092 2066 καὶ
3144 2014 3281 2085 πρὸς
3326 2018 3396 2069 τὰ
3442 2016 3572 2087 ἑξῆς
3618 2019 3754 2091 ὑμῖν

2163 2096 2587 2169 ἀποκρίνασθαι.
2618 2102 2680 2154 Ei
2708 2103 2814 2174 γὰρ
2846 2105 3084 2176 ἀληθῶς,
3109 2107 3185 2171 ὡς
3209 2109 3500 2177 δέδεικται,
3529 2114 3753 2182 φύσεως

2161 2189 2386 2257 γέγονεν
2435 2194 2468 2263 ἡ
2527 2194 2777 2261 σύνθεσις
2828 2201 2923 2252 καὶ
2970 2202 3094 2255 καθ’
3149 2203 3470 2269 ὑπόστασιν,
3526 2209 3588 2260 οὑ
3641 2209 3753 2279 μὴν

2162 2280 2515 2338 ὑποστάσεών
2544 2289 2694 2341 ἐστιν
2729 2292 2762 2360 ἡ
2798 2291 2991 2357 ἓνωσις
3032 2295 3124 2349 ἐπὶ
3152 2295 3249 2349 τοῦ
3279 2299 3555 2353 Δεσπὸτου
3587 2301 3750 2371 ἡμῶν

2159 2376 2421 2446 Χριστοῦ.
2454 2380 2643 2453 ὥσπερ
2692 2385 2787 2437 καὶ
2822 2386 2979 2455 ὑμεῖς
3012 2389 3105 2440 ἐπὶ
3153 2389 3329 2461 ψυχῆς
3364 2392 3458 2445 καὶ
3492 2390 3749 2463 σώματος

2159 2468 2256 2521 νῦν
2311 2470 2404 2523 τοῦ
2454 2473 2623 2527 Δαϐὶδ
2674 2476 2961 2541 ὑπέθεσθε,
3002 2480 3163 2550 δῆλόν
3213 2483 3361 2537 ἐστιν
3406 2485 3481 2549 ὡς
3524 2488 3748 2552 πάντως

2160 2559 2291 2629 μίαν
2322 2562 2415 2613 καὶ
2465 2564 2525 2615 οὑ
2563 2563 2657 2617 δύο
2689 2559 2829 2618 εἶναι
2860 2570 3157 2637 ἀναγκαῖον
3191 2572 3289 2642 τὴν
3325 2573 3581 2628 σύνθετον
3608 2576 3747 2630 ὑπό-

2161 2666 2373 2708 στασιν.
2395 2654 2537 2707 Ἀλλ’
2573 2657 2658 2709 ἵνα
2688 2659 2763 2730 μὴ
2815 2659 3059 2732 δόξωμεν
3095 2664 3170 2728 ὡς
3195 2666 3581 2739 ἰσχυροτέρους
3614 2670 3745 2734 τοὺς

2156 2745 2249 2796 ἐπὶ
2272 2748 2336 2815 τῇ
2372 2747 2606 2822 δευτέρᾳ
2640 2752 2796 2823 ὑμῶν
2827 2756 3083 2810 ὑποθέσει
3115 2761 3501 2827 παραιτεῖσθαι
3546 2763 3742 2816 συλλοο

2155 2839 2411 2907 γισμοὺς,
2459 2842 2556 2895 σὺν
2603 2843 2723 2915 Θεῷ
2756 2847 2849 2899 καὶ
2899 2849 3034 2920 πρὸς
3079 2850 3270 2905 τούσδε
3326 2853 3576 2918 ἅπαντας
3607 2858 3739 2926 ὑμῖν

2153 2928 2388 2995 δεόντως
2436 2935 2865 3008 ἀπαντήσομενο
2900 2944 2950 2994 οί
3001 2943 3103 3005 μὲν
3155 2940 3251 2998 οὖν
3283 2946 3593 3018 φιλαλήθως
3638 2950 3739 3018 την

2151 3023 2412 3091 ἀλήθειαν
2448 3027 2799 3096 ἐρευνῶντες,
2829 3032 2891 3084 οὑ
2921 3036 3032 3095 τοῖς
3066 3035 3282 3089 ποιοῦσι
3324 3037 3424 3110 τὴν
3448 3042 3541 3092 ἀπ’
3566 3041 3737 3111 αὐτῆς

2151 3114 2360 3185 πλάνην
2385 3118 2637 3188 ὀργάνοις
2689 3122 2987 3194 κέχρηνται
3021 3127 3157 3196 πρὸς
3183 3129 3282 3198 τὴν
3312 3129 3537 3201 ἔρευναν
3564 3134 3739 3204 αὑτῆς

2152 3207 2344 3281 ῶσπερ
2379 3212 2558 3281 ὑμεῖς.
2616 3215 2729 3283 Τῆς
2764 3217 2873 3289 γὰρ
2920 3219 3236 3287 ἀδιακρίτου
3268 3224 3376 3277 τῶν
3403 3225 3735 3297 πολυσήμων

2149 3299 2469 3368 ὁμωνυμίας
2497 3301 2758 3375 πλείστην
2781 3308 3044 3378 ποιούσης
3066 3312 3153 3363 ἀεὶ
3183 3312 3280 3382 τὴν
3302 3314 3517 3385 ἀπάτην
3538 3319 3594 3370 ἐν
3619 3318 3735 3382 τοῖς

2149 3387 2506 3459 ζητουμένοις
2537 3394 2875 3466 πράγμασιν,
2916 3399 3026 3454 ίδοὺ
3052 3400 3147 3453 νῦν
3171 3404 3305 3473 ἡμῖν
3328 3405 3501 3477 ταύτῃ
3540 3406 3598 3474 ἐξ
3628 3408 3732 3481 ἀρ·-

2147 3478 2250 3549 χῆς
2302 3481 2469 3547 εὐθὺς
2522 3486 2662 3555 μετὰ
2696 3487 2881 3558 μέντοι
2936 3491 3032 3544 καὶ
3076 3492 3254 3545 δοκεῖν
3283 3497 3508 3564 φεύγειν
3535 3478 3729 3569 αὐτην,

2147 3572 2574 3642 προεσάλλεσθε,
2609 3578 2737 3649 περὶ
2778 3580 2877 3651 τῆς
2917 3583 3288 3651 ὑποστάσεως,
3330 3590 3495 3659 φημὶ,
3524 3590 3731 3662 διερευε

2144 3663 2347 3728 νῶντες
2371 3680 2386 3695 ’
2416 3668 2511 3721 καὶ
2539 3669 2756 3733 ἐδόξατε
2795 3671 2894 3741 μὲν
2921 3673 3178 3745 διορίζειν
3220 3678 3328 3731 ἀπὸ
3360 3680 3558 3752 μέρους
3584 3698 3598 3713 ⁶
3625 3683 3731 3737 οὐκ

2142 3755 2378 3821 ἐντελῶς
2428 3757 2486 3811 δὲ
2535 3759 2848 3831 διεκρίνατε
2895 3764 2956 3816 τὸ
3003 3766 3104 3836 τῆς
3152 3767 3505 3836 ὑποστάσεως
3530 3772 3725 3844 ὄνομα,

2141 3849 2260 3913 πῶς
2308 3854 2392 3921 ἐφ’
2430 3854 2666 3907 ἑκάστου
2716 3848 2792 3909 ῶν
2840 3856 3060 3926 λέγεται
3121 3862 3472 3931 σημαίνεται.
3530 3864 3729 3934 Ἀναγο

2140 3947 2295 3995 καῖον
2326 3940 2421 3997 οὖν
2473 3946 3167 4023 ὰντιμεταλαμσανομένης
3212 3953 3330 4023 τῆς,
3358 3955 3487 4020 ὑπὸ,
3518 3958 3725 4029 προθέ-

2142 4048 2279 4096 σεως
2329 4033 2361 4104 ἢ
2413 4036 2620 4106 κυρίως
2654 4040 2915 4110 κειμένης
2936 4057 2950 4071 ·
3003 4043 3258 4113 ποσαχῶς
3291 4063 3351 4097 τε
3381 4046 3599 4117 λέγεται
3627 4049 3723 4103 καὶ

2135 4122 2286 4187 ὅπως
2338 4127 2677 4182 καθέκαστον
2738 4131 2848 4185 τῶν
2900 4133 3103 4205 ἑτέρως
3139 4136 3451 4208 λεγομένων
3503 4142 3723 4211 εἴρηται

2134 4214 2195 4267 τὸ
2225 4218 2325 4285 τῆς
2365 4216 2717 4286 ὑποστάσεως
2747 4223 2939 4295 όνομα,
2976 4227 3071 4281 καὶ
3103 4228 3164 4281 τὸ
3202 4229 3459 4300 ἁρμόδιον
3504 4232 3599 4287 ἐπὶ
3626 4234 3719 4287 τοῦ

2133 4309 2499 4378 προκειμένου
2534 4314 2918 4386 φιλοκρινῆσαι
2944 4322 3092 4391 ἡμᾶς
3122 4322 3357 4393 πρῶτον,
3408 4325 3495 4378 ἵνα
3526 4326 3603 4397 μὴ
3638 4329 3720 4392 εἰς

2134 4400 2329 4471 ἑτέραν
2377 4404 2495 4457 ἀνθ’
2552 4407 2747 4478 ἑτέρας
2793 4413 3070 4481 σημασίαν
3122 4416 3576 4487 μεταπίπτωμεν,
3613 4414 3717 4472 εἶθ’

2130 4490 2305 4555 οὕτως
2338 4495 2407 4547 τὰ
2435 4496 2561 4567 έξῆς
2590 4498 2743 4567 ὑμῶν
2772 4501 2952 4557 ἄτοπα
2978 4501 3297 4575 διελέγχειν.

2048 4571 2103 4634 D
2200 4588 2383 4657 Φαμὲν
2422 4589 2515 4644 οὖν
2554 4593 2711 4661 ἡμεῖς
2743 4594 2819 4658 ὡς
2866 4571 3303 4670 ὑπόστασις-μὲν
3334 4602 3553 4671 λέγεταί
3601 4620 3716 4660 τισι

2132 4678 2273 4732 κατὰ
2312 4680 2421 4735 τῶν
2471 4684 2847 4756 παλαιοτέρων
2887 4685 3221 4757 Ἑλληνικῶν
3259 4693 3357 4764 τὴν
3384 4694 3713 4771 γλῶτταν,ή

2131 4769 2455 4844 ὑποστάθμη
2507 4776 2602 4827 καὶ
2648 4777 2786 4847 τρὺξ
2836 4780 2931 4833 τοῦ
2991 4781 3136 4835 οἴνου
3190 4786 3285 4838 καὶ
3320 4788 3430 4841 τῶν
3454 4790 3716 4847 τοιούτων

2129 4862 2335 4935 ὑγρῶν,
2366 4866 2455 4920 διὰ
2481 4868 2540 4920 τὸ
2569 4868 3005 4943 ὑποϐεϐηκῶσαν
3034 4876 3109 4948 τῷ
3140 4879 3525 4948 ὲπιπολάζοντι
3556 4888 3711 4961 ὑγρῷ

2126 4956 2225 5028 τὴν
2253 4958 2453 5027 ἑαυτῆς
2476 4961 2665 5015 στάσιν
2690 4963 2991 5031 δεικνύναι,
3013 4967 3088 5032 ὡς
3106 4968 3337 5041 λέγομεν
3364 4976 3709 5036 ὲνυπόστατα

2128 5050 2352 5118 σημεῖα.
2388 5049 2622 5120 Λέγεται
2657 5054 2713 5107 δὲ
2748 5056 2904 5127 καὶὴ
2940 5058 3156 5131 κίνησις
3200 5065 3381 5119 εἴτουν
3430 5074 3714 5139 μετάστα-

2127 5155 2210 5205 σις
2233 5142 2327 5194 τοῦ
2357 5145 2651 5209 ἐνεστῶτος
2689 5165 2841 5215 ποτε,
2884 5151 3214 5219 ὑπόστασιςο
3250 5151 3337 5214 οἷά
3366 5178 3450 5225 τις
3477 5165 3586 5219 ἄπο
3613 5171 3708 5224 καὶ

2123 5229 2291 5300 χωρὶς
2328 5233 2571 5297 στάσεως
2608 5232 2741 5290 οὖσα
2781 5237 3042 5307 διάθεσις,
3072 5243 3241 5314 ἤγουν
3291 5249 3547 5323 στέρησις
3580 5260 3707 5313 στά-

2124 5340 2281 5387 σεως,
2320 5327 2450 5378 ποτὲ
2478 5327 2848 5403 ἀμειϐομένης
2878 5334 2996 5405 τῆς,
3040 5337 3162 5404 ὑπὸ,
3197 5342 3507 5410 προθέσεως
3540 5350 3597 5404 ἐν
3634 5356 3703 5423 τῇ

2120 5415 2284 5481 λέξει,
2306 5420 2397 5470 καὶ
2420 5421 2980 5497 μεταλαμϐανομένης
3007 5430 3085 5494 είς
3110 5434 3230 5504 τὴν,
3256 5435 3383 5501 ἀπὸ,
3412 5438 3557 5492 καθὰ
3570 5443 3619 5495 οἱ
3645 5415 3704 5497 εὖ

2120 5509 2425 5581 παλαίστρᾳ
2453 5513 2549 5576 τὰς
2570 5514 2853 5583 διωθήσεις
2883 5519 3128 5591 ἀλλήλων
3155 5528 3488 5597 ποιούμενοι,
3528 5532 3703 5600 οὕτως

2118 5598 2427 5672 ὠνόμασαν.
2491 5606 2727 5675 Λέγεται
2759 5610 2816 5664 δὲ
2850 5613 2945 5667 καὶ
2994 5616 3026 5686 ἡ
3063 5618 3257 5688 κτῆσις
3287 5621 3481 5685 ,τῶνδέ
3535 5645 3701 5684 τινων

2115 5690 2225 5743 τῶν
2280 5694 2581 5763 χρημάτων
2629 5698 2663 5769 ἢ
2720 5704 3000 5772 προσόδων
3043 5708 3156 5761 ἀπό
3198 5728 3359 5767 τινων
3396 5719 3697 5787 κτημάτων

2115 5780 2433 5852 ὑπάρχουσα
2484 5785 2620 5855 τῷδέ
2669 5806 2774 5843 τινι
2825 5793 2902 5864 τῷ
2953 5800 3294 5872 κεκτημένῳ,
3358 5805 3692 5875 ὑπόστασις·

2115 5870 2208 5924 ἆτε
2235 5872 2515 5947 σωζομένη
2553 5878 2642 5949 ἥδε
2678 5882 2768 5935 καὶ
2798 5883 3152 5954 ἀδιαπτώτως
3181 5893 3331 5965 αὑτῷ
3353 5895 3694 5973 ὑφεστηκυία
