4116 6454
349 412 488 479 1529

1306 409 1707 472 ADVERSUS
1741 409 2294 474 NESTORIANOS.
2322 439 2390 448 --
2416 415 2564 476 ΠΒ.
2609 415 2670 474 Π
2682 463 2694 475 .

3485 413 3622 481 153Ὸ

342 535 419 600 ῶς
443 548 626 604 φαμεν
653 530 754 583 οὑκ
800 528 948 599 ἔχειν
1000 527 1033 596 ἢ
1068 525 1367 598 κεκτῆσθαι
1398 528 1551 581 τόνδε
1578 527 1702 581 τινὰ
1727 528 1922 598 πολλὴν

2029 533 2270 587 ειπεῑίηοι
2321 545 2512 589 contra
2564 549 2750 588 rerum
2797 541 3061 597 eventus,
3111 543 3172 588 ut
3225 533 3281 588 in
3334 533 3622 605 Scriptura

342 627 660 680 ὑπόστασιν.
692 623 929 690 Λέγεται
957 619 1015 674 δὲ
1047 619 1367 684 ὑπόστασις,
1397 621 1493 674 καί⁷
1518 622 1577 674 τὺ
1600 621 1931 691 καρτερικὸν

341 719 435 772 καὶ
463 719 563 771 οὑκ
589 715 1012 768 εὑκατάπτωτον
1030 751 1046 776 ,
1093 709 1210 764 ἀλλ’
1241 713 1644 782 ὑπομονητικὸν
1698 714 1832 782 πρὸς
1861 712 1930 765 τά

340 809 707 881 ἐπερχόμενα,
735 805 917 868 καθὼς
949 803 1168 875 εἴρηται
1197 805 1262 874 τῇ
1288 803 1422 874 άγίᾳ
1445 804 1638 875 Γραφῇ
1663 819 1678 834 ·
1700 805 1810 858 Καὶ
1833 803 1930 857 νῦν

336 903 421 961 τές
464 903 497 971 ἡ
554 899 799 968 ὑπομονή
830 914 931 964 μου
959 914 974 964 ;
1015 896 1137 966 οὐχὶ
1170 894 1414 966 Κύριος;
1445 897 1596 966 καὶὴ
1629 894 1929 971 ὑπόστασις

340 1008 440 1062 μου
470 967 591 1061 οὐχὶ
621 967 774 1060 παρὰ
801 987 897 1041 σοῦ
938 989 1088 1054 ἐστι;
1128 988 1364 1054 Λέγεται
1391 987 1448 1041 δὲ
1477 989 1803 1050 ὑπόστασις,
1835 967 1929 1039 καλ⁸

333 1086 367 1154 ἡ
400 1083 545 1146 τινὸς
567 1082 907 1152 διηγήματος
950 1081 982 1152 ἢ
1033 1081 1218 1144 ἁπλῶς
1247 1081 1407 1150 λόγου
1441 1079 1717 1144 ἰδιάζουσα
1743 1079 1838 1132 καὶ
1865 1077 1926 1132 οὑ

335 1175 568 1230 καθόλου
586 1174 726 1228 οὖσα
751 1173 1020 1244 πρότασις
1041 1189 1055 1204 ο
1077 1173 1154 1235 ὡς
1182 1171 1244 1224 τὸ
1263 1171 1560 1240 λεγόμενον
1577 1173 1635 1223 ὲν
1655 1168 1829 1240 ταύτῃ
1854 1171 1920 1240 τῇ

336 1268 636 1323 ὑποστάσει
666 1267 765 1335 τῆς
804 1266 1149 1337 καυχήσεως.
1176 1263 1410 1332 Λέγεται
1451 1263 1509 1316 δὲ
1542 1263 1640 1316 καλ⁵
1667 1265 1700 1332 ἡ
1735 1262 1924 1326 πίστις

338 1359 635 1421 ὑπόστασις
663 1350 754 1411 οἷα
785 1357 850 1427 δή
883 1373 1028 1420 τινος
1071 1354 1435 1425 καταλήψεως
1460 1349 1598 1407 οὖσα
1638 1354 1924 1423 ἐπιστήμη

334 1467 395 1504 τε
422 1448 521 1502 καὶ
549 1447 833 1509 ἐπίστασις
855 1462 868 1475 ·
904 1443 1086 1506 καθὼς
1112 1443 1533 1515 εῖρηται,”Εστι
1586 1441 1656 1494 δὲ
1691 1443 1919 1507 πίστις,

334 1539 737 1610 ἐλπιζομένων
783 1539 1146 1604 ὑπόστασις.
1190 1538 1426 1604 Λέγεται
1474 1535 1794 1609 ὑπόστασις,
1831 1533 1928 1588 καὶ

335 1639 368 1708 ἡ
403 1636 718 1705 ὑπόσχεσις,
760 1632 836 1695 ώς
862 1632 969 1685 ὑπό
995 1648 1140 1694 τινος
1169 1629 1388 1684 τεθεῖσά
1415 1641 1522 1683 τινι
1556 1630 1653 1682 καὶ
1691 1629 1923 1696 ὑφιστα-

335 1730 474 1799 μένη
503 1727 686 1790 ἐλπὶς,
716 1723 900 1788 καθὼς
925 1725 1177 1796 εἴρηται·
1212 1724 1426 1794 Μήπως
1467 1721 1562 1776 ἐὰν
1587 1720 1785 1775 ἔλθωσι
1823 1720 1923 1773 σὺν

329 1818 788 1890 ἐμοὶΜακεδόνες
815 1817 908 1870 καὶ
935 1814 1170 1885 εὑρωσιν
1201 1817 1345 1886 ὑμᾶς
1373 1813 1920 1887 ἀπαρασκευάστους,

333 1884 821 1982 καταισχυνθῶμεν
873 1911 1058 1980 ἡμεῖς,
1115 1908 1202 1962 ῖνα
1242 1884 1322 1978 μὴ
1369 1884 1621 1976 λέγωμεν
1651 1905 1833 1976 ὑμεῖς,
1859 1905 1917 1956 ὲν
1947 1884 1994 1942 Β

331 2009 397 2078 τῇ
431 2004 729 2059 ὑποστάσει
757 2000 930 2073 ταύτῃ
955 2017 969 2030 ·
994 2001 1079 2064 τίς
1105 2000 1163 2054 δὲ
1195 1995 1285 2072 ἦν,
1331 1998 1491 2069 φησι,
1523 2001 1590 2068 τῇ
1628 2012 1915 2066 προεπηγ-

332 2097 572 2169 γελμένῃ
600 2093 782 2148 αὑτῶν
825 2093 1048 2164 εὐλογίᾳ
1079 2109 1094 2159 ;
1133 2091 1367 2159 Λέγεται
1400 2090 1717 2152 ὑπόστασις,
1755 2092 1850 2142 καὶ
1881 2089 1916 2158 ἡ

336 2192 492 2262 βάσις
526 2192 560 2262 ἡ
606 2186 948 2259 ὑποκειμένη
988 2189 1056 2257 τῇ
1105 2185 1295 2239 στάσει
1346 2183 1500 2237 τοῦδέ
1537 2201 1700 2246 τινος,
1726 2181 1920 2252 ὥσπερ

335 2284 585 2354 εἴρηται·
629 2277 938 2346 Ἐνεπάγην
990 2278 1070 2339 εἰς
1105 2275 1238 2345 ὕλην
1282 2273 1448 2345 βυθοῦ
1489 2275 1585 2327 καὶ
1623 2273 1722 2326 οὐκ
1769 2272 1918 2326 ἔστιν

337 2374 653 2435 ὑπόστασις.
688 2372 924 2441 Λέγεται
974 2370 1309 2432 ὑπόστασις,
1350 2368 1446 2421 καὶ
1487 2367 1521 2436 ἡ
1558 2366 1875 2428 ἀντίστασις
1900 2379 1914 2393 ⁰

335 2465 411 2528 ὼς
437 2464 496 2517 τὸ
528 2465 584 2517 ἐν
622 2463 701 2534 τῷ
746 2460 1154 2531 Δευτερονομίῳ
1193 2460 1485 2531 εἰρημένον
1540 2457 1647 2512 ὑπὸ
1707 2457 1918 2527 Μωῦσῆ

333 2558 463 2627 περὶ
493 2555 583 2608 τοῦ
616 2555 750 2609 λαοῦ
771 2571 786 2584 ο
819 2552 954 2620 Πῶς
989 2552 1330 2622 δυνήσομαι
1377 2550 1582 2621 φέρειν
1626 2549 1744 2618 τὴν
1772 2550 1922 2604 ὑπό-

333 2664 562 2703 στασιν
589 2649 689 2704 καί
717 2647 1072 2716 ἀντιλογίαν
1110 2644 1315 2715 ὐμῶν;
1343 2643 1583 2712 Λέγεται
1619 2642 1922 2703 ὑπόστασις

334 2748 428 2801 καὶ
456 2748 487 2817 ἡ
523 2743 856 2806 κατάστασις
876 2759 891 2774 ο
925 2741 1001 2804 ὡς
1032 2741 1094 2794 τὸ
1121 2740 1180 2792 ὲν
1223 2738 1478 2811 Ἐζεκιὴλ
1509 2738 1640 2808 περὶ
1664 2735 1760 2790 τοῦ
1791 2735 1922 2790 ναοῦ

339 2840 667 2909 εἰρημένον·
721 2835 832 2889 Καὶ
885 2831 1238 2902 διαγγιάψεις
1292 2830 1402 2884 τὸν
1459 2826 1631 2884 οἷκον
1678 2827 1776 2882 καὶ
1809 2826 1926 2894 τὴν

332 2929 686 2998 ἑτοιμασίαν
715 2925 923 2991 αὐτοῦ,
975 2924 1072 2978 καί
1123 2922 1232 2988 τὰς
1281 2921 1564 2986 εἰσόδους
1596 2919 1785 2974 αὐτοῦ
1825 2917 1924 2972 καί

332 3027 440 3089 τὰς
494 3021 747 3086 ἐξόδους
797 3017 1008 3083 αὐτοῦ,
1033 3016 1134 3071 καί
1187 3016 1304 3083 τὴν
1328 3016 1678 3070 ὑπόστασιν
1707 3011 1917 3066 αὐτοῦ.

333 3116 567 3183 Λέγεται
598 3113 898 3171 ὑπόστασις
950 3108 1054 3162 καὶ
1093 3108 1126 3177 ἡ
1173 3105 1336 3160 τινῶν
1385 3103 1694 3175 προσώπων
1729 3105 1924 3173 όμοου-

2033 641 2188 681 sacra
2233 625 2444 681 dicitur
2471 644 2484 680 :
2515 626 2583 680 Et
2628 643 2778 681 nunc
2823 643 2946 696 quin
2975 636 3061 682 cst
3093 627 3432 698 exspectatio
3463 629 3623 683 mea?

2031 732 2216 772 nonne
2250 719 2566 773 Dominus?
2593 721 2661 774 Et
2692 737 2704 773 :
2737 719 3058 790 Hypostasis
3083 737 3224 782 mea.
3254 737 3440 775 nonne
3472 720 3620 791 apud

2032 811 2124 866 te?
2148 811 2362 865 Dicitur
2393 811 2620 882 insuper
2645 813 2975 884 bypostasis,
3008 814 3344 868 narrationis
3373 824 3469 869 aut
3493 815 3624 868 sim-

2030 903 2252 972 pliciter
2281 906 2556 959 sermonis
2592 906 2812 959 initium
2861 907 3156 975 Separatim
3194 918 3249 962 et
3283 922 3394 961 non
3439 907 3493 960 in
3532 907 3623 961 in-

2030 1003 2204 1064 tegro,
2239 1005 2300 1050 ut
2324 996 2528 1050 dicitur
2554 997 2608 1051 in
2640 998 2741 1052 hac
2763 998 3050 1069 bypostasi
3079 999 3446 1069 gloriationis.
3474 999 3622 1054 Dici-

2030 1095 2120 1141 tur
2145 1099 2410 1157 praeterea
2438 1089 2749 1160 hypostasis
2778 1090 2932 1154 fides,
2962 1091 3118 1160 quasi
3146 1091 3431 1161 cujusdam
3463 1106 3618 1146 com~

2028 1177 2420 1248 prebensionis
2477 1179 2712 1234 scientia
2765 1187 2821 1234 et
2878 1195 3020 1249 pene
3091 1181 3418 1250 occupatio,
3477 1183 3620 1237 sicut

2027 1268 2236 1323 dictum
2273 1279 2403 1325 est:
2438 1269 2589 1324 Fides
2634 1279 2709 1324 est
2752 1273 3144 1342 sperandamm
3196 1276 3490 1346 hypostasis
3537 1292 3622 1329 re-

2030 1377 2150 1415 rum
2183 1361 2221 1415 ³.
2257 1362 2474 1418 Dicitur
2519 1364 2834 1435 bypostasis
2864 1373 2920 1420 et
2949 1367 3271 1435 promissio,
3303 1368 3460 1437 quasi
3495 1383 3620 1438 spes

2027 1454 2199 1510 alicui
2231 1455 2300 1510 ab
2333 1455 2519 1526 aliquo
2556 1456 2683 1511 data
2733 1467 2788 1511 et
2818 1457 3175 1523 confirmata,
3223 1459 3367 1513 sicut
3409 1459 3619 1514 dictum

2027 1554 2112 1600 est
2144 1565 2157 1600 :
2186 1547 2303 1602 Nisi
2339 1563 2556 1602 mecum
2591 1550 2819 1603 veniant
2863 1549 3192 1605 Macedones
3223 1560 3281 1606 et
3323 1567 3424 1606 vos
3468 1551 3623 1608 inve-

2027 1639 2185 1694 niant
2230 1641 2548 1710 imparatos,
2579 1642 2981 1696 erubescamus
3019 1657 3139 1709 nos,
3177 1659 3246 1698 ne
3280 1643 3529 1699 dicamus
3563 1645 3618 1700 in

2028 1729 2132 1787 hac
2158 1733 2439 1804 hypostasi
2467 1751 2479 1786 :
2507 1733 2631 1802 quis
2651 1742 2855 1796 autem,
2882 1733 3082 1804 inquit,
3109 1735 3394 1804 promissa:
3425 1752 3617 1791 eorum

2030 1825 2404 1882 benedictioni
2451 1825 2604 1880 erat?
2667 1826 2879 1880 Dicitur
2931 1825 3275 1897 bypostasis,
3329 1828 3413 1882 vel
3469 1829 3618 1884 basis

2021 1917 2188 1973 alicui
2217 1916 2704 1988 subjacens,vsicut
2730 1916 2941 1970 dictum
2973 1923 3058 1970 est
3085 1933 3099 1969 :
3126 1915 3416 1971 demersus
3448 1927 3533 1972 est
3558 1918 3616 1971 in

2018 2009 2358 2081 profundum
2391 2009 2594 2080 abyssi,
2630 2017 2687 2062 et
2723 2024 2833 2062 non
2882 2017 2966 2062 est
3014 2007 3346 2079 bypostasis.
3401 2009 3619 2065 Dicitur

2018 2101 2330 2174 hypostasis
2359 2111 2416 2156 et
2447 2101 2746 2170 oppositio,
2783 2099 2928 2154 sicut
2977 2099 3034 2152 in
3077 2099 3506 2154 Deuteronomio
3545 2099 3616 2155 de

2019 2196 2224 2267 populo
2257 2211 2288 2249 a
2319 2194 2502 2266 Moyse
2537 2193 2748 2247 dictum
2779 2201 2864 2246 est
2896 2210 2909 2246 :
2944 2190 3058 2256 Quo
3089 2193 3242 2246 modo
3267 2201 3447 2261 potero
3475 2191 3616 2261 ferre

2019 2287 2342 2361 liypostasim
2397 2295 2444 2339 et
2505 2284 2974 2338 contradictionem
3033 2294 3267 2337 vestram
3295 2282 3351 2336 ‘?
3401 2283 3618 2340 Dicitur

2020 2380 2332 2453 bypostasis
2383 2386 2438 2433 et
2482 2377 2656 2442 situs,
2704 2386 2763 2430 ut
2812 2375 2867 2428 in
2916 2375 3208 2429 Ezechiele
3247 2375 3454 2430 dictum
3482 2384 3612 2431 est:

2020 2474 2092 2528 Et
2121 2471 2374 2527 describes
2402 2470 2620 2524 domum
2650 2477 2700 2521 et
2727 2468 2840 2538 ejus
2876 2468 3327 2538 prteparationem
3355 2474 3402 2520 et
3440 2468 3617 2522 aditus

2023 2576 2074 2622 et
2099 2569 2270 2622 exitus
2297 2575 2346 2620 et
2388 2565 2714 2636 hypostasim
2738 2563 2780 2616 '.
2811 2561 3026 2616 Dicitur
3052 2561 3366 2632 bypostasis
3391 2567 3448 2615 et
3475 2577 3617 2631 qua-
3694 2586 3718 2607 ι

2022 2659 2275 2714 rumdam
2313 2653 2870 2712 consubstantialium
2928 2668 3322 2723 personarum,
3371 2653 3460 2707 vel
3504 2668 3617 2708 non

2024 2749 2579 2808 consubstantialium
2607 2748 2844 2804 invicem
2871 2745 3325 2800 convenientium
3353 2761 3616 2816 congres—

2024 2864 2141 2913 sus,
2188 2846 2332 2901 sicut
2381 2844 2592 2898 dictum
2621 2851 2705 2897 est
2737 2858 2751 2894 :
2781 2841 3051 2895 Exierunt
3075 2839 3179 2893 viri
3223 2855 3287 2894 ex
3335 2839 3616 2910 bypostasi

2023 2939 2481 3009 alienigenarum.
2527 2936 2782 3004 thuem
2821 2925 3045 2986 sensum
3074 2946 3174 2985 vos
3229 2931 3345 2985 sive
3375 2929 3618 2985 scienter

2025 3034 2142 3089 sive
2203 3047 2271 3085 ex
2338 3026 2645 3099 ignorantia
2715 3021 3185 3094 prmtermisistis,
3239 3020 3308 3074 ad
3363 3020 3616 3074 eamdem

2027 3126 2207 3180 idcam
2251 3122 2366 3177 fere
2413 3120 2806 3190 pertinentem,
2835 3114 3042 3168 dicitur
3071 3113 3238 3167 etiam
3283 3112 3617 3183 hypostasis,

335 3207 545 3277 σίων,ἢ
584 3206 676 3260 καί
720 3202 1077 3274 ὲτεροουσξων
1124 3198 1377 3268 ἀλλήλοις
1414 3195 1778 3251 συνελθόντων
1816 3195 1905 3248 σύο

2024 3236 2148 3278 eum
2197 3213 2478 3284 aliquibus
2522 3208 2738 3264 naturis
2789 3205 3029 3261 diversis
3069 3213 3125 3260 et
3166 3203 3616 3281 particularibus,

333 3315 552 3362 στασις·
597 3297 673 3362 ώς
708 3296 770 3350 τὺ
809 3295 1102 3365 λεγόμενον
1125 3291 1412 3361 ⁸Ἐξῆλθον
1461 3289 1652 3358 ἄνδρες
1700 3290 1766 3341 ἐκ
1806 3289 1910 3356 τῆς

339 3396 696 3458 ὑποστάσεως
721 3392 832 3447 τῶν
861 3390 1174 3458 ἀλλοφύλων
1191 3405 1206 3420 ο
1234 3388 1316 3441 ἔτι
1341 3387 1396 3440 δὲ
1433 3387 1527 3440 καὶ
1553 3385 1612 3438 ὃν
1641 3383 1736 3437 νῦν
1759 3385 1920 3455 ὑμεῖς

340 3495 398 3545 ἐν
451 3488 652 3559 γνώσει
700 3486 734 3558 ἢ
785 3484 978 3556 ἀγνοίᾳ
1023 3483 1181 3551 λόγον
1233 3479 1616 3551 παρεδράμετε
1648 3477 1788 3531 κατά
1818 3475 1919 3548 τὴν

333 3583 505 3653 αὑτήν
530 3598 648 3643 πως
675 3580 884 3633 ἔννοιαν
914 3577 1062 3630 ὂντα.
1091 3574 1325 3642 Λέγεται
1347 3572 1642 3634 ὑπόστασις
1664 3569 1760 3624 καὶ
1789 3570 1920 3622 ὅταν

334 3675 477 3728 κατά
506 3673 570 3726 τὸ
602 3670 733 3725 αὑτό
773 3687 936 3723 τινων
988 3665 1361 3720 συνελθουσῶν
1390 3662 1607 3732 φύσεων
1643 3660 1920 3732 διαφόρων

338 3767 542 3832 ἰδικῶν,
579 3769 717 3836 μετά
767 3761 874 3816 τῶν
919 3759 1050 3831 περὶ
1095 3758 1265 3820 αὑτάς
1306 3758 1640 3825 ἰδιωμάτων,
1685 3755 1810 3824 οὑχί
1860 3752 1919 3805 δὲ

336 3859 641 3931 προσώπων
668 3855 800 3926 seu
825 3853 1002 3907 εῖτουν
1030 3849 1146 3920 ἅμα
1179 3849 1268 3903 διὰ
1298 3849 1399 3917 τῆς
1431 3847 1681 3910 ἑνώσεως
1715 3845 1919 3899 σύστα-

337 3971 421 4017 σις
463 3949 691 4021 γένηταί
734 3966 818 4011 τις
875 3946 995 4010 ἐνὸς
1049 3945 1211 4016 μόνου
1265 3941 1492 4017 ἀτόμου.
1533 3939 1770 4010 Λέγεται
1825 3940 1922 3992 καὶ

335 4047 551 4118 φύσεων
576 4045 850 4116 διαφόρων
881 4041 958 4114 μὴ
987 4035 1382 4103 συνελθουσῶν,
1410 4035 1546 4090 ἀλλά
1567 4036 1745 4106 μόνων
1773 4034 1920 4087 ἰδιωι

337 4143 524 4212 μάτων
566 4138 808 4212 μερικῶν
835 4137 1120 4198 πλειόνων,
1157 4132 1215 4186 ἓν
1247 4132 1442 4202 ἰδίωμα
1469 4128 1760 4183 καθολικδν
1792 4144 1920 4180 συν·

339 4235 613 4288 ιστώντων
639 4233 704 4284 ὲκ
733 4231 975 4294 πάντων,
1005 4226 1062 4280 ἐν
1090 4243 1196 4279 τινι
1225 4221 1576 4293 ὑποκειμένῳ
1615 4220 1716 4284 ἑνὶ,
1743 4221 1920 4274 εἰτουν

336 4331 394 4382 ἐν
427 4330 524 4401 μιᾷ
549 4327 686 4400 μόνῃ
715 4323 877 4396 φύσει
899 4325 933 4394 ἡ
962 4323 1128 4376 πᾶσιν
1151 4316 1568 4390 ὁμολογουμένη,
1595 4316 1919 4377 ὑπόστασις.

337 4421 462 4475 Εἴτε
495 4421 540 4473 δ’
568 4415 662 4474 οὖν
695 4418 751 4470 ὲν
774 4416 943 4486 ἁπλῇ,
980 4414 1090 4467 εἴτε
1124 4413 1183 4465 ὲν
1219 4408 1480 4480 συνθέτῳ,
1514 4407 1624 4460 εἴτε
1655 4407 1712 4459 ὲν
1745 4405 1911 4476 ἰδικῇ,

337 4519 448 4571 εἴτε
479 4517 536 4570 ὲν
568 4516 743 4586 κοινῇ,
793 4511 933 4582 οἴαὴ
984 4509 1126 4573 θεία,
1163 4506 1275 4560 εἴτε
1321 4507 1377 4559 ὲν
1433 4504 1532 4575 μιᾷ
1573 4503 1733 4572 φύσει
1760 4501 1917 4572 μόνῃ,

2021 3328 2148 3370 cum
2169 3308 2285 3363 suis
2304 3301 2740 3376 pr0prietatibus
2759 3300 2814 3354 in
2837 3298 2985 3353 idem
3008 3295 3490 3358 convenientibus,
3506 3311 3619 3351 non

2020 3413 2203 3459 autem
2232 3395 2506 3470 personis,
2533 3409 2632 3463 per
2667 3392 2933 3446 unionem
2961 3389 3020 3444 ﬁt
3042 3387 3328 3458 cujusdam
3363 3387 3619 3443 indivisi-

2021 3495 2151 3551 bilis
2178 3488 2479 3546 eoncretio.
2512 3485 2729 3541 Dicitur
2753 3481 3087 3555 hypostasis,
3114 3479 3185 3535 ab
3222 3480 3484 3535 omnibus
3517 3480 3619 3535 ad-

2021 3587 2208 3649 missa,
2229 3597 2354 3639 eum
2374 3579 2735 3634 conveniunt.
2754 3591 2861 3630 non
2885 3573 3119 3629 diversae
3136 3581 3366 3633 naturae.
3381 3571 3478 3626 sed
3499 3572 3622 3642 plu-

2022 3680 2174 3735 rimae
2213 3673 2475 3744 partiales
2515 3679 2729 3725 tantum
2760 3665 3167 3738 proprietates,
3207 3664 3522 3719 universam
3550 3680 3617 3720 ex

2022 3769 2284 3826 omnibus
2309 3764 2713 3821 constituentes
2738 3759 3132 3830 proprietatem
3163 3758 3216 3811 in
3249 3772 3359 3810 uno
3377 3756 3617 3826 quodam

2023 3857 2292 3932 subjecto,
2322 3857 2438 3914 sive
2470 3855 2525 3909 in
2561 3870 2669 3908 una
2698 3861 2910 3907 tantum
2943 3858 3144 3905 natura
3176 3867 3189 3902 :
3221 3849 3336 3902 sive
3368 3848 3535 3916 igitur
3562 3848 3616 3902 in

2022 3953 2260 4026 simplici
2291 3959 2508 4012 natura,
2523 3948 2637 4003 sive
2656 3947 2711 4000 in
2729 3943 3053 4014 composita,
3071 3942 3184 3996 sive
3203 3942 3257 3995 in
3275 3941 3617 4010 particulari,

2021 4049 2138 4103 sive
2172 4047 2225 4099 in
2257 4042 2560 4101 communi,
2589 4049 2650 4094 ut
2678 4048 2764 4093 est
2815 4036 3000 4092 divina
3030 4044 3249 4098 natura,
3279 4034 3394 4088 sive
3425 4034 3480 4087 in
3507 4049 3617 4088 una

2025 4148 2259 4201 tantum,
2277 4135 2392 4190 sive
2409 4133 2662 4205 pluribus
2679 4129 2870 4192 unitis,
2891 4127 3192 4182 dummodo
3220 4127 3276 4180 in
3295 4125 3618 4181 exsistentia

2023 4227 2343 4295 sistant,hic
2368 4235 2545 4281 status
2570 4222 2927 4295 proprietatis
2951 4219 3264 4275 communis
3283 4219 3367 4273 vel
3393 4233 3618 4295 compo-

2023 4323 2152 4379 sitio
2203 4321 2322 4375 haec
2351 4317 2670 4389 partialium
2718 4313 3146 4384 proprietatum,
3179 4319 3240 4365 ut
3271 4311 3325 4365 in
3363 4311 3614 4382 subjecto

2023 4415 2208 4485 aliquo
2233 4412 2492 4483 cogitata,
2525 4409 2732 4489 dicitur
2788 4405 3120 4479 hypostasis.
3175 4405 3391 4460 Dicitur
3428 4413 3612 4459 autem

2023 4507 2232 4578 aliquid
2254 4505 2492 4560 maxime
2522 4501 2770 4556 omnium
2802 4499 3087 4571 proprium
3116 4506 3173 4554 et
3202 4497 3457 4552 intimum
3489 4497 3615 4553 talis

337 4610 446 4662 εἴτε
474 4607 530 4662 ἐν
555 4605 867 4678 ἡνωμέναις
899 4601 1159 4665 πλείοσιν,
1195 4599 1334 4662 ὅλως
1362 4596 1545 4667 μέντοι
1565 4596 1623 4648 ὲν
1683 4591 1918 4664 ὑπάρξει

2024 4598 2404 4661 subsistentia,
2437 4595 2643 4666 quippe
2682 4609 2803 4664 qua:
2829 4592 2884 4646 in
2911 4590 3220 4646 substantia
3249 4590 3319 4645 ab
3350 4589 3613 4646 omnibus

335 4702 545 4768 οὔσαις,
568 4698 710 4768 αὕτη
739 4698 825 4768 εἴη
855 4695 964 4748 τῶν
998 4691 1238 4765 μερικῶν
1279 4689 1605 4758 ἰδιωμάτων,
1639 4688 1803 4756 ἤγουν
1823 4683 1918 4737 τοῦ

337 4795 518 4850 κοινοῦ
555 4790 880 4860 ἰδιώματος,
932 4787 1007 4849 ὡς
1055 4785 1114 4836 ὲν
1150 4782 1495 4852 ὑποκειμένῳ
1519 4778 1627 4831 τινὶ
1654 4775 1918 4846 νοουμένη

341 4885 532 4946 στάσις
566 4879 932 4953 ἣησύστασις,
970 4875 1273 4936 ὑπόστασις
1303 4871 1544 4938 λέγεται.
1596 4867 1830 4936 Λέγεται
1861 4865 1920 4919 δὲ

336 4979 674 5052 κυριώτερον
723 4973 822 5030 καὶ
853 4972 1187 5041 οἰκειότερον
1218 4967 1438 5022 πάντων
1468 4965 1501 5033 ἡ
1526 4960 1755 5026 τοιαύτη
1783 4957 1919 5012 ὑπό-

337 5050 530 5133 στασις
553 5111 568 5132 ,
619 5068 714 5123 ἀτε
764 5067 902 5138 πρὸς
951 5065 1019 5135 τῇ
1055 5060 1318 5115 συστάσει
1357 5056 1452 5110 καὶ
1481 5056 1546 5107 ὲκ
1572 5051 1670 5105 τοῦ
1700 5050 1919 5104 πάντων

334 5167 444 5222 τῶν
475 5181 537 5218 τε
570 5159 838 5234 ὁμοειδῶν
871 5156 968 5212 καὶ
998 5153 1107 5207 τῶν
1135 5147 1457 5220 ἑτεροειδῶν
1491 5145 1636 5199 κατά
1663 5143 1724 5196 τὸ
1753 5141 1921 5195 ἰδικδν

335 5257 735 5330 γνωριστήριον
757 5295 773 5320 ,
827 5245 1243 5320 κεχωρισμένον
1298 5238 1570 5296 δεικνύειν
1599 5237 1662 5290 τὸ
1689 5234 1918 5289 ὑποκεῖ-

340 5329 502 5423 μενον
552 5351 787 5417 ἄτομον,
845 5343 964 5397 τόδε
1011 5360 1066 5394 τι
1107 5338 1232 5393 καθ’
1267 5335 1466 5406 ἑαυτὴν
1508 5329 1812 5393 ἀπόστασίς
1837 5345 1922 5391 τις

335 5444 472 5502 οὖσα
524 5444 617 5497 καὶ
658 5438 944 5511 διορισμὸς
975 5433 1086 5488 τῶν
1137 5429 1456 5502 ἁδιορίστων
1489 5424 1688 5479 οὐσιῶν
1721 5423 1801 5486 εἰς
1831 5421 1922 5473 τὸν

338 5537 478 5592 κατὰ
513 5535 807 5607 πρόσωπον
840 5525 1073 5600 ἀριθμὸν
1104 5525 1337 5577 ἑκάστου
1357 5538 1372 5552 ο
1425 5519 1505 5573 διὸ
1535 5516 1598 5588 δὴ
1630 5515 1721 5570 καὶ
1745 5511 1918 5607 πρόσ-

335 5648 486 5687 ωπον
518 5605 723 5699 ταύτην
772 5625 822 5678 οἰ
867 5621 1113 5692 ῙΙατέρες
1139 5614 1326 5672 νοοῦσι
1356 5631 1414 5667 τε
1449 5611 1544 5666 καί⁸
1569 5605 1918 5679 ὀνομάζουσι.

337 5729 576 5799 Λέγεται
607 5724 929 5788 ὑπόστασις,
961 5721 1059 5774 καὶ
1091 5720 1125 5789 ὴ
1157 5714 1318 5770 οὐσία
1344 5712 1440 5767 καὶ
1483 5713 1518 5783 ἡ
1550 5707 1712 5780 φύσις
1757 5705 1922 5757 πολυ-

413 5890 432 5920 ³
467 5885 636 5943 llebr.
670 5903 740 5950 xi,
770 5886 820 5950 -ι,
852 5885 901 5938 l.
979 5883 1000 5915 ⁸
1027 5881 1188 5936 Deut.
1232 5893 1270 5943 I,
1310 5874 1396 5931 12.
1473 5870 1494 5906 ³
1525 5869 1722 5926 Ezech.
1752 5881 1861 5931 xu,
1886 5865 1942 5921 5.

2020 4692 2270 4764 ejusdem
2311 4698 2366 4744 et
2401 4686 2630 4746 alterius
2657 4683 2860 4755 speciei
2881 4683 3128 4748 entibus,
3183 4691 3246 4737 ut
3290 4681 3612 4753 particulari

2019 4785 2248 4842 notione
2271 4783 2641 4844 discernatur,
2667 4786 2984 4847 separatum
3007 4776 3215 4847 praebet
3241 4775 3609 4847 suppositum,

2021 4881 2266 4948 itemque
2299 4871 2606 4930 secundum
2639 4870 3012 4925 substantiam
3042 4867 3332 4923 distinctio
3359 4867 3608 4937 quaedam

2020 4979 2106 5028 est
2133 4978 2190 5025 et
2215 4965 2608 5025 determinatio
2654 4962 3098 5018 indistinctarum
3150 4960 3606 5024 substantiarum,

2023 5075 2085 5120 ut
2110 5078 2340 5135 quicque
2393 5074 2629 5132 persona
2663 5055 3014 5127 singulariter
3048 5060 3442 5116 enumerctur;
3485 5051 3608 5105 ideo

2025 5167 2082 5213 et
2132 5170 2425 5227 personam
2485 5153 2644 5208 istam
2697 5149 2891 5203 Patres
2939 5154 3171 5201 censent
3213 5151 3271 5199 et
3309 5144 3606 5214 appellant.

2027 5250 2240 5305 Dicitur
2272 5244 2656 5309 subsistentia,
2690 5249 2748 5296 et
2777 5240 3019 5295 essentia
3043 5246 3099 5292 et
3127 5245 3323 5292 natura
3353 5237 3611 5306 pluribus

2026 5341 2344 5397 nominibus
2369 5338 2655 5408 designata
2695 5350 2761 5387 eo
2781 5331 2928 5401 quod
2955 5331 3187 5401 plurima
3218 5329 3508 5398 suscipiat,
3553 5336 3612 5384 et

2026 5447 2136 5485 non
2165 5428 2334 5500 quod,
2360 5427 2414 5480 in
2445 5425 2826 5480 accidentibus
2858 5421 2992 5492 ipsis
3022 5437 3143 5490 qua:
3169 5437 3274 5474 non
3311 5420 3607 5486 exsistunt,

2027 5519 2120 5573 illa
2177 5519 2248 5572 sit
2294 5523 2348 5570 et
2399 5529 2521 5568 esse
2559 5513 2852 5582 cogitetur,
2885 5509 2980 5565 sed
3033 5509 3085 5562 in
3111 5509 3290 5578 seipsa
3322 5508 3608 5572 subsistat,

2027 5611 2171 5665 sicut
2200 5609 2408 5663 dictum
2439 5615 2524 5659 cst
2547 5623 2590 5658 ει
2620 5605 2894 5659 Memento
2914 5619 3038 5673 qua:
3067 5603 3138 5656 sit
3164 5618 3284 5655 mea
3299 5601 3611 5656 subsisten-

2031 5703 2125 5757 tia.
2157 5720 2175 5753 ι
2216 5701 2336 5769 Quo
2380 5698 2528 5754 enim
2570 5696 2734 5752 modo
2769 5695 2974 5751 dicitur
3006 5695 3384 5750 characterem
3431 5690 3610 5771 Patris
