4116 6446
537 385 665 450 ίΞΒῙ

1792 388 2102 448 LEONTII
2140 389 2547 451 BYZANTINI

3667 391 3808 453 1332

535 503 858 559 substantize
895 519 1017 559 esse
1050 504 1272 569 Filium,
1297 503 1443 574 quod
1475 513 1532 559 et
1579 503 1760 573 ipsum
1795 502 2108 567 induxistis,

2220 503 2407 573 νύμως
2440 500 2927 571 συσσημαινομένη
2969 500 3124 571 παρὰ
3154 501 3427 566 πλείστοις
3458 502 3534 573 τῷ
3561 504 3807 574 ὑφεστη-

532 593 742 663 majore
765 593 869 646 hoc
903 592 1109 664 indiget
1155 595 1520 664 explicatione
1558 604 1616 649 et
1655 610 1765 648 non
1812 601 2023 648 tantum
2055 602 2117 647 ut

531 699 677 738 nunc
706 684 1005 754 digressiva
1037 687 1407 756 exquisitione
1440 705 1454 753 ;
1492 686 1716 742 aliunde
1763 685 1901 740 nihil
1956 683 2116 739 vobis

529 776 597 830 ad
621 779 965 845 propositum
991 780 1136 834 istud
1169 780 1579 835 subministrat.

2222 593 2412 647 κέναιο
2470 593 2566 646 καὶ
2605 592 2681 662 μὴ
2711 591 2787 654 ὡς
2812 592 2882 644 τά
2915 593 3036 645 καθ’
3067 593 3207 646 αὑτὰ
3237 595 3564 662 ἁνύπαρκτα
3597 595 3775 665 συμὸε

2221 685 2431 756 δηκότα
2461 680 2604 738 εἶναι
2637 686 2732 738 καὶ
2760 684 3000 738 νῠείσοαι
3021 726 3035 751 ,
3072 685 3187 738 ἀλλ’
3215 686 3306 754 ὑφ’
3332 687 3531 757 ἑαυτῆς
3559 687 3807 752 ὲστᾶναι,

2222 776 2360 830 καοὸ
2393 777 2645 846 εἴρηται·
2686 793 2704 825 ι
2737 776 3058 847 Μνήσθητι,
3093 776 3176 838 τίς
3214 795 3315 846 μου
3351 779 3383 847 ἠ
3414 779 3744 840 ὑπόστασις·
3783 796 3804 828 ι

527 869 589 920 τὸ
614 870 721 942 γὰρ
777 871 928 934 ὅπως
982 873 1198 943 εἴρηται
1228 873 1518 944 χαρακτὴρ
1543 873 1641 939 τῆς
1669 869 1764 924 τοῦ
1791 869 2004 940 Πατρδς
2052 869 2407 931 ὑποστάσεως
2459 870 2488 920 6
2530 868 2686 931 Υἱὸς,
2731 869 2759 921 ὃ
2789 869 2884 922 καὶ
2913 869 3044 920 αὑτό
3110 871 3487 939 παρηγάγετε,
3557 870 3810 938 μείζονος

531 961 704 1014 δεῖται
759 963 858 1032 τῆς
908 965 1269 1032 άναπτύξεως
1315 966 1413 1019 καὶ
1459 966 1519 1016 οὑ
1560 962 1974 1034 παρεκδατικῆς
2017 960 2113 1015 νῦν
2153 961 2469 1032 ζητήσεως’
2523 961 2665 1030 πλὴν
2699 961 2850 1015 οὐδὲν
2899 963 3030 1033 ὑμῖν
3061 963 3139 1024 εἰς
3172 962 3231 1015 τὸ
3261 964 3625 1032 προκείμενον
3686 964 3809 1018 τάδε

531 1054 872 1122 συναίρεται.
918 1066 925 1072 '

616 1147 711 1202 llis
733 1148 901 1219 igitur
921 1165 948 1203 a
969 1151 1129 1205 nobis
1145 1151 1213 1205 de
1236 1152 1593 1206 subsistentia
1615 1161 1762 1207 recte
1788 1150 2031 1216 statutis,
2063 1151 2110 1206 si

527 1241 754 1311 quidem
799 1242 937 1296 duas
957 1244 1342 1300 subsistentias
1367 1262 1466 1314 pro
1491 1245 1751 1300 essentiis
1780 1245 1983 1309 dicitis,
2011 1260 2111 1300 nos

527 1334 754 1388 omnino
777 1331 1116 1404 accipimus;
1148 1337 1443 1404 adjieimus
1489 1347 1672 1392 autem
1722 1354 1886 1391 unam
1920 1353 1987 1391 ex
2022 1337 2109 1392 his

526 1437 649 1477 esse
675 1439 966 1492 personam
1015 1426 1245 1489 Christi,
1277 1436 1337 1481 ut
1380 1426 1788 1498 homonymiam
1820 1427 2109 1497 ‘l‘ugiamus

528 1529 912 1582 personarum,
971 1514 1326 1569 ostendentes
1370 1531 1399 1570 a
1435 1515 1596 1569 nobis
1625 1531 1723 1584 pro
1741 1514 1954 1568 naturis
1985 1513 2109 1569 illas

528 1605 704 1675 accipi
739 1622 1072 1675 :personam
1124 1624 1254 1662 vero
1288 1609 1340 1662 in
1390 1609 1806 1664 subsistentiam
1860 1608 1973 1680 jam
2016 1608 2113 1662 de-

528 1714 676 1752 mum
709 1698 869 1753 vobis
895 1714 1018 1753 cum
1045 1709 1370 1769 reputamus
1396 1719 1408 1754 :
1430 1700 1890 1770 signiﬁeatenim,
1909 1708 2109 1768 utper-

2292 1147 2514 1202 Τούτων
2541 1149 2635 1202 οὖν
2665 1147 2840 1212 οὕτως
2865 1149 2996 1220 ἡμῖν
3023 1148 3152 1220 περὶ
3179 1149 3531 1215 ὑποστάσεως
3558 1154 3813 1224 φιλοκρι-

2218 1241 2526 1310 νηοέντων,
2585 1243 2633 1294 εί
2683 1242 2781 1311 μὲν
2826 1241 2918 1294 δύο
2967 1241 3066 1304 τὰς
3099 1243 3426 1306 ὑποστάσεις
3459 1244 3581 1297 ἀντὶ
3607 1247 3810 1299 οὑσιῶν

2217 1353 2386 1404 φατε,
2443 1335 2713 1405 δεχόμεθα
2766 1335 2866 1403 μὲν
2917 1337 3081 1406 ἡμεῖς
3132 1337 3382 1400 πάντωςο
3433 1339 3715 1409 ὲπάγομεν
3747 1341 3809 1394 δὲ

2217 1426 2445 1490 ταύταις
2501 1428 2597 1481 καὶ
2649 1428 2711 1480 τὸ
2759 1427 2818 1482 ἓν
2864 1429 3162 1498 πρόσωπον
3199 1425 3336 1482 εἶναι
3373 1432 3439 1484 ἐκ
3467 1433 3676 1488 τούτων
3709 1432 3808 1487 τοῦ

2216 1519 2496 1588 Χριστοῦ,
2549 1521 2637 1573 ἵνα
2683 1520 2784 1587 τὴν
2831 1520 3156 1589 ὁμωνυμίαν
3197 1519 3464 1589 φύγωμεν
3494 1524 3604 1576 τῶν
3629 1543 3808 1596 προσ-

2218 1612 2386 1665 ώπων
2411 1628 2423 1641 ·
2479 1611 2640 1664 τοῦτο
2687 1611 3009 1682 δηλοῦντες,
3063 1611 3140 1673 ώς
3173 1611 3295 1664 ἀντὶ
3327 1613 3425 1681 μὲν
3451 1614 3560 1666 τῶν
3589 1615 3810 1682 φύσεων

2217 1703 2423 1761 ταύτας
2457 1703 2794 1774 ὲδεξάμεΘα’
2852 1703 2914 1756 τὸ
2947 1703 3005 1756 δὲ
3057 1703 3355 1770 πρόσωπον
3388 1705 3472 1769 είς
3504 1707 3808 1762 ὑπόστασιν

527 1806 660 1844 sona
704 1799 762 1844 et
802 1799 1020 1856 natura,
1065 1793 1425 1846 subsistentia
1474 1809 1588 1847 rem
1631 1793 2023 1848 subs'stentem
2054 1791 2108 1844 in

2214 1793 2400 1846 λοιπὸν
2429 1794 2530 1864 ἤδη
2581 1793 3065 1861 καταλογιζόμεοα
3110 1795 3240 1864 ὑμῖν
3261 1810 3274 1825 ·
3301 1798 3665 1866 συσσημαίνει
3695 1800 3809 1872 γὰρ

528 1893 764 1954 utroque
819 1885 1166 1950 diversorum
1221 1887 1532 1950 nominum,
1601 1887 1696 1941 sed
1738 1887 1811 1940 ita
1841 1901 1966 1940 cum
2000 1885 2113 1939 Deo

526 1979 763 2032 dicinms
801 2019 815 2042 ,
846 1994 944 2032 vos
1000 1989 1185 2033 autem
1231 1994 1457 2033 necesse
1511 1986 1597 2032 est
1643 1978 1786 2032 idem
1820 1987 2113 2032 cernentes

525 2070 726 2138 scepius
779 2077 1034 2124 naturam
1083 2079 1140 2124 et
1196 2069 1613 2124 subsistentiam
1645 2070 1854 2130 dicere,
1903 2085 2026 2124 eum
2054 2068 2110 2123 in

525 2161 742 2214 duabus
774 2161 988 2214 naturis
1021 2160 1159 2215 duas
1188 2177 1412 2232 quoque
1453 2161 1670 2214 Domini
1724 2160 2110 2216 subsistentias

525 2254 731 2317 dicitis,
766 2262 859 2306 aut
883 2269 1180 2322 personam
1223 2253 1468 2307 vicissim
1528 2269 1692 2306 unam
1727 2253 1812 2306 vel
1843 2252 1982 2306 duas
2030 2252 2113 2305 in-

525 2347 840 2408 troducere,
881 2353 977 2398 aut
1013 2353 1276 2408 tacentes,
1328 2353 1568 2414 quatuor
1603 2353 1850 2408 naturas,
1902 2344 2110 2398 nullam

524 2447 708 2492 autem
737 2437 1154 2492 subsistentiam
1189 2437 1240 2491 id
1260 2447 1346 2492 est
1377 2453 1670 2507 personam
1699 2437 1753 2490 in
1774 2436 1998 2491 Christo
2020 2451 2110 2489 re-

524 2544 879 2599 cognoscere,
906 2528 1044 2582 duas
1077 2538 1305 2583 naturas
1343 2529 1617 2595 dicendo;
1649 2544 1751 2584 nec
1773 2529 1858 2584 his
1883 2537 2114 2583 conten-

527 2630 633 2685 tos,
665 2621 804 2675 duas
828 2621 1040 2674 Domini
1070 2621 1464 2675 subsistentias
1494 2621 1807 2685 admittere,
1837 2628 1932 2674 aut
1979 2636 2112 2691 qua-

527 2721 654 2768 tuor
681 2729 946 2784 personas
972 2714 1026 2767 in
1060 2715 1296 2768 Domino
1319 2713 1530 2777 dicere,
1554 2714 1625 2768 ob
1650 2714 1787 2768 duas
1815 2725 2039 2769 naturas
2056 2723 2110 2768 ct

525 2805 666 2860 duas
715 2805 1128 2869 subsistentias,
1181 2806 1386 2859 nullam
1438 2821 1571 2860 vero
1611 2821 1801 2861 earum
1861 2806 2110 2877 profecto

522 2899 819 2953 essentiam
850 2915 865 2964 ;
897 2898 1000 2952 nisi
1027 2899 1083 2951 in
1129 2900 1384 2953 essentia:
1425 2899 1717 2963 rationem,
1772 2899 1867 2954 sed
1891 2899 1943 2951 in
1984 2915 2110 2968 per-

524 3008 674 3046 sonte
698 2999 907 3045 tantum
929 2991 1413 3046 subsistentiarum
1431 3008 1631 3047 nomen
1651 3008 1680 3046 a
1709 2993 1865 3046 vobis
1882 2991 2105 3046 dicitur.

524 3083 658 3138 Nam
684 3084 752 3138 de
784 3084 1015 3154 reliquis
1036 3084 1553 3155 significationibus,
1596 3102 1704 3140 non
1729 3095 1863 3155 puto
1898 3092 2106 3138 tantum

2214 1884 2292 1954 τῷ
2321 1903 2378 1938 τε
2413 1883 2691 1955 προσώπῳ
2741 1887 2836 1940 καὶ
2882 1888 2950 1956 τῇ
2984 1886 3144 1954 φύσει
3179 1888 3212 1956 ή
3243 1887 3545 1952 ὑπόστασις
3579 1889 3638 1942 τὸ
3669 1891 3809 1944 ὑπο-

2213 1979 2468 2044 κείμενον
2503 1980 2734 2049 πρᾶγμα
2767 1980 3022 2049 ἐκατέρῳ
3051 1980 3165 2032 τῶν
3194 1980 3473 2051 διαφόρων
3496 1981 3804 2054 ὀνομάτων.

2225 2070 2376 2123 Ἀῗι,λ“
2425 2070 2599 2134 οὑτως
2635 2071 2734 2124 σὺν
2763 2070 2882 2140 Θεῷ
2913 2089 3117 2141 φαμεν.
3159 2071 3338 2141 ’Υμᾶς
3367 2073 3423 2126 δὲ
3453 2075 3699 2146 ἀνάγκη,
3743 2077 3808 2131 τὸ

2214 2160 2350 2214 αὑτὸ
2379 2161 2590 2225 εἰδότας
2629 2161 2736 2233 (ὥς
2765 2180 2903 2232 φατε
2931 2164 3216 2228 πολλάκις,
3257 2164 3422 2233 φύσιν
3449 2183 3509 2219 τε
3541 2168 3638 2221 καὶ
3666 2167 3806 2222 ὑπό-

2214 2271 2405 2307 στασιν
2425 2293 2440 2317 ,
2478 2256 2603 2308 ἐπεὶ
2632 2256 2770 2326 πρὸς
2798 2259 2922 2319 ταῖς
2947 2256 3042 2310 δύο
3071 2255 3268 2324 φύσεσι
3286 2298 3300 2322 ,
3340 2259 3436 2311 καὶ
3465 2259 3806 2322 ὑποστάσεις

2213 2347 2348 2414 φατὲ
2391 2346 2484 2401 δύο
2510 2346 2606 2400 τού
2637 2347 2922 2418 Κυρίου),
2962 2349 2994 2420 ἢ
3031 2349 3128 2402 καὶ
3153 2348 3450 2421 πρόσωπον
3482 2351 3646 2406 πάλιν
3675 2353 3734 2406 ἓν
3768 2353 3802 2424 ἢ

2210 2439 2304 2491 δύο
2351 2440 2748 2508 ἐπεισαγαγεῖν
2773 2455 2787 2472 ’
2842 2440 2875 2506 ἢ
2924 2441 3216 2507 σιγῶντας,
3251 2441 3530 2513 τέσσαρας
3567 2443 3668 2514 μὲν
3701 2445 3804 2510 τάς

2212 2530 2440 2600 φύσεις,
2491 2530 2749 2599 οὐδεμίαν
2798 2531 2855 2583 δὲ
2906 2532 3240 2598 ὑπόστασιν,
3277 2534 3447 2604 ἤγουν
3480 2537 3800 2606 πρόσωπον,

2211 2624 2266 2675 ὲν
2309 2621 2535 2693 Χριστῷ
2584 2623 2973 2690 διεγνωκέναι,
3023 2622 3119 2676 δύο
3152 2621 3412 2692 λέγοντας
3445 2625 3671 2695 φύσεις·
3706 2630 3804 2682 καὶ

2209 2715 2310 2766 οὑκ
2345 2713 2748 2784 ἀρκουμένους,
2788 2714 2926 2770 ἀλλὰ
2960 2716 3056 2768 καὶ
3087 2714 3179 2769 δύο
3211 2715 3310 2779 τὰς
3341 2717 3673 2784 ὑποστάσεις
3703 2721 3800 2774 τοῦ

2211 2801 2418 2871 Κυρίου
2450 2802 2847 2872 προστιθέντας
2871 2822 2886 2835 ο
2944 2803 2977 2874 ἢ
3011 2805 3257 2875 τέσσαρα
3293 2807 3391 2876 μὲν
3425 2807 3495 2860 τά
3525 2810 3803 2880 πρόσωπα

2211 2893 2306 2945 ἐπὶ
2333 2894 2427 2946 τοῦ
2460 2893 2671 2964 Κυρίου
2703 2894 2905 2963 λέγειν,
2938 2894 3028 2949 διὰ
3052 2896 3159 2948 τῶν
3186 2895 3402 2965 φύσεων
3433 2899 3530 2953 καὶ
3553 2900 3648 2954 δύο
3669 2902 3804 2954 ὑπο-

2211 2986 2490 3052 στάσεων,
2531 2987 2792 3056 οὑδεμίαν
2829 2987 2886 3041 δὲ
2929 2988 3110 3042 αὑτῶν
3153 2989 3341 3043 οὑσίαν
3372 2991 3607 3062 δηλαδή’
3650 2996 3699 3046 εί
3738 2993 3800 3046 δὲ

2214 3078 2289 3149 μὴ
2325 3081 2405 3141 είς
2432 3079 2620 3142 οὑσίας
2650 3079 2832 3148 λόγον,
2864 3079 2982 3132 ἀλλ’
3015 3081 3094 3144 είς
3121 3080 3220 3153 τὴν
3245 3083 3340 3136 τοῦ
3371 3085 3669 3156 προσώπου
3702 3086 3803 3157 μό-

525 3177 769 3248 divagari
802 3177 1083 3233 hominem
1117 3177 1508 3232 rationabilem
1536 3176 1666 3230 dum
1704 3177 1830 3230 talia
1859 3176 2108 3246 inquirit,

2214 3187 2304 3223 νον
2360 3169 2422 3223 τδ
2471 3170 2580 3224 τῶν
2628 3171 2986 3226 ὑποστάσεων
3022 3173 3151 3244 ὑμῖν
3179 3175 3396 3246 εἴρηται
3427 3177 3620 3246 ὄνομα.
3662 3180 3802 3248 Περὶ

524 3286 692 3336 quam
749 3271 1137 3324 necessitatem
1189 3269 1351 3324 nobis
1392 3269 1726 3338 comparatis
1778 3267 2105 3337 postulando

525 3362 613 3417 cui
677 3362 819 3416 hanc
870 3360 1107 3415 dicimus
1161 3359 1274 3415 Deo
1325 3360 1471 3414 Patri
1510 3375 1579 3413 an
1628 3358 1823 3422 David,
1870 3359 2104 3412 similem

525 3452 821 3508 essentiam
860 3453 1020 3507 esse?
1044 3452 1292 3506 Primum
1352 3451 1501 3505 enim
1565 3465 1676 3504 non
1714 3464 1780 3504 ex
1819 3449 2106 3503 identitate

524 3545 899 3601 essentiarum
926 3543 1305 3600 subsismnlia:
1353 3550 1749 3613 agnoscuntur,
1796 3556 1977 3610 neque
2009 3556 2103 3595 ea-

525 3639 652 3692 dem
707 3636 873 3691 alicui
933 3635 1308 3690 subsistentia:
1350 3635 1494 3688 ratio
1543 3643 1631 3690 est
1655 3648 1719 3687 ac
1758 3633 1802 3688 si
1850 3642 2106 3686 naturam

526 3730 729 3784 habeat
777 3744 961 3783 rerum
1005 3727 1256 3799 ejusdem
1296 3727 1571 3792 essentiaa,
1629 3735 1822 3780 contra
1854 3723 2021 3794 igitur
2060 3721 2105 3776 si

526 3840 637 3878 non
668 3822 869 3877 habeat
907 3821 1114 3892 aliquid
1163 3837 1350 3876 rerum
1406 3820 1507 3890 ipsi
1543 3817 1782 3874 essentia
1819 3816 2104 3872 similium.

529 3916 917 3973 Subsistentia:
965 3917 1114 3970 enim
1168 3915 1405 3969 maxime
1452 3913 1739 3984 proprium
1774 3919 1879 3974 est,
1903 3909 2106 3965 similia

525 4013 832 4066 secundum
897 4020 1151 4064 naturam
1209 4009 1550 4079 distinguere
1594 4005 1744 4060 entia
1807 4003 2105 4074 separatim

526 4105 631 4159 alia
668 4105 737 4158 ab
757 4104 900 4170 aliis,
933 4111 988 4158 ct
1014 4105 1105 4158 illa
1134 4101 1487 4171 singulariter
1517 4099 1786 4155 indicare.

600 4283 870 4337 Prmterea
891 4280 1149 4344 dicimus,
1201 4280 1244 4335 si
1272 4295 1416 4334 unus
1441 4278 1582 4333 forte
1612 4277 1778 4332 homo
1802 4288 1898 4332 aut
1923 4291 2103 4347 equus

526 4377 582 4431 in
603 4376 738 4430 orbe
761 4374 989 4430 exsistat
1013 4373 1163 4428 solus
1181 4381 1237 4427 et
1254 4372 1440 4427 nullus
1460 4372 1531 4426 sit
1556 4371 1801 4443 ejusdem
1827 4371 2104 4435 essentite,

527 4468 708 4538 qualis
741 4465 845 4521 fuit
865 4465 1036 4519 Adam
1067 4464 1282 4534 primus
1305 4463 1490 4525 homo,
1523 4462 1671 4516 illius
1690 4460 2105 4516 subsistentiam

2213 3258 2322 3330 γὰρ
2357 3259 2467 3312 τῶν
2501 3259 2707 3313 λοιπῶν
2743 3263 3198 3332 σημαινομένων,
3232 3263 3334 3318 οὐκ
3363 3260 3517 3336 οἴμαι
3545 3267 3802 3320 τοσοῦτον

2215 3351 2553 3420 παραπαίειν
2605 3351 2732 3404 τινὰ
2777 3352 3044 3421 ζητοῦντα
3091 3354 3159 3407 τὰ
3207 3355 3382 3410 τοιάδε
3429 3357 3651 3426 λογικόν
3690 3375 3705 3391 ο
3735 3359 3803 3414 Τί

2213 3443 2348 3512 ⁴ἡμῖν
2375 3443 2678 3512 ἀναγκαῖον
2712 3445 3158 3509 κατασκευάζετε
3192 3447 3257 3500 ἐκ
3284 3448 3378 3500 τοῦ
3408 3448 3666 3504 ἀπαιτεῖν
3691 3451 3801 3504 τίνι

2212 3534 2421 3605 ταύτην
2451 3535 2648 3605 φαμὲν,
2689 3536 2768 3607 τῷ
2791 3535 2912 3607 Θεῷ
2943 3536 3038 3589 καὶ
3064 3536 3266 3602 Πατρὶ,
3303 3537 3336 3609 ἢ
3366 3539 3443 3608 τῷ
3468 3541 3633 3594 Δαόὶδ
3660 3541 3801 3595 εἶναι

2212 3624 2536 3698 ὁμοούσιον;
2591 3625 2816 3696 Πρῶτον
2855 3627 2955 3696 μὲν
2991 3626 3101 3698 γὰρ
3134 3627 3234 3680 οὑκ
3267 3629 3331 3681 ἐκ
3356 3628 3465 3684 τῶν
3493 3629 3799 3700 ὁμοουσίων

2213 3717 2272 3770 αἱ
2317 3717 2646 3781 ὑποστάσεις
2696 3719 3096 3790 γνωρίζονται·
3161 3718 3274 3772 οὐδ’
3303 3721 3331 3773 ὁ
3364 3721 3528 3785 αὑτός
3561 3739 3614 3774 τι
3630 3742 3667 3775 ιι
3699 3725 3799 3790 τῆς

2215 3807 2570 3873 ὑποστάσεως
2621 3809 2779 3876 λόγος
2830 3809 2978 3874 ἐστὶ,
3033 3810 3095 3864 ὃν
3140 3810 3249 3864 κάκ
3294 3811 3395 3882 τῆς
3434 3813 3652 3880 φύσεως
3683 3813 3800 3885 ἔχει

2213 3900 2320 3952 τῶν
2352 3901 2652 3971 ὁμοουσίων
2682 3899 2864 3971 αὑτῷ,
2913 3901 3227 3956 τούναντίον
3256 3903 3353 3973 μὲν
3383 3898 3477 3957 οὑν
3510 3903 3570 3957 ὃν
3598 3904 3716 3975 ἔχει
3745 3923 3801 3961 τι

2213 3993 2322 4046 τῶν
2351 3993 2654 4064 ὁμοουσίων
2674 4012 2687 4025 ·
2715 3994 3069 4059 ὑπδστάσεως
3097 3995 3208 4066 γὰρ
3241 3995 3441 4066 μᾶλλον
3469 3995 3621 4063 ἴδιον,
3647 3997 3675 4051 ὃ
3705 4000 3800 4051 καὶ

2213 4085 2323 4138 τῶν
2368 4087 2571 4156 ὁμοίων
2617 4087 2759 4142 κατά
2805 4087 2968 4158 φύσιν
3014 4087 3314 4159 διακρίνειν
3361 4089 3431 4142 τὰ
3469 4088 3649 4158 ἄτομα
3690 4090 3800 4163 ἰδία

2215 4178 2311 4232 ἀπ’
2338 4178 2610 4247 ἀλλήλων,
2646 4180 2741 4234 καὶ
2767 4179 2889 4232 καθ’
2919 4179 3063 4234 αὑτὰ
3085 4179 3351 4234 δεικνύειν
3382 4181 3634 4238 ἑκάστου.

2288 4271 2410 4324 Ἔτι
2440 4270 2497 4324 δέ
2528 4288 2732 4342 φαμεν,
2765 4271 2848 4325 ὅτι
2877 4271 2970 4325 καὶ
2997 4271 3116 4336 ἑνὸς
3141 4272 3433 4344 ἀνθρώπου
3459 4273 3621 4344 τυχὸν
3648 4272 3681 4344 ἢ
3709 4273 3800 4326 τπ-

2215 4380 2319 4416 που
2351 4363 2408 4415 ὲν
2437 4363 2515 4433 τῷ
2541 4364 2702 4417 παντὶ
2732 4363 3029 4435 γενομένου
3060 4363 3247 4433 μόνου,
3286 4365 3383 4418 καὶ
3410 4364 3624 4428 οὐδενὸς
3646 4366 3803 4431 ὄντος

2227 4454 2715 4526 αὑτῷόμοουσίου,
2755 4451 2867 4509 οἷον
2913 4455 3086 4525 Ἀδάμ
3133 4455 3229 4509 τοῦ
3273 4455 3722 4528 πρωτοπλάστου,
3763 4463 3796 4530 ἡ

526 4575 689 4630 posse
714 4575 781 4613 ex
807 4557 1029 4612 entibus
1054 4557 1282 4612 alterius
1311 4555 1563 4611 essentize
1581 4555 1761 4625 quoad
1796 4554 2106 4610 subsisten-

2214 4546 2507 4607 ὑπόστασις
2539 4545 2703 4600 αὑτοῦ
2735 4545 2950 4600 δύναιτο
2981 4547 3047 4600 ἂν
3077 4546 3172 4599 καὶ
3200 4548 3263 4599 ὲκ
3288 4547 3397 4599 τῶν
3440 4548 3798 4618 ἑτεροουσίων

531 4653 659 4705 tiam
680 4650 949 4720 dignosci.
983 4649 1100 4703 Non
1126 4649 1298 4711 enim,
1333 4647 1480 4717 quod
1508 4663 1614 4700 non
1636 4646 1934 4716 sitaliquid
1963 4645 2110 4722 ejus-

527 4746 651 4799 dem
692 4742 944 4798 essentia:
979 4758 1008 4796 a
1057 4757 1165 4810 quo
1218 4741 1273 4794 in
1332 4739 1688 4794 subsistentia
1736 4734 2107 4803 discernatur,

527 4837 652 4891 ideo
703 4849 926 4889 necesse
961 4841 1046 4887 est
1089 4848 1197 4886 non
1244 4832 1426 4886 valere
1457 4831 1524 4886 de
1557 4832 1708 4887 illius
1749 4831 2108 4886 subsistentia

526 4942 858 4991 sermonem,
917 4925 1024 4980 nisi
1051 4924 1164 4979 sint
1215 4924 1288 4978 illi
1336 4925 1442 4979 alia
1498 4925 1748 4995 ejusdem
1808 4923 2106 4985 essentire;

524 5019 865 5077 contrarium
906 5019 1054 5073 enim
1089 5016 1230 5071 ratio
1270 5016 1409 5078 vult,
1447 5015 1537 5070 illa
1585 5015 1833 5086 ejusdem
1856 5012 2110 5069 essentia:

525 5131 648 5184 qua:
681 5128 790 5166 non
816 5111 1022 5166 habent
1053 5108 1494 5171 subsistentiam,
1524 5123 1634 5160 non
1667 5105 1931 5170 discerni,
1974 5120 2106 5170 non,

528 5217 589 5259 ut.
613 5203 890 5274 colligitis,
913 5204 1002 5258 illa
1021 5219 1142 5272 qua:
1187 5217 1298 5255 non
1337 5201 1542 5255 habent
1575 5198 1816 5268 aliquam
1848 5197 2110 5253 identita-

527 5308 636 5353 tem
682 5296 937 5350 essentia:
966 5295 1018 5347 in
1055 5292 1432 5348 subsistentiis
1465 5307 1578 5345 non
1614 5290 1897 5360 distingui.
1947 5289 2108 5344 Enim

527 5404 659 5444 vero
694 5387 902 5442 entium
966 5384 1195 5439 alterius
1242 5383 1497 5438 essentia:
1547 5381 1942 5446 subsistentia:,
1997 5382 2109 5435 imo

525 5490 738 5536 natura:
788 5493 979 5532 eorum
1007 5475 1463 5544 distinguuntur;
1505 5489 1615 5526 non
1643 5481 1827 5526 autem
1858 5471 2106 5540 ejusdem

524 5568 779 5624 essentia:
811 5567 1022 5620 entium
1050 5581 1151 5619 nec
1185 5565 1397 5618 naturis
1425 5579 1525 5618 nec
1566 5562 1945 5618 subsistentiis
1968 5577 2108 5632 opus

524 5666 695 5715 estut
743 5673 772 5711 a
813 5657 1084 5711 sin'iilibus
1140 5655 1546 5709 discernantur.
1597 5652 1808 5708 leum
1863 5667 1998 5723 ergo
2025 5659 2110 5706 est

529 5764 721 5812 unum,
755 5763 862 5801 una
907 5755 1073 5809 terra,
1107 5754 1162 5801 et
1206 5745 1379 5798 mthcr
1414 5761 1591 5804 unus;
1632 5760 1811 5813 neque
1835 5760 1902 5798 eo
1959 5742 2106 5813 quod

530 5851 638 5890 non
671 5837 780 5889 sint
805 5835 910 5889 alia
948 5835 1036 5888 his
1060 5834 1301 5890 essentia
1337 5833 1560 5900 similia,
1591 5834 1741 5888 dicat
1776 5835 1975 5903 aliquis
2020 5835 2108 5889 his

2218 4637 2366 4708 αὑτῷ
2400 4637 2474 4700 ώς
2506 4637 2801 4700 ὑπόστασις
2829 4637 3319 4706 διαγινώσκεσθαι*
3377 4638 3470 4692 καὶ
3517 4639 3637 4708 οὐχὶ
3671 4640 3801 4692 ἐπεὶ

2215 4730 2317 4784 οὑκ
2359 4725 2427 4800 ἦν
2473 4746 2527 4781 τι
2559 4728 2724 4783 αὑτοῦ
2757 4730 3042 4799 όμοούσιον
3075 4733 3140 4802 τῇ
3175 4732 3471 4784 ὑποστάσει
3502 4731 3596 4799 ἀφ’
3621 4724 3683 4784 οὑ
3716 4731 3799 4784 δι-

2211 4821 2460 4890 εκρίνετο
2485 4858 2500 4881 ,
2549 4819 2636 4874 διὰ
2667 4819 2827 4873 τοῦτο
2860 4821 3073 4892 ἀνάγκη
3111 4822 3189 4892 μὴ
3218 4821 3490 4893 ἐρρῶσθαι
3533 4821 3625 4872 τὸν
3668 4822 3801 4892 περὶ

2210 4912 2314 4982 τῆς
2342 4913 2693 4976 ὑποστάσεως
2722 4912 2890 4966 αὑτοῦ
2939 4913 3095 4982 λόγον
3114 4955 3129 4980 ,
3169 4916 3217 4966 εί
3249 4913 3323 4983 μὴ
3355 4910 3464 4965 εἶεν
3491 4912 3640 4984 αὑτῷ
3664 4915 3799 4982 ι¹5μο⁶

2211 5007 2369 5059 ούσια
2417 5005 2602 5075 ἕτερα.
2656 5005 2981 5059 Τοὺναντίον
3013 5007 3124 5077 γὰρ
3154 5007 3183 5058 6
3213 5005 3370 5074 λόγος
3403 5005 3516 5076 ἔχει
3538 5021 3551 5033 ·
3609 5006 3690 5058 ὅτι
3724 4998 3802 5061 ὧν

2215 5096 2292 5167 μὴ
2322 5095 2470 5148 ἔστιν
2502 5096 2803 5159 ὑπόστασις
2829 5094 2938 5149 τῶν
2964 5097 3291 5165 ὀμοουσίων,
3318 5097 3378 5149 οὑ
3403 5095 3798 5164 διακρίνονται·

2211 5191 2329 5262 οὑχ,
2361 5191 2551 5264 ὥσπερ
2582 5193 2865 5262 συνάγετε,
2895 5194 2976 5245 δτι
3004 5189 3078 5246 ὧν
3103 5193 3204 5246 οὑκ
3227 5192 3344 5246 ἔστι
3370 5192 3631 5262 ὀμοούσιά
3653 5211 3796 5259 τινα,

2212 5285 2269 5338 αί
2301 5286 2630 5349 ὑποστάσεις
2657 5285 2716 5338 ού
2740 5285 3086 5356 διορίζονταιο
3116 5285 3210 5339 καὶ
3235 5285 3342 5353 γάρ
3369 5285 3461 5338 καὶ
3483 5285 3592 5337 τῶν
3616 5286 3803 5354 ἑτερο-

2211 5376 2411 5430 ουσίων
2455 5377 2513 5429 αἱ
2553 5375 2882 5436 ὑποστάσεις
2909 5415 2923 5439 ,
2977 5375 3115 5429 ἀλλὰ
3158 5375 3362 5428 τούτων
3407 5375 3498 5426 καὶ
3529 5375 3583 5426 αἱ
3611 5373 3802 5443 φύσεις

2211 5469 2623 5541 διακρίνουσιν’
2675 5467 2980 5538 ὁμοουσίων
3027 5467 3085 5522 δέ
3135 5485 3277 5520 τισιν
3327 5468 3428 5519 οὑκ
3454 5465 3646 5526 ὅντων,
3679 5467 3802 5521 οὑδὲ

2212 5561 2373 5632 χρεία
2417 5561 2517 5631 τῆς
2559 5560 2668 5614 ἀπὸ
2693 5559 2800 5613 τῶν
2829 5561 3088 5631 ὁμοφυῶν
3121 5559 3468 5630 διακρίσεως.
3507 5557 3616 5610 Καὶ
3650 5559 3677 5610 6
3705 5559 3802 5610 οὑ-

2218 5655 2380 5726 ρανὸς
2427 5653 2559 5721 γοῦν
2608 5649 2716 5717 εἷς,
2761 5653 2856 5707 καὶ
2890 5655 2923 5724 ή
2951 5654 3024 5722 γῆ
3059 5652 3187 5723 μία,
3225 5653 3320 5704 καὶ
3347 5650 3510 5721 αἰθὴρ
3541 5648 3622 5713 εἷς
3651 5652 3799 5702 ὲστιο

2215 5747 2308 5798 καὶ
2339 5746 2398 5799 οὑ
2430 5745 2520 5798 διὰ
2547 5745 2607 5798 τὸ
2641 5746 2715 5817 μὴ
2745 5742 2826 5798 εῖν
2840 5763 2884 5797 ιι
2918 5745 3002 5798 ἓτε
3015 5761 3082 5813 ρα
3110 5744 3319 5806 τούτοις
3347 5742 3630 5812 ὁμοούσια,
3658 5742 3804 5794 εἴποι

2213 5853 2297 5900 τις
2331 5837 2397 5890 ἂν
2417 5833 2566 5908 ’μηδὲ
2593 5833 2734 5892 εἶναι
2762 5832 2854 5892 οὖν
2885 5836 3090 5891 τούτων
3121 5837 3440 5889 ὑπόστασιν.
3479 5833 3713 5904 Ὁμοίως
3742 5833 3801 5886 δὲ
