4116 6448
388 413 392 417 ”
421 425 556 491 1533

1377 427 1774 488 ADVERSUS
1810 424 2364 489 NESTORIANOS.
2397 454 2450 463 -
2491 429 2637 488 LIB.
2682 428 2765 486 II.

3549 429 3684 496 1534

417 543 511 595 καὶ
537 541 740 610 κόσμος
773 540 857 593 ὅδε
889 541 916 592 ὁ
945 542 1074 606 πᾶς,
1108 537 1212 604 εἷς·
1255 543 1348 595 καὶ
1381 543 1439 594 οὑ
1467 543 1545 614 τῷ
1575 543 1648 614 μὴ
1676 538 1814 595 εἶναι
1842 541 1993 593 πλεί-

2104 557 2210 595 ηοη
2243 558 2366 597 esse
2407 545 2849 601 subsistentiam.
2878 547 3010 602 Item
3043 547 3133 602 hic
3166 548 3268 603 iste
3298 547 3541 602 mundus
3564 550 3687 602 uni-

415 652 508 697 ους
557 633 796 702 κόσμους
854 635 1177 704 ὁμοουσίους
1229 634 1406 705 τῷδε,
1480 635 1854 698 ἀνυπόστατος
1913 635 2000 704 εἴη

414 727 579 782 αὑτοῦ
612 729 645 798 ἡ
679 725 959 789 σύστασις.
1016 727 1082 779 Τί
1115 727 1207 780 οὖν
1243 728 1384 796 ὑμᾶς
1416 727 1594 780 πείθει
1637 727 1737 798 τὴν
1763 727 1998 797 Χριστοῦ

416 821 716 875 ὑπόστασιν
738 861 751 881 ,
809 820 857 871 εί
904 822 978 890 μὴ
1021 819 1164 873 κατὰ
1209 819 1388 874 πάντα
1415 819 1574 887 λόγον
1602 819 1688 888 εἴη
1713 819 1886 889 ταύτῃ
1916 835 2001 880 τις

416 913 580 984 ἑτέρα
633 912 933 975 ὑπόστασις
979 911 1304 982 όμοούσιος,
1360 913 1550 983 μηδενὶ
1597 911 1810 982 φυσικῷ
1843 911 2000 981 Λόγῳ

413 1006 524 1058 τῶν
576 1007 633 1058 ἐν
678 1006 814 1075 αὑτῇ
858 1003 1234 1067 πλεονάζουσα
1267 1005 1298 1075 ἦ
1328 1005 1672 1067 ἐλλείπουσα,
1711 1003 1845 1072 μηδὲ
1871 1002 2002 1055 ὑπό-

417 1112 610 1149 στασιν
663 1095 816 1148 τοῦδε
861 1095 956 1147 τοῦ
993 1096 1261 1159 ζωοποιοῦ
1310 1095 1568 1149 συνθέτου
1603 1095 1742 1158 ζώου
1779 1093 1873 1147 τοῦ
1905 1095 2002 1146 ἰδι-

415 1189 659 1242 κωτάτου
712 1187 1152 1256 καταδέχεσθαι;
1210 1187 1421 1250 ’Ἄλλως
1469 1205 1528 1240 τε
1580 1187 1642 1240 ού
1695 1186 1872 1256 τούτῳ
1918 1203 2001 1247 τις

416 1280 596 1352 ζητῶν
629 1281 924 1351 ὁμοιότητά
955 1284 1075 1332 τινά
1103 1299 1266 1333 τινων
1299 1280 1441 1333 κατά
1471 1298 1524 1331 τι
1556 1280 1901 1348 συγκρίνειεν
1933 1279 1999 1330 ἂν

415 1375 481 1428 δι’
527 1375 713 1443 ἑτέρου
761 1375 922 1440 λόγου
961 1373 1060 1442 τὴν
1091 1372 1215 1424 καθ’
1243 1373 1429 1441 ἕτερον
1453 1371 1612 1437 λόγον
1648 1371 1782 1442 πρὸς
1812 1370 1998 1439 ἑτέρου

415 1467 560 1529 τινὸς
596 1466 800 1536 σχέσιν,
842 1464 980 1518 αλλὰ
1007 1463 1074 1517 δι’
1101 1464 1266 1518 αὑτοῦ
1292 1464 1470 1528 τοῦδε,
1498 1464 1568 1516 δι’
1594 1457 1655 1516 οὗ
1684 1464 1716 1533 ἡ
1743 1462 2001 1530 ὁμοίωσις

417 1561 681 1628 ἐζητεῖτο.
738 1562 868 1613 Δέον
917 1561 1010 1614 οὑν
1059 1561 1206 1630 ὑμᾶς
1256 1559 1329 1627 μὴ
1365 1558 1546 1621 λέγειν
1587 1556 1619 1627 ἣ
1655 1555 1858 1624 ζητεῖν,
1895 1553 2000 1604 τίνι

417 1651 554 1721 αὕτη
593 1653 624 1721 ἡ
659 1652 957 1714 ὑπόστασις
985 1651 1270 1723 ὀμοούσιός
1300 1652 1449 1702 ἐστιν
1469 1664 1482 1679 ⁶
1543 1648 1656 1714 εἴγε
1690 1645 1856 1715 ἄλλην
1888 1645 2001 1696 ῖστε

414 1745 712 1798 ὑπόστασιν
766 1744 866 1815 τὴν
921 1745 996 1808 ὡς
1045 1745 1371 1816 πρόσωπον,
1426 1739 1521 1794 κα)⁸
1577 1739 1743 1809 ἀλλην
1791 1736 1888 1806 τὴν
1926 1734 2002 1797 ὡς

412 1838 629 1891 οὐσίαν·
669 1838 785 1890 ἀλλ’
814 1837 846 1909 ἢ
874 1837 978 1889 τίνι
1007 1837 1123 1888 ἐστὶ
1155 1837 1276 1888 κατ’
1302 1837 1492 1888 οὐσίαν
1518 1831 1802 1902 ὁμοούσιος
1826 1829 1854 1879 ὁ
1872 1829 2003 1896 Χρι-

416 1929 540 1991 στὸς
571 1929 784 1999 ἐρωτᾷν
806 1947 817 1958 ·
876 1927 908 1998 ἢ
956 1927 1061 1980 τίνι
1109 1931 1229 1980 ἐστὶ
1257 1913 1379 1979 καθ’
1407 1928 1730 1990 ὑπόστασιν,
1761 1927 2001 1993 ὀμοῦπό-

415 2037 630 2082 στατος·
666 2021 784 2088 εἴγε
816 2021 915 2090 τὴν
948 2021 1083 2091 πρὸς
1111 2021 1201 2072 τὸν
1227 2021 1463 2090 Χριστὸν
1491 2019 1773 2088 ὁμοίωσιν,
1794 2019 1855 2070 οὐ
1881 2018 2001 2069 κατ’

413 2114 626 2176 οὑσίαν,
660 2112 800 2166 ἀλλὰ
830 2114 952 2166 καθ’
979 2113 1300 2177 ὑπόστασιν,
1335 2114 1437 2182 τήν
1464 2129 1524 2164 τε
1557 2111 1694 2182 πρὸς
1715 2111 1806 2163 τὸν
1827 2109 2003 2162 Πατέ-

420 2222 486 2275 ρα
520 2205 614 2257 καὶ
644 2207 737 2258 τὸν
765 2205 932 2258 Δαϋὶδ
957 2205 1224 2274 ἐζητεῖτε.

2102 647 2300 688 versus
2333 650 2474 688 unus
2497 645 2582 689 est
2615 654 2628 697 ;
2653 653 2833 706 neque
2861 639 3007 707 quod
3046 654 3156 692 non
3183 639 3294 692 sint
3320 641 3504 706 plures
3529 656 3688 694 mun-

2103 723 2158 777 di
2216 726 2458 795 ejusdem
2508 729 2784 793 essentize,
2819 731 2935 783 sine
2985 731 3343 784 subsistentia
3373 731 3480 784 erit
3539 731 3689 785 illius

2103 816 2441 872 substantiae.
2471 819 2610 884 Quid
2638 819 2803 890 igitur
2824 821 2981 874 vobis
3008 822 3302 890 persuadet
3324 822 3527 876 Christi
3558 824 3688 876 sub-

2103 907 2432 972 sistentiam,
2477 910 2580 962 nisi
2623 911 2771 964 omni
2804 927 2871 964 ex
2911 911 3127 965 ratione
3173 913 3345 966 altera
3375 912 3447 966 sit
3500 912 3687 967 subsi-

2103 999 2300 1052 stentia
2331 999 2407 1052 illi
2443 1002 2680 1055 essentia
2717 1002 2934 1069 similis,
2984 1004 3135 1057 nulla
3177 1005 3412 1058 naturali
3474 1006 3686 1059 ratione

2103 1093 2224 1160 ejus
2255 1091 2476 1145 dotibus
2529 1108 2625 1146 seu
2663 1095 2889 1162 prwdita
2921 1111 3015 1149 seu
3068 1095 3304 1165 privata,
3343 1113 3452 1150 non
3505 1096 3689 1150 subsi-

2103 1185 2358 1237 stentiam
2393 1185 2553 1239 istius
2590 1187 2736 1240 entia
2781 1189 3020 1242 creantis
3045 1197 3103 1242 et
3149 1191 3534 1259 eomponentis
3574 1206 3690 1244 ma-

2102 1277 2247 1331 xime
2309 1279 2548 1348 propria:
2579 1280 2710 1333 dicti
2770 1281 2917 1335 entis
2963 1283 3261 1351 accipere?
3290 1283 3462 1337 Aliter
3501 1299 3686 1348 nemo,

2105 1369 2158 1422 in
2184 1370 2274 1423 illo
2307 1387 2561 1440 qmercns
2593 1374 2888 1442 quamdam
2954 1374 3376 1429 similitudinem
3425 1391 3689 1445 quorum-

2103 1463 2226 1517 dam
2261 1466 2564 1519 secundum
2623 1466 2926 1536 quoddam,
2970 1478 3316 1538 compararet
3369 1485 3469 1538 per
3525 1469 3686 1522 aliam

2105 1557 2372 1610 rationem
2409 1557 2558 1610 hunc
2587 1559 2888 1613 secundum
2923 1560 3084 1614 aliam
3134 1561 3400 1615 rationem
3438 1561 3688 1615 habitum

2104 1647 2267 1700 alicui
2300 1648 2412 1712 alii,
2445 1648 2539 1701 sed
2572 1648 2855 1718 peripsam
2893 1651 3184 1714 rationem,
3218 1669 3315 1722 per
3349 1668 3512 1722 quam
3535 1652 3690 1706 simi-

2102 1740 2282 1794 litudo
2335 1741 2705 1810 quzcrebatur.
2766 1743 2912 1812 Ergo
2944 1759 3042 1798 vos
3091 1753 3312 1814 oportet
3360 1761 3464 1799 nec
3502 1745 3688 1799 dicere

2105 1845 2206 1884 nec
2238 1829 2538 1899 inquirere,
2570 1833 2656 1885 cui
2722 1832 2837 1886 haec.
2870 1833 3227 1889 subsistentia
3278 1836 3566 1890 identitate
3598 1851 3688 1891 cs-

2104 1922 2293 1976 scntize
2316 1922 2512 1978 similis
2539 1923 2645 1986 sit;
2677 1939 2802 1978 eum
2837 1927 3165 1980 enimaliam
3191 1928 3344 1982 scitis
3378 1929 3690 1981 subsisten-

2099 2012 2232 2065 tiam
2263 2028 2406 2075 esse,
2451 2013 2631 2083 quoad
2678 2031 2992 2084 personam,
3047 2019 3208 2072 aliam
3267 2019 3449 2088 quoad
3499 2034 3691 2073 essen—

2102 2104 2232 2157 tiam
2264 2122 2278 2170 ;
2303 2106 2398 2159 sed
2431 2115 2526 2160 aut
2548 2108 2638 2160 eui
2657 2107 3051 2163 sitsecundum
3075 2111 3372 2164 essentiam
3400 2110 3688 2164 identitate

2097 2202 2356 2256 essentia:
2401 2203 2599 2258 similis
2655 2205 2934 2266 Christus,
2987 2214 3083 2260 aut
3136 2207 3227 2260 cui
3263 2207 3334 2260 sit
3381 2205 3686 2260 secundum

416 2302 824 2355 subsistentiam
858 2301 1146 2356 identitate
1195 2300 1564 2354 subsistentia:
1617 2299 1845 2362 similis;
1897 2297 2028 2350 dum
2068 2295 2275 2352 Christi
2319 2299 2736 2354 similitudinem
2796 2301 2942 2355 Patri
3003 2311 3060 2355 et
3096 2301 3286 2355 Davidi
3317 2317 3427 2355 non
3486 2316 3689 2356 secun-

419 2396 548 2451 dum
583 2399 901 2461 essentiam,
931 2398 1028 2452 sed
1060 2398 1364 2452 secundum
1392 2398 1808 2452 subsistentiam
1842 2395 2228 2465 inquirebatis.

490 2496 598 2548 Καὶ
629 2495 1014 2567 ἀπεκρίθημεν
1057 2493 1121 2548 ἂν
1153 2494 1282 2563 ὑμῖν
1307 2494 1481 2564 ὀρθῶς
1508 2493 1837 2562 πυθομένοις
1869 2491 1999 2561 περὶ

414 2588 589 2650 τοῦδε,
625 2589 705 2640 ὅτι
733 2589 826 2640 καὶ⁵
854 2589 929 2657 τῷ
958 2589 1132 2657 Πατρὶ
1163 2588 1260 2656 μὲν
1293 2586 1600 2655 ὁμοούσιος,
1624 2587 1718 2638 καὶ
1741 2585 2002 2654 τῷΔαϐἱδ

414 2681 724 2749 ὁμοούσιος,
761 2680 854 2731 καὶ
880 2680 1023 2732 κατὰ
1052 2679 1287 2750 θατέραν
1311 2679 1368 2730 δὲ
1395 2679 1503 2731 τῶν
1533 2677 1727 2731 ἑαυτοῦ
1759 2677 1998 2746 φύσεων,

413 2773 443 2824 ό
467 2771 720 2842 Χριστός·
756 2771 1167 2840 ὀμοὺπόστατος
1190 2771 1245 2823 δὲ
1271 2771 1396 2824 οὑτε
1427 2770 1533 2842 πρὸ
1559 2770 1760 2841 σαρκὸς
1785 2770 2001 2837 ὀΑόγος

415 2864 609 2932 γέγονε
659 2862 738 2933 τῷ
782 2865 992 2934 Πατρὶ,
1049 2864 1172 2916 οὐδὲ
1226 2865 1331 2933 πρὸ
1365 2864 1466 2931 τῆς
1495 2863 1645 2926 θείας
1671 2863 2004 2934 σαρκώσεως

415 2957 515 3027 τῆς
549 2958 614 3008 ἐκ
645 2955 957 3027 σπέρματος
990 2956 1154 3008 Δα6ὶδ
1176 2996 1191 3020 ,
1236 2956 1314 3025 τῷ
1350 2955 1546 3008 Δαϐίδ·
1585 2953 1708 3008 οὔτε
1735 2955 1828 3008 οὑν
1865 2955 2004 3024 μετὰ

415 3047 515 3116 τὴν
568 3047 730 3114 ἁγίαν
783 3047 1062 3115 σάρκωσιν
1110 3047 1205 3098 τοῦ
1256 3046 1470 3113 Λόγου,
1519 3047 1586 3114 τῇ
1623 3046 1714 3097 τοῦ
1743 3045 1878 3098 Θεοῦ
1911 3047 2004 3098 καὶ

417 3141 634 3210 Πατρδς
659 3179 673 3201 ,
730 3139 763 3209 ἢ
821 3141 887 3210 τῇ
937 3138 1031 3191 τοῦ
1074 3136 1366 3209 ἀνθρώπου
1408 3136 1601 3201 Δαεὶδ,
1638 3139 1671 3206 ἠ
1706 3137 2004 3199 ὑπόστασις

416 3229 585 3283 αὑτοῦ
618 3229 781 3300 ὁμοία
811 3229 1136 3300 λεχθήσεται
1166 3228 1363 3300 ὀρθῶς.
1407 3228 1616 3291 Σκαιῶς
1644 3225 1736 3280 οὖν
1770 3229 1897 3297 ὑμῖν
1925 3225 2005 3279 εἴ-

2173 2493 2240 2546 Ει
2263 2491 2421 2545 vobis
2442 2500 2589 2546 recte
2620 2493 2687 2546 de
2723 2493 2827 2547 hoc
2845 2493 3258 2548 sciscitantibus
3281 2493 3690 2563 respondimus,

2105 2583 2251 2638 Patri
2280 2598 2400 2637 esse
2434 2583 2674 2637 essentia
2696 2582 2955 2644 similem,
2996 2583 3188 2637 Davidi
3234 2599 3455 2652 quoque
3499 2599 3693 2638 essen-

2108 2675 2176 2729 tia
2213 2676 2469 2734 similcm,
2490 2687 2546 2730 et
2565 2677 2867 2730 secundum
2900 2686 3191 2746 utramque
3219 2693 3440 2731 suarum
3469 2687 3695 2732 natura-

2108 2784 2230 2821 rum
2261 2766 2563 2822 Christum.
2594 2767 2796 2823 Eadem
2831 2767 3188 2821 subsistentia
3220 2767 3399 2822 simile
3439 2782 3547 2820 non
3586 2765 3693 2819 fuit

2099 2874 2227 2918 ante
2287 2877 2508 2915 carnem
2559 2861 2804 2916 Verbum
2857 2861 3030 2924 Patri,
3064 2877 3243 2930 neque
3275 2868 3402 2914 ante
3448 2859 3689 2912 divinam

2103 2953 2542 3008 incarnationem
2598 2968 2664 3005 ex
2691 2953 2900 3007 semine
2953 2952 3150 3018 David,
3211 2951 3454 3018 Davidi;
3509 2965 3692 3019 neque

2101 3045 2270 3114 igitur
2301 3055 2426 3114 post
2457 3053 2706 3098 sanetam
2741 3044 3179 3099 incarnationem
3207 3042 3370 3098 Verbi
3411 3043 3532 3114 ejus
3561 3042 3693 3095 Stib—

2101 3133 2351 3189 sistentia
2402 3133 2500 3188 Dei
2537 3134 2737 3197 Patris,
2792 3143 2886 3186 aut
2911 3134 3152 3188 hominis
3217 3133 3445 3188 Davidis
3509 3131 3692 3188 subsi-

2104 3226 2318 3280 stentizc
2343 3224 2539 3279 similis
2565 3234 2711 3279 recte
2738 3225 2974 3280 dicetur.
3005 3226 3302 3281 lnfelieiter
3325 3242 3456 3297 ergo
3482 3243 3511 3280 a
3536 3227 3693 3280 vobis

420 3340 612 3394 ρηται,
650 3291 734 3376 δτι
761 3322 844 3376 δεῖ
876 3291 1154 3375 τδναὺτδν
1178 3291 1336 3389 λόγον
1367 3321 1514 3392 ἔχειν
1543 3324 1643 3390 τῆς
1672 3291 1860 3384 οὐσίας
1911 3323 2002 3375 καὶ

2105 3317 2313 3371 dictum
2343 3323 2447 3377 est,
2482 3324 2739 3386 oportere
2771 3325 2830 3370 ut
2859 3317 3106 3372 eamdem
3158 3291 3417 3373 babeantv
3438 3319 3694 3373 essentia:

415 3416 516 3484 τὴν
560 3415 750 3484 αὐτὴν
778 3415 964 3484 νόησιν
1000 3415 1098 3476 τὰς
1127 3413 1448 3484 ὁμοουσῐους
1477 3412 1824 3471 ὑποστάσεις.
1869 3411 1999 3464 Δέον

419 3508 527 3578 γὰρ
559 3504 625 3576 ἦν
665 3509 839 3560 εἰπεῖν
875 3507 1020 3576 ὑμᾶς
1049 3507 1149 3569 τὰς
1189 3505 1512 3575 όμοουσίους
1551 3504 1760 3568 οὐσίας.
1816 3506 1877 3557 1Ξί
1924 3505 2000 3568 δὲ,

421 3600 542 3651 ἐπεὶ
578 3599 651 3668 μὴ
680 3599 840 3669 ὁμοία
869 3598 1022 3651 ἐστὶν
1051 3599 1084 3668 ή
1111 3597 1407 3661 ὑπόστασις
1437 3595 1532 3650 τοῦ
1558 3598 1854 3663 Δεσπότου,
1883 3597 2005 3650 σύνο

421 3688 574 3752 θετος
607 3685 745 3743 οὖσα
787 3692 853 3760 τῇ
903 3689 1048 3760 ἁπλῇ
1095 3689 1190 3743 τοῦ
1233 3691 1467 3762 Πατρὸς,
1504 3690 1537 3762 ἢ
1568 3693 1633 3762 τῇ
1667 3691 1906 3761 συνθέτῳ
1936 3694 2003 3762 τῇ

419 3782 554 3856 οὔσῃ
593 3785 657 3835 ἐκ
689 3784 797 3836 τῶν
830 3784 1090 3854 χειρόνων
1123 3788 1339 3852 φύσεων
1383 3788 1448 3856 τῇ
1480 3784 1575 3838 τοῦ
1603 3785 1798 3849 Δαϐὶδ,
1835 3787 2007 3854 ἀναγ-

421 3871 589 3936 καίως
620 3872 809 3942 λέγετε
839 3873 1070 3943 ἕψεσθαι
1091 3916 1106 3940 ,
1143 3877 1239 3928 καὶ
1271 3875 1331 3928 τὸ
1354 3875 1699 3944 ἐτεροοὺσιον
1732 3878 1903 3946 αὐτὴν
1930 3873 2007 3931 εἷ-

419 3982 550 4030 ναι,
627 3966 780 4036 παρὰ
833 3967 934 4028 τὰς
983 3966 1093 4019 τῶν
1145 3968 1415 4038 ἀνομοίων
1464 3969 1601 4040 αὑτῇ
1653 3969 2006 4023 ὑποστάσεων

419 4056 641 4122 οὐσίας,
679 4058 862 4122 καθὼς
897 4058 1148 4129 βούλεται
1177 4060 1450 4115 δεικνύναι
1485 4061 1547 4115 τὺ
1573 4061 1842 4134 ὑμέτερον
1868 4081 2008 4132 συμ-

421 4149 686 4219 πέρασμα
711 4167 725 4180 ·
781 4151 979 4204 οὐκοῦν
1034 4153 1351 4220 ἀναγκαίως
1391 4152 1566 4219 ἔσται,
1603 4155 1700 4207 καὶ
1748 4155 1873 4208 ἐπεὶ
1913 4157 2006 4209 ἀν-

422 4242 608 4310 όμοιος
661 4244 692 4311 ή
729 4243 942 4298 Παύλου
991 4245 1292 4308 ὑπόστασις
1326 4246 1466 4316 πρὸς
1502 4248 1709 4318 Πέτρον
1741 4247 1884 4301 κατὰ
1916 4248 2006 4302 τὸν

421 4332 522 4402 τῆς
553 4335 906 4402 ὑποστάσεως
931 4337 1089 4408 λόγον
1111 4379 1126 4404 ,
1177 4341 1272 4393 καὶ
1313 4341 1689 4410 ἐτεροουσίους
1719 4337 1860 4397 εἶναι
1882 4343 2007 4396 τού-

422 4443 568 4492 τους.
603 4429 717 4482 Εἶτ’
745 4425 858 4494 οὑν,
894 4431 1055 4486 πάλιν
1083 4431 1205 4485 καθ’
1231 4431 1396 4502 ὑμᾶς,
1427 4433 1551 4486 ἐπεὶ
1575 4434 1852 4504 ὀμοούσιοί
1875 4435 2004 4500 εἰσι,

426 4519 556 4588 μίαν
577 4516 719 4574 εἶναι
745 4522 1074 4594 ἀμφοτέρων
1098 4526 1194 4578 καὶ
1217 4524 1317 4594 τὴν
1339 4524 1658 4579 ὑπόστασιν·
1682 4528 1776 4580 καὶ
1797 4525 1858 4580 τὸ
1874 4527 2006 4580 αὐτὸ

423 4608 563 4665 εἶναι
592 4613 888 4684 πρόσωπον
926 4614 985 4668 τὸ
1013 4615 1225 4686 Πέτρου
1245 4657 1259 4680 ,
1296 4615 1434 4688 ὅπερ
1464 4617 1582 4669 ἐστὶ
1614 4617 1828 4671 καὶτοῦ
1858 4618 2006 4672 Παύ-

421 4703 549 4767 λου,
611 4707 706 4758 καὶ
760 4706 948 4769 ἁπλῶς
1004 4706 1188 4778 πάσης
1237 4709 1337 4778 τῆς
1384 4707 1840 4780 ἁνθρωπότητος,
1883 4713 2006 4766 ἐπεὶ

423 4794 711 4865 ὁμοούσιός
741 4797 858 4850 ἐστι
890 4799 1038 4851 πᾶσα
1062 4839 1076 4860 ,
1127 4797 1186 4850 ἓν
1230 4795 1375 4852 εἷναι
1403 4800 1574 4870 αὑτῆς
1604 4802 1665 4854 τὸ
1689 4801 2004 4872 πρόσωπον·

424 4888 562 4941 ἀλλὰ
615 4889 712 4941 καὶ
763 4891 862 4959 τῆς
906 4889 1058 4954 θείας
1102 4888 1352 4958 φύσεως,
1391 4893 1515 4944 ἐπεὶ
1543 4893 1830 4962 ὁμοούσιός
1858 4897 2008 4950 ἐστιν

422 4982 455 5051 ἡ
506 4981 635 5049 ἁγία
681 4982 885 5054 Τριὰς,
933 4983 991 5036 ἓν
1009 4978 1168 5056 ,εἶναι
1219 4985 1280 5038 τὸ
1328 4984 1622 5056 πρόσωπον
1659 4988 1756 5041 καὶ
1789 4989 1850 5041 οὑ
1881 4990 2010 5060 τρία

421 5071 670 5126 λεκτέον·
730 5069 806 5128 ὧν
853 5074 916 5128 τὸ
951 5075 1292 5146 ἀδιανόητον,
1328 5076 1426 5146 οὑχ
1451 5079 1616 5148 ἡμεῖς
1645 5079 1828 5148 μόνον,
1865 5081 2006 5135 ἀλλᾶ

421 5167 518 5218 καὶ
570 5168 620 5220 οί
663 5167 826 5230 λίθοι,
864 5166 942 5230 ὡς
983 5171 1192 5236 εἰπεῖν,
1244 5169 1610 5240 ἐπιτιμῶντες
1641 5171 1770 5242 ὑμῖν
1798 5175 1997 5243 κεκρά-

424 5257 627 5322 ξονται.
1742 5263 1746 5266 ’

493 5352 619 5406 Ὅτι
639 5351 698 5405 δὲ
727 5353 822 5405 καὶ
842 5353 906 5406 ὲκ
927 5351 1035 5405 τῶν
1059 5353 1117 5406 ὲν
1137 5351 1276 5424 αὐτῇ
1306 5352 1521 5421 φύσεων
1543 5355 1890 5425 ἠὺπόστασις
1911 5355 2006 5411 τοῦ

421 5445 694 5498 Δεσπότου
720 5444 876 5514 ἡμῶν
897 5443 1160 5517 Χριστοῦ,
1186 5447 1325 5498 κατὰ
1349 5445 1447 5515 μὲν
1471 5445 1704 5516 θατέραν
1730 5449 1808 5519 τῷ
1833 5451 2008 5520 Πατρὶ

423 5535 733 5607 ὀμοούσιος,
787 5537 929 5590 κατὰ
973 5537 1029 5589 δὲ
1077 5536 1313 5606 Θατέραν
1341 5537 1418 5608 τῷ
1445 5539 1609 5592 Δαόίδ
1638 5541 1786 5593 ὲστιν
1811 5542 2008 5611 ὁμοσύ-

424 5645 577 5692 σιοςο
633 5630 752 5693 πῶς
801 5629 1078 5684 κωλύσετε
1127 5631 1274 5700 ἡμᾶς
1316 5629 1532 5698 λέγειν,
1583 5632 1885 5702 φάσκοντες
1925 5637 2006 5688 ὅτι

421 5723 490 5776 τὶ
536 5723 838 5793 ὀμοούσια,
879 5723 980 5776 οὑκ
1023 5725 1086 5776 ὲκ
1131 5723 1330 5794 μέρους
1364 5722 1508 5776 θέλει
1535 5721 1674 5778 εἶναι
1704 5726 2005 5795 όμοούσιας

424 5816 551 5879 Τοῖς
602 5817 712 5887 γὰρ
773 5816 902 5886 μίαν
951 5814 1202 5883 λέγουσιν
1253 5814 1418 5870 αὑτοῦ
1461 5817 1559 5887 τὴν
1600 5818 1794 5887 φύσιν,
1839 5821 2008 5890 ἦγουν

424 5909 634 5976 οὐσίαν,
657 5909 838 5973 καλῶς
869 5909 934 5963 ἂν
965 5909 1226 5980 εἰρήκατε
1243 5907 1422 5974 τοῦτο,
1447 5909 1512 5962 ἐκ
1539 5909 1740 5979 μέρους
1759 5911 1857 5974 τῆς
1878 5913 2008 5974 μιᾶς

2107 3411 2373 3464 rationem
2415 3418 2470 3464 et
2510 3409 2758 3464 eamdem
2799 3410 3215 3481 intelligentiam
3263 3410 3468 3465 eadem
3500 3427 3694 3465 essen-

2108 3503 2181 3558 tia
2223 3503 2625 3570 subsistentize;
2663 3506 2954 3574 oportebat
2997 3507 3144 3560 enim
3191 3523 3288 3562 vos
3337 3507 3522 3562 dicere
3569 3523 3692 3562 eas-

2106 3595 2232 3650 dem
2251 3597 2489 3650 essentia
2524 3598 2811 3654 essentias.
2844 3599 2939 3653 Siti
2976 3613 3182 3664 autem,
3214 3615 3338 3654 cum
3360 3615 3468 3653 non
3495 3599 3694 3654 similis

2108 3688 2179 3742 sit
2203 3689 2561 3742 subsistentia
2590 3689 2839 3757 Domini,
2873 3700 3061 3760 utpote
3085 3693 3414 3762 composita,
3449 3691 3693 3762 simplici

2107 3780 2282 3835 Patris
2315 3781 2707 3846 subsistentia},
2743 3784 2830 3838 vel
2870 3785 3190 3855 compositae
3239 3801 3306 3839 ex
3340 3784 3695 3840 inferioribus

2108 3873 2322 3928 naturis
2367 3875 2613 3942 [Davidis
2669 3875 3082 3943 subsistentice,
3163 3879 3476 3932 necessario
3534 3876 3694 3946 sequi

2108 3967 2312 4032 dicitis,
2341 3968 2570 4024 alterius
2599 3969 2853 4023 essentia:
2885 3969 3027 4024 hanc
3067 3985 3287 4040 quoque
3326 3985 3468 4033 esse,
3497 3983 3686 4024 secun-

2108 4058 2240 4114 dum
2285 4061 2556 4116 essentias
2605 4059 3088 4116 subsistentiarum
3128 4061 3204 4114 illi
3246 4077 3355 4115 non
3401 4061 3691 4125 similium,

2109 4161 2170 4207 ut
2218 4153 2337 4207 vult
2388 4152 2768 4207 demonstrare
2812 4161 2995 4206 vestra
3041 4151 3359 4214 conclusio;
3396 4151 3560 4221 igitur
3597 4166 3674 4205 ne

2109 4259 2263 4299 eesse
2295 4243 2424 4309 erit,
2460 4260 2586 4299 eum
2627 4243 2985 4298 subsistentia
3028 4243 3180 4297 Pauli
3218 4243 3362 4297 haud
3395 4243 3590 4297 similis
3623 4243 3694 4298 sit

2108 4335 2272 4391 Petro
2307 4336 2610 4391 secundum
2643 4336 3015 4391 subsistentia:
3046 4337 3341 4402 rationem,
3373 4344 3429 4391 et
3469 4336 3694 4390 alterius

2108 4429 2361 4484 essentia:
2405 4429 2528 4484 illos
2564 4445 2720 4495 esse;
2753 4428 2954 4483 deinde
2994 4429 3193 4484 iterum
3237 4429 3542 4483 secundum
3573 4444 3691 4495 vos,

2109 4534 2234 4573 cum
2270 4519 2516 4590 ejusdem
2560 4519 2816 4574 essentize
2864 4519 2992 4582 sint,
3027 4535 3190 4573 unam
3239 4535 3359 4574 esse
3400 4518 3693 4573 amborum

2029 4641 2084 4700 Β
2111 4611 2548 4676 subsistentiam,
2580 4618 2636 4664 et
2678 4610 2824 4664 idem
2861 4625 2982 4664 esse
3026 4625 3313 4680 personam
3348 4611 3515 4672 Petri,
3547 4609 3694 4680 quod

2109 4713 2194 4762 est
2229 4721 2463 4776 persona
2495 4704 2682 4771 Pauli;
2710 4714 2765 4758 et
2800 4719 2912 4757 uno
2939 4703 3107 4758 verbo
3143 4703 3415 4758 universae
3445 4702 3695 4757 Immani-

2111 4799 2259 4859 tatis,
2309 4813 2434 4851 eum
2479 4798 2724 4867 ejusdem
2774 4796 3032 4850 essentia:
3081 4797 3153 4849 sit
3200 4795 3476 4857 universa,
3529 4809 3694 4847 unam

2109 4906 2230 4945 esse
2261 4905 2588 4960 personam;
2620 4888 2714 4944 sed
2750 4897 2806 4943 et
2837 4887 3038 4942 divinae
3080 4899 3308 4952 naturae,
3348 4903 3472 4942 cum
3506 4886 3577 4939 sit
3602 4901 3694 4939 ea-

2110 4983 2234 5038 dem
2280 4983 2518 5037 essentia
2565 4991 2752 5036 sancta
2802 4981 2979 5044 Trias,
3028 4998 3189 5034 unam
3240 4995 3359 5034 esse
3403 4992 3693 5049 personam

2110 5093 2220 5131 non
2251 5087 2362 5131 tres
2391 5075 2685 5130 dicendum
2712 5092 2725 5130 :
2751 5090 2985 5144 quorum
3013 5073 3432 5133 absurditalem,
3461 5086 3570 5124 non
3594 5085 3695 5124 nos

2113 5177 2346 5231 tantum,
2380 5167 2473 5221 sed
2499 5175 2555 5221 et
2584 5165 2813 5235 lapides,
2850 5173 2905 5217 ut
2937 5163 3009 5216 ita
3041 5162 3243 5225 dicam,
3274 5159 3696 5216 conclamabunt

2110 5261 2269 5316 vobis
2294 5260 2713 5330 exprobrantes.

2188 5353 2344 5420 Quod
2379 5361 2560 5405 autem
2595 5365 2661 5403 ex
2699 5346 3018 5416 hisquibus
3056 5353 3272 5400 constat
3321 5344 3536 5400 naturis
3567 5343 3694 5399 sub-

2111 5446 2361 5503 sistentia
2411 5442 2628 5496 Domini
2681 5440 2854 5495 nostri
2908 5439 3035 5494 Jesu
3085 5437 3332 5500 Christi,
3389 5438 3694 5493 secundum

2111 5550 2289 5595 utram
2335 5537 2479 5592 Patri
2531 5534 2767 5590 essentia
2815 5533 3030 5597 similis,
3071 5542 3127 5587 et
3162 5533 3465 5587 secundum
3515 5541 3692 5587 utram

2110 5631 2301 5688 Davidi
2350 5629 2588 5685 essentia
2633 5625 2830 5682 similis
2879 5625 2972 5689 sit,
3017 5625 3294 5694 quomodo
3325 5624 3695 5695 prohibebitis

2109 5741 2212 5780 nos
2259 5721 2482 5778 dicere?
2534 5719 2871 5792 Objieientes
2931 5717 3122 5772 eadem
3180 5718 3419 5773 essentia
3468 5734 3579 5772 non
3625 5733 3694 5772 ex

2110 5828 2266 5890 parte
2295 5817 2472 5872 solere
2503 5829 2625 5870 esse
2649 5811 2839 5867 eadem
2861 5810 3122 5866 essentia.
3150 5811 3322 5866 Nobis
3344 5811 3492 5866 enim
3530 5826 3693 5865 unam

2111 5928 2229 5967 esse
2280 5909 2426 5965 illius
2465 5917 2715 5963 naturam
2748 5904 2802 5958 id
2843 5912 2927 5960 est
2957 5904 3255 5959 essentiam
3277 5946 3291 5959 .
3343 5903 3655 5959 dicentibus
3677 5927 3698 5958 ,τ
