4116 6444
465 389 604 455 1535

1727 391 2038 451 LEONTII
2079 390 2451 450 BYZANTIN
2464 391 2486 448 ῐ

3601 385 3742 452 1536

462 508 613 554 recte
653 497 707 553 id
753 499 1027 565 dixeritis,
1063 515 1131 555 ex
1173 508 1330 570 parte
1380 500 1547 556 unius
1577 501 1851 560 essentia},
1887 510 1945 554 ut
1973 500 2052 553 di-

2159 497 2380 560 οὐσίας,
2437 496 2512 553 ὡς
2557 495 2623 549 ἂν
2665 495 2899 557 εἴποιεν,
2946 495 3199 549 συνθέτου
3230 496 3530 567 λεγομένου
3557 499 3743 561 αὐτοῖς

463 601 616 658 cunt,
649 609 774 646 cum
817 594 1182 662 compositum
1221 593 1288 647 de
1319 610 1428 664 quo
1467 595 1651 665 agitur
1680 595 1928 664 ejusdem
1959 611 2049 649 es-

464 684 654 738 sentia:
683 685 788 749 sit;
835 685 995 739 nobis
1036 695 1221 740 autem
1265 685 1404 740 duas
1446 702 1567 741 esse
1597 697 1824 742 naturas
1850 687 2052 758 prwdi-

465 775 722 829 eantibus
744 775 798 828 in
826 792 932 829 una
959 777 1318 832 subsistentia
1335 777 1563 843 Christi,
1581 779 1859 849 quomodo
1888 779 2055 834 ratio-

464 865 726 920 nabiliter
751 867 884 921 illud
913 868 1193 939 objicitis?
1218 871 1362 924 Ecce
1383 872 1532 925 enim
1561 888 1665 925 una
1692 873 2051 927 subsistentia

465 973 590 1011 cum
614 958 686 1012 sit
710 959 812 1013 veli
837 975 866 1014 e
891 960 1014 1014 lana
1036 971 1093 1015 et
1115 961 1228 1014 lino
1249 962 1513 1023 contexti,
1539 963 1840 1017 secundum
1871 974 2050 1020 utram

463 1059 788 1104 naturarum
833 1053 1032 1122 quibus
1065 1062 1282 1108 constat
1329 1054 1620 1116 rationem,
1661 1054 1799 1110 lana:
1831 1074 1952 1126 qua:
1984 1075 2055 1114 ex

463 1143 840 1198 animantibus
873 1153 977 1208 est,
1006 1161 1075 1198 an
1107 1146 1222 1200 lino
1255 1145 1403 1214 quod
1433 1161 1497 1198 ex
1534 1147 1733 1215 plantis
1758 1149 1936 1204 simile
1961 1166 2052 1206 es-

463 1236 637 1290 sentia
661 1237 801 1290 erit?
827 1237 1144 1307 rogabimus
1166 1248 1350 1292 autem
1377 1240 1541 1294 simul
1576 1257 1672 1295 vos
1708 1241 1761 1295 id
1792 1258 2012 1313 quoque
2036 1261 2052 1298 :

461 1330 604 1385 Num
653 1331 787 1386 Abel
820 1331 953 1401 justi
1000 1332 1212 1397 anima,
1251 1343 1542 1402 postquam
1591 1348 1814 1388 carnem
1861 1338 2050 1402 exuit,

462 1422 656 1475 eadem
708 1424 948 1477 essentia
982 1424 1187 1478 dicitur
1221 1440 1350 1479 vere
1384 1440 1506 1479 esse
1538 1441 1600 1479 ac
1645 1427 1824 1480 anima
1861 1427 2051 1482 Enoch

459 1515 593 1584 justi
638 1515 731 1584 qui
782 1515 1026 1569 nondum
1075 1531 1300 1570 carnem
1351 1515 1630 1586 deposuit,
1683 1527 1778 1573 aut
1824 1518 2054 1574 alterius

463 1609 750 1679 cujusdam
799 1609 981 1664 adhuc
1032 1611 1085 1664 in
1135 1626 1301 1665 carne
1335 1610 1602 1678 viventis;
1636 1621 1732 1666 aut
1765 1627 1892 1667 caro
1918 1611 2049 1684 justi

464 1701 518 1755 in
551 1718 716 1756 carne
750 1703 989 1758 viventis
1017 1705 1210 1758 eadem
1253 1705 1496 1760 essentia
1532 1720 1595 1760 ac
1623 1720 1753 1760 caro
1783 1706 2052 1776 cujusque

462 1803 779 1848 sanctorum
803 1795 896 1865 qui
922 1795 1286 1860 dormierunt,
1315 1813 1498 1852 annon
1515 1786 1647 1852 ?'sin
1677 1805 1860 1852 autem
1889 1813 2052 1853 nemo

2154 585 2250 638 τοῦ
2285 587 2578 658 ὁμοουσίου
2598 603 2612 617 ·
2663 589 2779 649 τοῖς
2811 587 2866 640 δὲ
2901 585 2996 640 δύο
3026 588 3124 649 τὰς
3153 586 3345 656 φύσεις
3376 586 3744 657 κηρύττουσιν

2155 680 2288 751 ἡμῖν
2340 681 2400 732 ὲν
2451 679 2551 750 μιᾷ
2596 681 2663 750 τῇ
2705 679 3003 732 ὑποστάσει
3045 679 3314 748 Χριστοῦ,
3353 679 3471 741 πῶς
3502 678 3743 744 εὐλόγως

2154 773 2314 828 τοῦτο
2357 773 2764 846 προϐάλλεσθες
2813 772 2943 826 Ἰδοὺ
2990 773 3099 843 γὰρ
3151 773 3250 843 μία
3278 773 3578 836 ὑπόστασις
3603 768 3743 825 οὖσα

2155 867 2248 920 τοῦ
2288 867 2348 934 ἐξ
2377 870 2526 939 ἐρίου
2563 869 2659 922 καὶ
2688 869 2834 921 λίνου
2870 868 3166 938 γενομένου
3200 867 3432 934 πέπλου,
3466 866 3608 920 κατὰ
3640 865 3740 918 θά-

2154 979 2316 1033 τερον
2365 962 2475 1015 τῶν
2523 965 2580 1016 ὲν
2628 962 2765 1033 αὑτῇ
2815 962 3029 1030 φύσεων
3085 960 3285 1028 λόγον,
3345 959 3423 1030 τῷ
3474 958 3609 1030 ἐρίῳ
3661 959 3741 1030 τῷ

2153 1055 2219 1108 ὲκ
2252 1053 2429 1118 ζώων,
2457 1054 2552 1107 καὶ
2581 1053 2658 1124 τῷ
2687 1054 2818 1124 λίνῳ
2846 1052 2924 1122 τῷ
2951 1055 3014 1106 ἐκ
3041 1052 3222 1122 φυτῶν
3252 1053 3401 1104 ἐστιν
3430 1050 3737 1121 ὁμοούσιος.

2153 1147 2542 1218 Ἐρωτήσομεν
2568 1145 2625 1199 δὲ
2651 1147 2799 1216 ὅμως
2834 1146 2925 1198 καὶ
2951 1143 3112 1198 τοῦτο
3139 1139 3379 1214 ὑμᾶςοἋ
3393 1142 3463 1212 ρά
3485 1159 3549 1210 γε
3574 1141 3742 1195 ’Δϐελ

2152 1238 2247 1292 τοῦ
2289 1239 2501 1292 δικαίου
2549 1240 2574 1309 ἡ
2603 1238 2751 1309 ψυχὴ
2797 1237 2936 1308 μετὰ
2965 1239 3064 1308 τὴν
3093 1237 3192 1307 τῆς
3224 1236 3424 1307 σαρκὸς
3453 1233 3739 1302 ἀπόθεσιν,

2151 1333 2438 1404 ὁμοοὺσιος
2479 1332 2698 1399 λέγεται
2739 1330 2958 1398 άληθῶς
2985 1327 3128 1384 εἶναι
3163 1332 3229 1400 τῇ
3259 1329 3404 1399 ψυχῇ
3443 1328 3615 1397 Ἑνὼχ
3641 1325 3739 1380 τοῦ

2152 1425 2366 1480 δικαίου
2417 1427 2517 1496 τὴν
2563 1426 2743 1496 σάρκα
2774 1424 2928 1478 οῦπω
2957 1425 3324 1492 ἀποθεμένου,
3355 1423 3389 1493 ἦ
3418 1421 3570 1475 τοῦδέ
3596 1437 3742 1484 τινος

2153 1521 2381 1588 ἐτέρου,
2429 1519 2524 1572 τοῦ
2568 1519 2649 1571 ἔτι
2700 1519 2760 1570 ὲν
2789 1519 2950 1588 σαρκὶ
2997 1516 3245 1582 ζῶντοςς
3296 1517 3329 1586 ἡ
3371 1514 3508 1586 σάρξ
3537 1530 3596 1567 τε
3641 1511 3739 1566 τοῦ

2152 1613 2211 1666 ὲν
2263 1612 2431 1684 σαρκὶ
2484 1611 2695 1665 δικαίου
2746 1609 3032 1681 ὁμοούσιος
3075 1605 3186 1680 ἆρα
3235 1611 3302 1680 τῇ
3349 1609 3581 1660 ἑκάστου
3630 1604 3740 1659 τῶν

2152 1705 2642 1778 προκοιμηθέντων
2671 1705 2849 1772 ἁγίων
2892 1706 3086 1775 σαρκὶ,
3133 1703 3167 1770 ἢ
3198 1701 3349 1772 οὑχί;
3390 1701 3449 1754 Εἰ
3477 1699 3533 1753 δὲ
3561 1699 3739 1770 τούτῳ

2153 1800 2329 1863 οὐδεὶς
2379 1800 2632 1868 ἀντερεῖ,
2687 1797 2846 1868 δῆλον
2894 1798 2970 1861 ὼς
3015 1799 3080 1850 ὲκ
3130 1794 3330 1867 μέρους
3380 1794 3490 1847 τῶν
3537 1791 3741 1862 ἑαυτῆς

461 1887 824 1952 contradicat,
853 1888 1082 1943 evidens
1128 1899 1211 1945 est
1245 1905 1311 1944 cx
1356 1902 1510 1960 parte
1540 1906 1763 1945 suarum
1807 1892 2046 1962 partium

2153 1890 2339 1961 μερῶν
2367 1891 2400 1960 ἠ
2427 1891 2727 1952 ὑπόστασις
2750 1887 2946 1957 Ἑνὼχ,
2972 1887 3006 1957 ἢ
3032 1887 3186 1940 τοῦδέ
3210 1902 3355 1948 τινος
3380 1885 3475 1936 τοῦ
3496 1885 3555 1936 ὲν
3573 1882 3742 1954 σαρκὶ

460 1979 874 2034 subsistentiam
905 1980 1118 2046 Enoch,
1151 1993 1247 2038 aut
1289 1984 1532 2054 cujusvis
1577 1984 1631 2038 in
1661 1999 1824 2041 carne
1865 1985 2047 2040 adhuc

460 2071 720 2137 viventis,
756 2073 854 2127 toti
898 2074 1272 2130 subsistentia:
1302 2075 1499 2130 anima:
1533 2076 1670 2130 Abel
1701 2091 1821 2131 esse
1853 2092 2045 2132 essen-

461 2164 536 2217 tia
569 2165 828 2229 similem,
873 2174 930 2219 et
975 2165 1069 2220 toti
1121 2165 1497 2222 subsistentiae
1530 2167 1712 2222 carnis
1757 2167 1919 2238 hujus
1948 2168 2044 2238 qui

459 2258 762 2311 dormierat
794 2259 988 2312 sancti.
1023 2260 1090 2314 Et
1123 2260 1328 2315 frustra
1374 2260 1508 2315 illud
1536 2261 1694 2318 vobis
1718 2263 2041 2332 negabitur;

459 2361 526 2397 ex
555 2354 709 2414 parte
735 2347 882 2400 enim
910 2349 954 2403 si
991 2351 1229 2404 essentia
1254 2350 1504 2406 absolute
1534 2360 1662 2416 stet,
1697 2369 1804 2406 non
1842 2353 2042 2408 dicun-

459 2440 550 2486 tur
587 2434 778 2489 eadem
813 2439 1074 2501 essentia,
1113 2455 1314 2509 neque,
1351 2440 1397 2495 si
1433 2441 1790 2496 subsistentia
1821 2459 1888 2497 ex
1917 2445 2044 2514 plu~

461 2527 617 2582 ribus
670 2530 884 2584 naturis
943 2531 1060 2586 sive
1108 2533 1364 2588 essentiis
1407 2533 1550 2590 forte
1594 2537 1901 2606 composita
1951 2539 2040 2595 sit.

458 2615 600 2672 Illud
640 2620 788 2674 enim
820 2624 1124 2678 secundum
1168 2626 1312 2696 quod
1347 2627 1652 2683 similitudo
1692 2629 1826 2699 ipsis
1856 2631 2044 2686 consi-

461 2707 710 2775 deratur,
735 2721 830 2765 aut
857 2712 1063 2783 aliquid
1102 2715 1332 2784 perfecti
1360 2726 1417 2771 et
1443 2718 1770 2773 universalis
1802 2719 1856 2774 in
1888 2727 2044 2774 utro-

460 2816 590 2868 que,
639 2801 692 2855 id
722 2811 809 2856 est
840 2805 1079 2860 essentia
1123 2815 1224 2867 est,
1266 2807 1402 2861 nihil
1454 2808 1521 2863 ad
1571 2810 1850 2864 notionem
1901 2812 2046 2867 eutis

459 2892 698 2945 essentia
727 2893 976 2963 ejusdem
1004 2895 1193 2952 oﬂieit.
1224 2897 1292 2951 Et
1325 2898 1441 2952 hazc
1471 2898 1637 2969 igitur
1667 2900 1733 2954 de
1762 2901 1856 2954 illo
1883 2918 2048 2973 argu-

460 2991 670 3036 mento.
697 2983 803 3038 Sed
835 2985 901 3039 ad
940 2987 1186 3041 ultimam
1218 2997 1458 3042 vestram
1493 2989 1894 3046 absurditatem
1937 3009 2047 3063 qua

459 3074 666 3141 putatis
708 3075 844 3128 nihil
876 3093 940 3130 ex
972 3087 1128 3147 parte
1175 3079 1546 3135 subsistentia:
1575 3079 1779 3136 Christi
1824 3084 2046 3154 utrique

459 3180 582 3219 esse
627 3167 807 3221 simile
851 3170 1114 3234 essentia,
1168 3171 1457 3240 utriusque
1494 3172 1666 3228 ﬁlium
1713 3190 1837 3230 esse
1884 3191 2046 3246 posse

460 3257 723 3313 facillime
744 3259 904 3315 vobis
924 3261 1446 3319 demonstrabimus.
1473 3265 1690 3322 Etenim
1714 3268 1881 3323 homo
1904 3285 2048 3328 unus

458 3366 526 3404 ex
552 3361 706 3420 parte
733 3368 846 3408 suae
866 3354 1238 3412 subsistentia:
1258 3358 1448 3413 matris
1470 3375 1580 3415 suae
1601 3371 1656 3416 et
1680 3362 1874 3431 patris,
1898 3378 2048 3418 nunc

461 3454 613 3497 certe
659 3444 935 3500 Abraham
984 3447 1188 3517 patris,
1241 3449 1566 3504 haerentium
1625 3453 1871 3525 vestigiis
1921 3453 2049 3509 ﬁdei

461 3539 603 3607 ejus,
631 3547 687 3592 et
715 3538 945 3609 spiritus
974 3540 1232 3608 spiritum
1279 3542 1614 3611 generantis,
1657 3544 1800 3599 lilius
1847 3552 1960 3611 est;
1993 3553 2050 3599 et

463 3646 528 3682 ex
563 3640 715 3699 parte
746 3631 1120 3686 subsistentia:
1153 3633 1319 3688 unius
1353 3633 1408 3688 in
1436 3650 1543 3703 qua
1584 3630 1700 3690 hazc
1736 3637 1920 3690 omnia
1959 3637 2050 3692 in-

463 3730 617 3780 sunt.
650 3723 908 3778 omnibus
950 3723 1038 3778 his
1065 3725 1304 3779 essentia
1330 3724 1526 3780 similis
1567 3735 1672 3790 est,
1709 3727 2050 3797 superﬂuum

464 3811 634 3882 igitur
664 3824 810 3870 esset
841 3830 990 3869 nunc
1015 3815 1083 3869 de
1124 3832 1192 3870 eo
1221 3816 1376 3872 vobis
1405 3817 1790 3874 eavillantibus
1818 3836 2052 3892 reSpon-

463 3921 586 3963 sum
635 3907 875 3964 dedisse.
909 3908 1201 3964 Ostensum
1254 3919 1341 3965 est
1375 3911 1520 3965 enim
1574 3911 1628 3965 in
1677 3911 1762 3966 his
1798 3929 1922 3984 qua:
1962 3929 2053 3968 se-

466 4007 742 4068 quuntur,
774 4001 1055 4070 quomodo
1097 4003 1403 4058 secundum
1447 4004 1698 4060 diversas
1741 4007 2054 4076 generatio-

465 4110 598 4149 num
650 4095 914 4159 rationes,
965 4093 1258 4150 (iliationes
1304 4104 1359 4151 et
1405 4096 1766 4165 paternitates
1804 4097 2054 4166 plurima:

467 4187 660 4242 iisdem
688 4187 954 4259 subjectis
996 4188 1376 4242 conferantur.
1409 4188 1661 4244 Attamen
1704 4200 1886 4245 vestra
1918 4205 2057 4259 pra:-

466 4295 597 4349 ceps
635 4290 828 4336 contra
866 4280 983 4335 haec
1026 4280 1431 4351 argumentatio
1477 4281 1757 4352 prtevertit
1801 4282 2056 4338 ordinem

467 4371 926 4441 eonvenientem.j

1132 4487 1282 4542 CAP.
1315 4485 1381 4543 Il.

545 4581 690 4636 Deus
739 4578 980 4634 Verbum
1039 4586 1129 4632 aut
1191 4595 1318 4649 pars
1355 4588 1442 4636 est
1492 4581 1659 4654 hujus
1681 4581 2056 4639 subsistentia:
2087 4587 2132 4644 D

467 4672 697 4736 Christi,
729 4679 822 4726 aut
851 4680 1054 4726 totum.
1093 4671 1150 4727 Si
1171 4672 1394 4742 quidem
1423 4673 1589 4744 igitur
1615 4689 1764 4744 pars,
1797 4675 1914 4729 haec
1959 4690 2058 4729 au-

470 4775 580 4822 tem
620 4783 746 4836 pars
776 4765 968 4829 Filius,
999 4781 1127 4834 pars
1181 4767 1304 4821 Filii
1333 4777 1418 4822 est
1449 4768 1596 4822 Deus
1617 4767 1899 4833 Verbum;
1924 4785 2056 4840 ergo

469 4857 582 4912 duo
621 4855 850 4911 dimidia
911 4856 1079 4912 habet
1109 4869 1237 4914 ante
1295 4859 1734 4914 incarnationem
1783 4861 1962 4916 Trias.
1998 4863 2057 4918 Si

469 4966 604 5005 vero
673 4959 870 5015 totum,
924 4967 1034 5006 non
1083 4961 1206 5006 erat
1255 4967 1390 5021 ergo
1427 4962 1554 5007 ante
1616 4951 2057 5010 incarnationem

468 5043 616 5098 Deus
636 5043 910 5108 Verbum;
947 5058 1072 5097 cum
1125 5051 1300 5098 totum
1351 5051 1478 5097 ante
1507 5052 1697 5113 partes
1739 5046 2054 5112 exstiterit;

468 5151 596 5206 pars
657 5136 807 5190 enim
841 5145 928 5190 est
962 5135 1133 5190 totius
1162 5151 1288 5204 quae
1330 5133 1470 5188 facta
1513 5142 1598 5190 est
1653 5151 1784 5192 caro
1840 5146 2053 5207 postea.

469 5225 602 5280 Pars
629 5226 852 5296 quidem
885 5225 1107 5296 proprie
1138 5233 1222 5280 est
1247 5225 1395 5295 quod
1427 5225 1616 5296 aliquo
1657 5227 1822 5282 modo
1858 5229 1912 5283 in
1962 5230 2058 5284 im-

468 5319 810 5388 perfectione
834 5318 1074 5388 quadam
1123 5333 1246 5373 esse
1302 5319 1668 5390 intelligitur;
1720 5321 1868 5390 quod
1905 5337 2052 5377 nun-

465 5427 630 5480 quam
671 5418 760 5465 est
784 5410 929 5464 Deus
955 5410 1219 5465 Verbum.
1247 5409 1460 5466 Sancte
1489 5420 1673 5465 autem
1695 5411 1900 5468 Christi
1919 5414 2054 5468 sub-

467 5502 738 5559 sistentia:
771 5511 1003 5568 naturae,
1045 5509 1106 5556 ut
1143 5512 1328 5572 partes
1349 5503 1610 5558 videntur
1650 5505 1863 5559 ratione
1920 5521 2055 5560 con—

461 5593 769 5666 junctionis
797 5595 1086 5664 utriusque
1119 5596 1458 5667 singulatim.
1494 5596 1562 5651 ad
1621 5596 1828 5652 Christi
1863 5598 2053 5653 totali-

469 5697 660 5753 tatem,
720 5703 844 5757 quae
901 5695 1086 5742 autem
1139 5696 1314 5743 totum
1373 5704 1592 5760 semper
1656 5689 1934 5754 eﬂiciunt;
1995 5691 2052 5746 in

465 5776 675 5834 Christi
699 5795 833 5834 vero
862 5780 1186 5836 totalitatem
1235 5783 1494 5854 conjungi
1551 5799 1659 5838 non
1696 5783 1923 5855 impulit
1952 5801 2052 5856 per

469 5875 654 5930 Partes
686 5869 1084 5926 diversitatem.

2149 1984 2272 2048 ἔτι,
2327 1981 2405 2054 τῷ
2450 1999 2509 2035 τε
2560 1981 2666 2052 ὅλῳ
2713 1983 2814 2052 τῆς
2853 1979 3208 2042 ὑποστάσεως
3241 1977 3342 2047 τῆς
3369 1977 3545 2046 ψυχῆς
3570 1974 3741 2029 ’Δὸελ

2149 2075 2301 2129 ἐστὶν
2357 2072 2683 2144 ὁμοούσιος,
2737 2073 2834 2126 καὶ
2875 2073 2954 2142 τῷ
2997 2071 3104 2142 ὅλῳ
3131 2071 3229 2141 τῆς
3255 2070 3606 2132 ὑποστάσεως
3639 2067 3740 2138 τῆς

2150 2166 2354 2238 σαρκὸς
2408 2165 2564 2219 τοῦδε
2614 2165 2707 2219 τοῦ
2755 2165 3164 2235 κεκοιμημένον
3205 2163 3377 2218 ὁσίου.
3417 2163 3528 2216 Καὶ
3560 2162 3742 2230 μάτην

2145 2261 2305 2315 τοῦτο
2337 2261 2466 2331 ὑμῖν
2489 2259 2869 2330 ἀπηγορεύθη·
2904 2261 2968 2312 ὲκ
3001 2258 3201 2328 μέρους
3220 2258 3328 2328 γάρ
3351 2257 3502 2319 ὄντος
3521 2258 3740 2320 οὑσίας,

2145 2355 2206 2408 οὑ
2231 2353 2450 2421 λέγεται
2479 2352 2547 2405 τὰ
2574 2351 2833 2420 όμοοὺσια
2855 2367 2867 2379 ·
2920 2350 2981 2403 οὑ
3014 2352 3198 2420 μέντοι
3227 2349 3348 2402 οὑδὲ
3375 2348 3736 2413 ὑποστάσεως

2113 2440 2118 2444 ’
2145 2449 2247 2519 τῆς
2281 2448 2377 2503 καὶ
2407 2449 2471 2500 ἐκ
2497 2445 2764 2498 πλειόνων
2792 2444 3030 2513 φύσεων,
3062 2443 3182 2513 ἦτοι
3208 2443 3428 2508 οὐσιῶν,
3463 2443 3593 2496 ποτὲ
3615 2459 3742 2496 συν-

2147 2539 2394 2610 εστώσης
2421 2538 2586 2591 τισίν.
2629 2535 2702 2589 Τὸ
2729 2538 2839 2608 γάρ
2866 2535 3004 2589 καθὸ
3036 2537 3069 2605 ἠ
3095 2535 3352 2604 ὁμοιότης
3379 2535 3562 2597 αὑτοῖς
3597 2533 3738 2588 θεω-

2149 2633 2358 2701 ρεῖται.
2414 2631 2448 2700 ἢ
2496 2627 2702 2682 τέλειόν
2747 2644 2798 2679 τι
2841 2629 2937 2680 καὶ
2966 2624 3084 2678 ὅλον
3115 2627 3173 2678 ἐν
3222 2625 3530 2696 ἑκατέροις,
3567 2624 3738 2694 ἧγουν

2146 2723 2180 2791 ἡ
2229 2721 2389 2774 οὑσὶα
2439 2720 2627 2780 ἐστὶν,
2687 2718 2841 2771 οὐδὲν
2891 2715 3149 2788 ἐμποδὼν
3197 2715 3336 2787 πρὸς
3368 2714 3608 2786 θεωρίαν
3639 2714 3736 2768 τοῦ

2145 2811 2436 2882 ὁμοουσίου
2486 2811 2724 2879 γίνεται.
2781 2811 2891 2862 Καὶ
2934 2807 3110 2861 ταῦτα
3145 2808 3244 2878 μὲν
3274 2807 3366 2860 οῦν
3400 2807 3530 2879 περὶ
3556 2805 3733 2860 τοῦδε.

2149 2905 2292 2974 Πρὸς
2339 2905 2395 2957 δὲ
2445 2903 2505 2956 τὸ
2544 2903 2774 2973 ἔσχατον
2805 2901 2958 2972 ὑμῶν
2989 2901 3218 2968 ἄτοπον,
3268 2900 3533 2971 οἰομένων
3570 2901 3738 2972 μηδὲν

2147 2997 2257 3049 τῶν
2311 2998 2375 3049 ὲκ
2422 2996 2624 3066 μέρους
2670 2994 3026 3057 ὑποστάσεως
3056 2992 3222 3047 αὑτοῦ
3266 2992 3360 3046 δύο
3386 2993 3739 3064 τισὶνὺπάρ-

2148 3105 2265 3160 χειν
2291 3088 2602 3160 ὁμοούσιον,
2635 3088 2827 3141 τούτου
2858 3087 3112 3140 κάκείνου
3151 3085 3277 3138 Υίὸν
3307 3082 3448 3140 εἶναι
3477 3086 3742 3139 δύνασθαι

2152 3181 2325 3253 ῥᾷστα
2375 3179 2521 3250 ὑμᾶς
2572 3178 2972 3249 ἀπελέγξομεν.
3035 3180 3144 3233 Καὶ
3187 3179 3296 3249 γὰρ
3339 3177 3624 3249 ἄνθρωπος
3660 3171 3741 3238 εἷς

2150 3277 2215 3328 ἐκ
2245 3274 2446 3343 μέρους
2475 3275 2576 3344 τῆς
2607 3273 2801 3327 ἑαυτοῦ
2837 3273 3212 3337 ὑποστάσεως,
3250 3274 3348 3342 τῆς
3383 3270 3589 3342 μητρὸς
3617 3271 3744 3322 έαυ-

2148 3365 2244 3419 τοῦ
2272 3367 2366 3419 καὶ
2388 3365 2483 3419 τοῦ
2507 3366 2739 3437 πατρὸς,
2767 3364 2848 3418 ἔτι
2875 3367 2976 3435 μὲν
2997 3365 3092 3418 καὶ
3117 3363 3370 3434 ’Δὸραάμ
3391 3362 3486 3415 τοῦ
3511 3360 3742 3433 πατρὸς,

2149 3459 2261 3512 τῶν
2289 3458 2647 3529 στοιχοὺντων
2679 3460 2794 3520 τοῖς
2822 3458 2992 3528 ἴχνεσι
3022 3457 3123 3526 τῆς
3151 3457 3388 3520 πίστεως
3419 3454 3608 3519 αὑτοῦ,
3649 3455 3745 3508 καὶ

2150 3551 2244 3603 τοῦ
2282 3550 2618 3619 πνεύματος,
2653 3549 2746 3603 τοῦ
2774 3549 3073 3617 γεννῶντος
3103 3547 3164 3616 τὸ
3193 3547 3433 3618 πνεῦμα,
3468 3549 3580 3610 υἱός
3605 3549 3742 3602 ἐστι·

2153 3642 2249 3695 καὶ
2305 3643 2371 3695 ὲκ
2425 3641 2624 3712 μέρους
2659 3640 2761 3709 τῆς
2797 3642 2928 3710 μιᾶς
2962 3641 3314 3703 ὑποστάσεως
3416 3643 3531 3694 ἐστι
3563 3640 3747 3694 πάντα

2152 3735 2302 3800 τάδε,
2336 3735 2625 3798 ὁμοοὺσιός
2653 3736 2772 3788 ἐστι
2803 3734 3018 3798 τούτοις
3043 3736 3200 3788 πᾶσι.
3237 3734 3499 3803 Περιττὸν
3527 3733 3624 3803 μὲν
3650 3729 3747 3786 οὖν

2152 3821 2222 3895 ἦν
2276 3827 2369 3880 καὶ
2416 3826 2513 3880 νῦν
2570 3827 2700 3898 περὶ
2749 3827 2906 3880 τοῦδε
2958 3828 3088 3897 ὑμῖν
3137 3825 3471 3896 ληρῳδοῦσιν
3508 3824 3747 3895 ἀποκρί-

2155 3917 2374 3970 νασθαι.
2413 3917 2692 3971 Δέδεικται
2726 3917 2834 3989 γάρ
2865 3919 2923 3970 ἐν
2951 3919 3061 3982 τοῖς
3090 3916 3241 3986 ἑξῆς,
3277 3915 3352 3978 ὡς
3382 3915 3526 3967 κατά
3553 3913 3747 3982 διαφό-

2157 4024 2285 4079 ρους
2306 4008 2541 4080 τρόπους
2568 4009 2678 4062 τῶν
2697 4011 3022 4080 γεννήσεων,
3053 4009 3317 4062 υἱοθεσίαι
3341 4024 3400 4060 τε
3422 4007 3516 4062 καὶ
3537 4007 3747 4077 πατρό-

2155 4118 2318 4171 τητες
2347 4103 2458 4165 τοῖς
2487 4103 2672 4166 αὑτοῖς
2701 4101 3087 4172 ὑποκειμένοις
3115 4099 3362 4162 πλείονες
3388 4099 3745 4168 έμφέρονται·

2157 4193 2296 4265 πλὴν
2333 4195 2625 4266 πρόχειρος
2655 4194 2810 4265 ὑμῶν
2839 4194 2935 4247 καὶ
2960 4194 2988 4247 ὁ
3014 4193 3158 4246 κατὰ
3182 4191 3390 4246 τούτων
3425 4190 3644 4260 ἔλεγχος
3671 4186 3750 4241 ὢν

2157 4285 2473 4359 προέςρθασε
2508 4286 2608 4359 τὴν
2637 4285 2846 4341 οἰκείαν
2872 4285 3050 4351 τάξιν.

2764 4489 3018 4544 ΚΕΦΑΛ.
3059 4487 3134 4544 B'.

2245 4585 2304 4638 '0
2335 4582 2468 4647 Θεὸς
2493 4582 2666 4652 Λόγος
2717 4582 2749 4654 ἢ
2789 4582 2959 4654 μέρος
2989 4582 3107 4635 ἐστὶ
3145 4578 3349 4649 ταύτης
3377 4581 3478 4650 τῆς
3506 4577 3752 4632 ὑποστά-

2165 4694 2303 4742 σεως
2332 4678 2429 4731 τοῦ
2458 4676 2723 4747 Χριστοῦ,
2754 4674 2787 4745 ἢ
2812 4676 2954 4730 ὅλον.
2984 4675 3049 4727 Εἰ
3079 4673 3175 4744 μὲν
3199 4672 3292 4726 οὖν
3318 4672 3504 4744 μέρος,
3528 4670 3670 4742 αῦτη
3691 4670 3753 4725 δὲ

2159 4771 2320 4835 Υἱὸς,
2373 4769 2542 4840 μέρος
2590 4765 2686 4821 τοῦ
2732 4768 2864 4822 Υἰοῦ
2917 4769 2946 4821 ὁ
2988 4765 3120 4830 Θεὸς
3162 4766 3366 4832 Λόγος·
3424 4762 3619 4817 οὑκοῦν
3655 4763 3754 4818 δύο

2157 4864 2333 4932 ἥμισυ
2359 4861 2468 4932 πρὸ
2489 4860 2586 4930 τῆς
2609 4860 3080 4932 ἐνανθρωπήσεως
3100 4861 3132 4929 ὴ
3154 4857 3346 4930 Τριάς.
3373 4858 3435 4910 Et
3451 4855 3509 4910 δὲ
3524 4856 3585 4910 τὸ
3601 4855 3748 4923 ὅλον,

2159 4956 2262 5008 οὑκ
2290 4949 2357 5024 ἧν
2390 4953 2501 5020 ἄρα
2550 4952 2657 5022 πρὸ
2692 4953 2792 5022 τῆς
2824 4951 3297 5022 ὲνανθρωπήσεως
3327 4951 3356 5002 ὁ
3382 4947 3514 5010 Θεὸς
3537 4948 3712 5016 Λόγος
3731 4965 3747 4978 ·

2159 5047 2283 5101 ἐπεὶ
2325 5047 2386 5100 τὸ
2417 5046 2538 5100 ὅλον
2589 5045 2698 5115 πρὸ
2727 5044 2837 5098 τῶν
2866 5044 3049 5117 μερῶν
3081 5045 3403 5115 γενήσεταιο
3441 5043 3608 5112 μέρος
3638 5042 3752 5114 γάρ

2157 5145 2252 5200 τοῦ
2292 5145 2446 5209 ὅλου,
2494 5145 2527 5215 ἠ
2562 5143 2832 5215 γενομένη
2869 5143 3204 5214 προσφάτως
3233 5140 3390 5212 σάρξ.
3427 5141 3611 5210 Μέρος
3647 5138 3754 5210 μὲν

2159 5240 2366 5310 κυρίως
2409 5239 2468 5292 τὸ
2509 5239 2608 5292 σὺν
2639 5237 2858 5308 ἀτελείᾳ
2883 5237 2988 5290 τινὶ
3017 5235 3268 5290 ὁπωσοῦν
3297 5234 3589 5304 νοούμενον
3611 5249 3624 5263 ·
3661 5228 3756 5288 οὗ·

2156 5351 2302 5396 τινος
2336 5330 2684 5386 οὐδεπώποτέ
2714 5331 2864 5384 ἐστιν
2893 5331 2922 5382 ὁ
2949 5330 3082 5393 Θεὸς
3106 5329 3299 5398 Λόγος.
3351 5328 3464 5397 Τῆς
3495 5327 3553 5381 δὲ
3584 5327 3754 5395 ἁγίας

2159 5425 2509 5487 ὑποστάσεως
2555 5422 2796 5493 Χριστοῦ
2844 5423 2900 5475 αἱ
2946 5421 3175 5490 φύσεις,
3229 5419 3304 5484 ὡς
3339 5421 3478 5491 μέρη
3510 5418 3754 5488 ὁρῶνται

2155 5518 2234 5588 τῷ
2265 5519 2426 5588 Λόγῳ
2454 5518 2553 5586 τῆς
2587 5515 2929 5587 συγκρίσεως
2957 5513 3167 5579 αὑτῶν,
3215 5515 3357 5566 κατὰ
3387 5512 3516 5582 μίαν
3551 5511 3754 5564 ἑκατέ-

2160 5627 2258 5682 ρας
2283 5650 2298 5672 ,
2357 5609 2491 5681 πρὸς
2539 5611 2640 5680 τὴν
2689 5608 2766 5671 ὡς
2811 5607 3053 5680 Χριστοῦ
3089 5606 3349 5677 ὁλότητα,
3385 5605 3507 5658 ὅλον
3537 5603 3593 5656 δέ
3623 5622 3753 5659 τινα

2155 5705 2244 5758 ἀεί
2289 5705 2472 5756 ἐστιν’
2529 5705 2610 5766 εἰς
2652 5703 2710 5756 δὲ
2763 5703 2825 5756 τὸ
2865 5701 3106 5774 Χριστοῦ
3140 5700 3262 5754 ὅλον
3291 5694 3465 5765 εἶναι,
3502 5697 3752 5768 μερικῶς

2154 5794 2315 5849 λιπὸν
2347 5795 2444 5864 τὴν
2473 5792 2790 5864 ἑτερότητα.
