4116 6454
372 429 508 496 15:37

989 553 1242 608 ΚΕΦΑΛ.
1279 553 1354 610 I".

441 635 504 689 Ei
550 635 672 690 ὅλον
716 639 951 709 ταυτησὶ
996 641 1100 711 τῆς
1146 643 1498 709 ὑποστάσεως
1531 646 1561 698 6
1591 646 1722 710 Θεὸς
1752 647 1946 715 Λόγος,

371 727 543 796 φησὶ.
595 729 660 781 ἐκ
703 728 847 794 τίνος
876 730 985 803 ἄρα
1019 734 1556 805 συναναπληροῦται,
1587 736 1800 790 εἴπατε.
1842 737 1951 790 Τοῦ

370 816 480 887 γὰρ
512 818 648 871 Θεοῦ
677 818 878 888 Λόγου,
915 820 1050 884 Θεὸς
1077 821 1250 891 Λόγος
1281 825 1381 877 οὐκ
1407 823 1560 878 ἔσται
1586 825 1783 897 μέρος·
1827 824 1954 878 ἐπεὶ

372 908 544 979 μηδὲν
573 910 770 964 ἑαυτοῦ
805 912 971 983 μέρος
1001 910 1144 969 εἶναι
1174 914 1415 984 λέγεται.
1469 915 1694 988 Πρῶτον
1727 919 1826 988 μὲν
1857 917 1952 972 οὖν

367 1001 467 1071 οὐχ
514 1001 704 1067 ἁπλῶς
752 1004 812 1057 τὸ
855 1004 977 1058 ὅλον
1022 1007 1124 1077 τῆς
1161 1007 1515 1072 ὑποστάσεως
1553 1008 1649 1063 τοῦ
1676 1011 1950 1064 Δεσπότου

369 1090 606 1161 Χριστοῦ
658 1093 688 1146 6
736 1092 909 1162 Λόγος
946 1087 1082 1166 ’ἡμῖν
1127 1095 1343 1169 εἴρηται
1376 1097 1538 1164 εἶναι,
1575 1100 1713 1154 ἀλλὰ
1746 1119 1949 1174 σεσαρ-

369 1181 636 1253 κωμένος.
668 1184 879 1249 Ἀλλως
906 1203 966 1239 τε
992 1204 1007 1219 ο
1061 1191 1111 1241 εἱ
1143 1190 1266 1243 ἐπεὶ
1294 1187 1516 1259 λέγεται
1547 1190 1608 1244 τὸ
1635 1192 1755 1245 ὅλον
1780 1193 1952 1262 αὐτῆς

366 1273 441 1336 ὡς
469 1273 845 1342 ὑποστάσεως,
881 1275 1056 1342 οὕτως
1085 1273 1227 1332 εἶναι
1257 1280 1284 1332 6
1310 1281 1546 1348 Χριστὸς
1577 1281 1640 1335 ἐκ
1666 1299 1812 1347 τινος
1834 1283 1952 1339 ἐτέο

370 1383 466 1437 pou
517 1369 669 1438 παρὰ
715 1368 807 1420 τὸν
849 1369 1042 1438 Λόγον,
1081 1371 1158 1435 ὡς
1193 1373 1300 1426 τῶν
1329 1375 1516 1445 μερῶν
1546 1377 1750 1446 ἐτέρων
1778 1375 1950 1430 ὄντων

367 1460 457 1513 ἀεὶ
489 1460 636 1531 παρὰ
665 1461 732 1514 τὰ
755 1462 851 1514 ὅλα
881 1463 1098 1528 πάντως
1130 1464 1249 1518 δέον
1278 1466 1408 1518 αὐτὸ
1436 1467 1797 1539 πληροῦσθαι,
1825 1469 1950 1522 ἐπεὶ

369 1551 463 1604 καὶ
507 1553 569 1605 τὸ
607 1553 726 1607 ὅλον
775 1554 878 1625 τῆς
922 1556 1200 1628 πατρικῆς
1231 1557 1586 1623 ὑποστάσεως
1633 1563 1660 1614 ὁ
1690 1561 1822 1626 Θεὸς
1856 1563 1951 1616 καὶ

368 1641 558 1712 Πατήρ
593 1645 742 1696 ἐστιν
765 1660 778 1675 ·
819 1646 885 1697 ἐκ
917 1646 1063 1707 τίνος
1096 1649 1204 1715 ἄρα
1240 1649 1334 1698 καὶ
1363 1648 1483 1700 τόδε
1510 1648 1698 1716 ἐτέρου
1726 1665 1952 1701 συναναο

366 1733 666 1805 πληροῦται
721 1735 812 1789 τοῦ
861 1735 938 1800 ὡς
987 1737 1188 1807 μέρους
1228 1738 1416 1804 αὐτοῦ,
1453 1741 1664 1794 εἴπατε.
1700 1740 1806 1793 Τοῦ
1840 1741 1948 1810 γὰρ

1340 445 1738 508 ADVERSUS
1776 446 1952 508 NES']

2055 449 2324 511 lIANOS.
2347 475 2416 485 -
2445 451 2596 516 LIB.
2636 453 2716 514 ΙΙ.
3505 457 3639 522 1533

1980 563 2034 623 Α

2695 562 2846 618 CAP.
2902 562 2992 619 ill.

2125 652 2184 707 Si
2215 659 2393 707 totum
2422 652 2654 723 hujusce
2691 653 3065 709 subsistentia
3085 663 3170 709 est
3197 655 3344 710 Deus
3370 657 3637 724 Verbum,

2053 744 2231 810 aiunt,
2250 761 2277 799 a
2300 760 2411 815 quo
2429 745 2599 815 igitur
2615 746 2956 816 compleatur
2972 746 3138 801 dicite
3157 763 3172 812 ;
3190 747 3284 801 Dei
3301 749 3448 802 enim
3471 749 3636 804 Verbi

2052 836 2200 891 Deus
2214 837 2456 892 Verbum
2483 852 2595 890 non
2619 836 2726 890 erit
2755 852 2902 906 pars,
2925 853 3050 892 cum
3083 838 3222 891 nihil
3246 853 3373 908 pars
3399 854 3521 894 esse
3551 841 3639 895 sui

2053 930 2278 987 dicitur.
2310 930 2497 985 Primo
2529 929 2774 1000 quidem,
2802 946 2913 986 non
2935 931 3262 1001 simpliciter
3303 940 3478 987 totum
3499 932 3636 988 sub-

2052 1022 2319 1079 sistentia).
2350 1022 2573 1078 Domini
2623 1021 2831 1078 Christi
2864 1039 2896 1078 a
2925 1024 3086 1079 nobis
3134 1024 3341 1080 dicitur
3391 1026 3634 1081 Verbum

2052 1132 2194 1181 esse,
2224 1115 2320 1172 sed
2353 1132 2483 1172 caro
2506 1115 2733 1171 factum.
2769 1115 2892 1171 Alio
2955 1116 3122 1171 modo
3169 1134 3182 1170 :
3245 1117 3314 1182 si,
3375 1116 3638 1187 quoniam

2051 1209 2259 1264 dicitur
2301 1216 2476 1264 totum
2533 1210 2656 1280 ejus
2697 1209 3091 1274 subsistentia},
3141 1209 3217 1264 ita
3261 1209 3467 1264 dicitur
3515 1224 3638 1265 esse

2051 1302 2336 1358 Christum
2390 1319 2458 1357 ex
2507 1301 2617 1356 alio
2675 1302 2863 1372 aliquo
2925 1313 3127 1372 praeter
3178 1301 3458 1366 Verbum,
3515 1311 3640 1357 tan-

2053 1409 2218 1464 quam
2267 1410 2334 1448 ex
2393 1394 2646 1463 partibus
2690 1409 2811 1463 qua:
2868 1408 3086 1462 seraper
3125 1393 3246 1446 alia:
3298 1401 3422 1446 sunt
3455 1393 3634 1462 quoad

2053 1495 2265 1550 totum,
2319 1486 2546 1540 omnino
2589 1484 2964 1540 necessarium
3013 1493 3102 1538 est
3160 1484 3293 1538 illud
3341 1483 3635 1553 compleri;

2060 1592 2186 1632 cum
2220 1586 2392 1630 totum
2427 1585 2672 1645 paterna:
2697 1575 3068 1630 subsistentia:
3101 1573 3171 1628 sit
3196 1574 3339 1629 Deus
3383 1575 3576 1637 Pater;
3605 1590 3638 1628 e

2059 1684 2170 1738 quo
2203 1668 2372 1738 igitur
2402 1667 2511 1721 alio
2548 1666 2698 1720 istud
2758 1667 3103 1735 compleatur
3159 1661 3307 1734 quod
3357 1665 3428 1719 sit
3487 1665 3639 1720 velut

2050 1761 2172 1830 ejus
2193 1775 2340 1830 pars,
2372 1759 2558 1813 dicite.
2619 1758 2714 1813 Dei
2747 1761 2895 1812 enim
2925 1757 3113 1812 Patris
3160 1758 3305 1812 Deus
3335 1757 3499 1811 Pater
3527 1771 3638 1810 non

365 1827 499 1879 Θεοῦ
550 1828 800 1898 Πατρὸς,
848 1831 874 1881 6
907 1829 1039 1892 Θεὸς
1087 1831 1298 1916 Πατὴρ,
1335 1832 1436 1884 οὐκ
1467 1833 1620 1885 ἔσται
1653 1831 1778 1885 καθ’
1805 1833 1950 1902 ὑμᾶς

2055 1827 2161 1907 erit
2183 1827 2308 1922 pars
2336 1851 2638 1906 secundum
2668 1866 2796 1914 vos;
2830 1858 2884 1904 et
2909 1851 3034 1920 quis
3062 1864 3171 1903 non
3202 1848 3512 1919 deplorabit
3536 1848 3638 1903 has

366 1920 552 1991 μέρος.
609 1922 723 1974 Καὶ
759 1921 843 1984 τίς
876 1920 1200 1976 οὐκλαὺσει
1229 1923 1391 1977 τάσδε
1424 1925 1525 1988 τὰς
1559 1925 1947 1996 ματαιολογίας

2055 1945 2439 2000 cavillationes
2464 1951 2675 1998 vestras
2698 1950 2754 1996 et
2778 1942 3148 1997 voluntariam
3171 1939 3444 1995 insaniam
3466 1939 3628 1993 ?Non

365 2012 517 2082 ὑμῶν
555 2014 651 2067 καὶ
689 2011 1184 2082 έθελοκακουργίας
1211 2033 1227 2084 ;
1271 2014 1408 2069 Οὑτε
1439 2017 1547 2086 γὰρ
1580 2017 1642 2069 τὸ
1673 2018 1738 2070 ὲκ
1769 2017 1952 2088 μερῶν

365 2109 579 2170 πάντως
605 2102 748 2159 εἷναί
769 2124 822 2159 τι
852 2107 1072 2174 λέγεται
1093 2106 1234 2170 ὃλον,
1263 2107 1341 2171 ὼς
1365 2109 1467 2162 κάν
1495 2111 1608 2172 τοῖς
1633 2107 1951 2180 ἔμπροσθεν

365 2198 550 2268 εἴρητο
569 2213 584 2229 °
641 2197 777 2252 ἀλλὰ
823 2197 918 2250 καὶ
952 2197 1011 2251 τὸ
1029 2239 1043 2260 ,
1085 2199 1274 2269 ἐντελῆ
1302 2199 1423 2253 τόδε
1449 2216 1503 2252 τι
1532 2199 1621 2253 τὸν
1648 2199 1778 2253 ἴδιον
1806 2199 1949 2271 ἔχειν

366 2291 547 2360 λόγον,
591 2284 636 2344 ὦ
662 2283 832 2345 οῦτοι.
865 2290 1054 2353 Οὕτως
1081 2290 1189 2363 γὰρ
1220 2291 1339 2344 ὅλον
1377 2291 1472 2345 καὶ
1503 2291 1564 2344 τὸ
1598 2293 1822 2363 σημεῖον
1855 2292 1950 2345 καὶ

369 2384 462 2453 τὴν
499 2383 700 2454 μονάδα
736 2383 864 2455 ὃλην
896 2382 1078 2454 φαμέν
1103 2399 1120 2417 ο
1172 2385 1265 2437 καὶ
1319 2384 1420 2438 οὐκ
1469 2386 1535 2438 ὲκ
1579 2383 1759 2454 μερῶν
1788 2384 1947 2454 ἴσμεν

368 2477 509 2531 τάδε.
545 2477 666 2530 Ἔτι
719 2477 828 2547 μὴν
885 2476 1006 2530 οὐδὲ
1053 2476 1202 2530 πᾶσα
1241 2476 1434 2548 ὁλότης
1460 2477 1765 2548 ἐτεροειδὴς
1796 2475 1949 2546 παρὰ

369 2566 428 2622 τὰ
446 2568 652 2638 ἑαυτῆς
684 2567 802 2638 ἅμα
827 2566 1182 2639 Θεωρούμενα
1208 2565 1388 2621 πάντα
1415 2566 1580 2638 μέρη·
1607 2567 1661 2620 τί
1678 2566 1787 2637 γάρ
1811 2567 1949 2620 πάν-

367 2677 468 2725 τως
499 2661 597 2714 καὶ
626 2661 850 2732 σιδήρου
882 2662 1001 2732 ἃμα
1029 2660 1058 2713 ὁ
1086 2661 1319 2732 μύδρος,
1359 2660 1393 2732 ἢ
1426 2659 1565 2730 πλὴν
1593 2659 1828 2733 αἵματος
1854 2660 1947 2714 κό-

362 2753 487 2824 χλου
517 2754 612 2807 καὶ
637 2751 883 2824 σηρικῶν
913 2753 1174 2825 νημάτων
1204 2756 1238 2825 ἠ
1265 2753 1556 2824 ἀλουργίς;

976 2868 1226 2924 ΚΕΦΑΛ.
1265 2873 1339 2926 Δ’.

433 2964 495 3016 Εί
545 2963 611 3015 ὲκ
655 2961 842 3033 μερῶν
896 2961 974 3032 τῷ
1014 2961 1190 3032 Πατρὶ
1223 2964 1318 3015 καὶ
1349 2963 1414 3032 τῇ
1442 2962 1630 3033 Μητρὶ
1659 2960 1944 3032 ὁμοούσιος

2051 2036 2200 2091 enim
2237 2036 2385 2106 quod
2417 2052 2486 2090 ex
2543 2035 2794 2106 partibus
2824 2042 3039 2090 constat
3089 2033 3340 2088 absolute
3391 2047 3514 2087 esse
3551 2041 3637 2086 to-

2059 2137 2176 2183 tum
2205 2129 2432 2192 dicitur,
2460 2135 2520 2180 ut
2552 2127 2812 2196 superius
2845 2126 3056 2181 dictum
3087 2135 3193 2192 est,
3216 2126 3311 2182 sed
3337 2125 3485 2195 quod
3518 2140 3638 2194 per-

2050 2219 2252 2273 fectam
2302 2227 2358 2272 et
2409 2219 2689 2288 propriam
2720 2218 2888 2272 habet
2937 2234 3094 2272 suam
3145 2219 3442 2279 rationem,
3479 2217 3636 2271 oad-

2048 2311 2303 2366 versarii.
2335 2310 2427 2366 Sic
2479 2309 2627 2364 enim
2669 2318 2846 2363 totum
2880 2324 3001 2362 esse
3036 2316 3093 2362 et
3143 2316 3312 2363 totam
3365 2307 3635 2360 unitatem

2049 2401 2323 2466 dicimus;
2377 2415 2558 2470 neque
2586 2415 2654 2454 ex
2671 2399 2924 2469 partibus
2957 2399 3061 2452 ista
3088 2397 3504 2469 cognoscimus;
3527 2398 3639 2454 imo

2048 2511 2160 2550 non
2199 2493 2382 2549 omnis
2431 2493 2671 2548 totalitas
2721 2491 2957 2546 diversae
3012 2491 3217 2561 speciei
3258 2499 3482 2546 constat
3523 2491 3642 2545 suis

2049 2585 2303 2658 partibus
2345 2583 2608 2638 omnibus
2654 2581 2819 2637 simul
2863 2580 3246 2636 consideratis.
3284 2580 3426 2635 Num
3483 2580 3635 2634 enim

2047 2679 2183 2735 ferri
2213 2685 2298 2733 est
2331 2677 2576 2732 totalitas
2620 2683 2678 2730 et
2731 2674 2873 2745 ignis
2921 2673 3086 2729 simul
3126 2673 3333 2728 ferrum
3371 2672 3636 2736 candens,

2051 2778 2150 2827 aut
2177 2768 2400 2841 sanguis
2422 2765 2647 2824 conchae
2667 2772 2723 2819 et
2757 2764 2848 2821 [ila
2869 2765 3047 2821 serica
3066 2764 3232 2819 simul
3254 2771 3339 2818 est
3363 2763 3643 2833 purpura?

2685 2879 2838 2934 CAP.
2897 2879 2987 2933 IV.

2115 2976 2173 3032 Si
2201 2991 2270 3029 ex
2300 2971 2550 3043 partibus
2584 2970 2732 3041 patri
2757 2977 2813 3024 et
2863 2969 3031 3024 matri
3063 2968 3264 3024 similis
3293 2967 3532 3023 essentia
3555 2976 3642 3022 est

364 3058 396 3129 ἢ
429 3057 730 3120 ὑπόστασις
760 3054 1000 3126 Χριστοῦ
1031 3055 1100 3108 τὰ
1130 3057 1271 3126 μέρη
1304 3055 1476 3125 αὐτῆς
1504 3054 1698 3118 ταῦτα,
1726 3053 1945 3108 ένούσιά

2055 3065 2402 3126 subsistentia
2446 3063 2677 3127 Christi,
2718 3063 2801 3115 hat
2857 3061 3010 3114 illius
3075 3069 3268 3130 partes
3313 3059 3644 3114 essentiales

362 3152 531 3216 ἐστιν,
564 3149 598 3220 ἦ
630 3148 890 3215 ἀνούσιας
930 3149 1074 3203 Ἀλλ’
1103 3150 1152 3201 εί
1185 3147 1285 3218 μὲν
1317 3145 1566 3211 ἀνούσια,
1604 3146 1721 3210 πῶς
1749 3143 1943 3216 ὀμοού-

2045 3169 2200 3224 sunt,
2245 3167 2342 3212 aut
2377 3172 2525 3212 non:
2559 3155 2605 3210 si
2645 3170 2754 3209 non
2793 3163 2943 3217 sunt,
2970 3151 3251 3222 quomodo
3304 3151 3546 3206 essentia
3567 3151 3642 3205 si-

363 3258 454 3295 σια
501 3242 616 3304 τοῖς
657 3238 956 3304 ὲνουσίοις;
1009 3239 1059 3291 εί
1104 3238 1162 3290 δὲ
1207 3237 1444 3302 ὲνοιεσια,
1479 3236 1596 3300 πῶς
1626 3236 1726 3289 οὐκ
1754 3234 1941 3298 οὐσίας

2055 3253 2206 3308 miles
2261 3249 2350 3302 his
2393 3245 2492 3316 qui
2559 3255 2689 3300 sunt
2743 3242 3186 3298 essentiales?si
3257 3252 3445 3296 autem
3489 3249 3640 3306 sunt,

365 3318 509 3406 μέρή
543 3330 891 3403 καθέστηκε;
949 3331 1065 3384 Πᾶν
1107 3329 1216 3401 γὰρ
1261 3329 1427 3401 μέρος
1457 3328 1723 3392 ὲνουσίου,
1756 3327 1945 3391 οὐσίας

365 3429 532 3500 μέρος
582 3427 832 3499 κυρίως,
887 3427 981 3478 καὶ
1027 3424 1127 3494 οὐχ
1174 3422 1549 3485 ὑποστάσεως,
1584 3419 1819 3491 ἐπείπερ
1847 3421 1950 3473 οὐκ

361 3537 429 3575 εκ
467 3521 576 3576 τῶν
601 3519 882 3574 οὑσιωδῶν
916 3521 950 3590 ἡ
995 3518 1314 3581 ὑπόστασις,
1349 3515 1425 3579 ῶς
1451 3514 1751 3577 ὑπόστασις
1780 3530 1950 3584 χαραο

364 3613 682 3686 κτηρίζεται
715 3629 726 3644 ο
764 3611 880 3666 ἀλλ’
933 3610 1027 3663 ἐπὶ
1058 3608 1156 3678 μὲν
1184 3607 1293 3661 τῶν
1319 3605 1647 3677 ἀνθρώπων,
1674 3606 1736 3658 ὲκ
1760 3603 1952 3657 λευκό-

363 3715 546 3769 τητος,
580 3699 890 3768 σιμότητος,
921 3698 1016 3750 καὶ
1039 3696 1147 3748 τῶν
1170 3695 1454 3749 τοιούτωψ
1492 3693 1585 3746 ἐπὶ
1602 3693 1659 3746 δὲ
1677 3694 1778 3764 τῆς
1800 3693 1951 3755 Θείας

360 3791 570 3858 οὐσίας,
602 3791 712 3845 ἀπὸ
735 3790 943 3862 τρόπου
976 3788 1286 3860 ὑπάρξεως
1325 3785 1448 3840 καθ’
1478 3786 1537 3839 ὃν
1570 3786 1603 3854 ή
1633 3784 1732 3856 μὲν
1760 3801 1952 3854 γεννη-

363 3885 553 3951 τικῶς,
586 3887 619 3957 ἡ
648 3885 705 3939 δὲ
734 3885 1178 3955 γεγεννημένως,
1212 3884 1245 3954 ἡ
1271 3882 1328 3936 δὲ
1355 3880 1789 3951 ὲκπορευτικῶς.
1829 3879 1952 3942 Πῶς

364 3974 456 4032 οῦν
502 3979 596 4032 καὶ
627 3978 721 4032 δύο
748 3977 964 4041 τελείας
1001 3977 1260 4044 λέγοντες
1293 3975 1390 4038 τὰς
1421 3973 1612 4036 οὐσίας
1635 4014 1650 4039 ,
1701 3972 1824 4024 ἐπεὶ
1852 3972 1953 4025 οὐκ

363 4068 554 4130 οὐσίας
607 4069 751 4140 μέρη
798 4067 1024 4136 λέγετε,
1078 4066 1155 4130 ὡς
1205 4068 1269 4120 ὲκ
1311 4065 1496 4137 μερῶν
1526 4080 1664 4133 φατε
1692 4064 1794 4132 τὴν
1823 4062 1955 4115 ὑπό-

365 4180 556 4216 στασιν
582 4178 596 4228 ;
638 4162 749 4216 Καὶ
788 4160 929 4232 μέρη
958 4161 1140 4231 φαμὲν
1175 4159 1546 4222 ὑποστάσεως,
1580 4157 1655 4220 ὠς
1680 4157 1746 4210 ὲκ
1769 4156 1952 4210 πλειό-

364 4271 480 4306 νων
522 4251 691 4322 οὑσης
729 4251 951 4317 οὐσιῶν,
986 4249 1085 4314 τὰς
1114 4249 1300 4312 οὐσίας
1322 4288 1338 4313 ,
1390 4249 1484 4302 καὶ
1514 4246 1730 4300 ὲνούσια
1759 4245 1952 4310 ταῦτα,

363 4346 535 4416 ἤγουν
587 4343 779 4407 οὐσίας
802 4383 818 4407 ,
873 4342 1112 4413 λέγομεν
1152 4341 1246 4394 ἐπὶ
1274 4337 1538 4409 Χριστοῦ.
1579 4337 1702 4400 Πῶς
1737 4338 1793 4390 δὲ
1826 4337 1954 4407 ὑμῖν

368 4437 423 4492 εί
470 4455 523 4491 τι
557 4437 803 4490 ἐνούσιον
839 4435 1068 4505 μερικὸν
1103 4431 1421 4502 ἀναγκαίως
1449 4431 1618 4494 δοκεῖ,
1655 4429 1753 4482 καὶ
1789 4430 1956 4500 μέρος

361 4529 556 4594 οὐσίας
583 4530 727 4593 τινὸς
763 4531 892 4599 μιᾶς
925 4529 1094 4600 μόνης
1124 4524 1559 4596 καθεστηκέναι;
1592 4523 1705 4576 Καὶ
1725 4522 1834 4594 γάρ
1856 4520 1956 4591 τῆς

2051 3341 2330 3416 quomodo
2361 3354 2475 3394 non
2521 3335 2778 3392 essentia:
2808 3342 3000 3405 partes
3042 3335 3209 3389 sunt?
3265 3333 3400 3388 Nam
3461 3333 3646 3387 omnis

2047 3451 2177 3506 pars
2203 3432 2349 3488 entis
2400 3427 2740 3488 essentialis.
2790 3426 3053 3480 essentia:
3083 3441 3211 3494 pars
3239 3433 3328 3480 est
3384 3425 3637 3495 proprie,

2051 3541 2233 3595 neque
2261 3520 2666 3583 subsistentiae,
2693 3518 2825 3572 dum
2859 3533 2970 3572 non
2995 3533 3063 3572 ex
3093 3515 3488 3572 essentialibus
3514 3515 3645 3569 sub-

2049 3614 2332 3678 sistentia;
2375 3613 2558 3684 quoad
2595 3610 2978 3666 subsistentia:
3005 3610 3390 3664 characterem
3454 3617 3640 3669 tenet;

2049 3707 2148 3762 sed
2188 3707 2242 3761 in
2267 3705 2592 3760 hominibus
2635 3719 2704 3758 ex
2727 3701 3006 3764 albedine,
3041 3701 3379 3766 simositate,
3420 3709 3477 3753 et
3522 3700 3647 3754 tali-

2052 3799 2191 3865 bus;
2230 3799 2286 3853 in
2317 3798 2508 3852 divina
2546 3803 2735 3850 autem
2772 3794 3017 3850 essentia
3043 3810 3110 3848 ex
3168 3793 3510 3848 exsistentizc
3560 3809 3649 3846 ra-

2056 3891 2228 3955 tione,
2260 3889 2571 3946 secundum
2605 3903 2770 3958 quam
2828 3893 2925 3940 aut
2972 3886 3218 3955 genitor,
3254 3892 3352 3940 aut
3401 3885 3644 3954 genitus,

2051 3991 2152 4038 aut
2189 3982 2500 4052 procedens
2530 3988 2635 4035 est.
2663 3977 2959 4045 Quomodo
2995 3977 3165 4048 igitur
3195 3976 3335 4030 duas
3379 3975 3650 4045 perfectas

2053 4075 2253 4130 dicunt
2283 4073 2578 4138 essentias,
2609 4087 2736 4126 cum
2802 4086 2915 4125 non
2969 4069 3231 4124 essentia:
3277 4077 3468 4138 partes
3495 4083 3647 4121 assc-

2057 4167 2200 4232 ritis,
2236 4173 2299 4221 ut
2349 4181 2418 4219 ex
2455 4164 2710 4235 partibus
2753 4160 3169 4218 subsistentiam
3196 4159 3416 4215 dicitis?
3442 4170 3498 4214 et
3521 4175 3648 4228 par-

2058 4274 2142 4320 tes
2172 4262 2413 4318 dicimus
2437 4260 2812 4315 subsistentia:
2845 4267 3106 4326 tanquam
3151 4254 3224 4309 sit
3250 4253 3341 4307 illa
3369 4267 3437 4305 ex
3474 4249 3651 4320 pluri-

2057 4359 2164 4412 bus
2195 4353 2474 4416 essentiis,
2498 4351 2767 4407 esscntias
2802 4358 2858 4405 et
2911 4349 3029 4402 haec
3055 4345 3401 4407 essentialia,
3457 4341 3513 4396 id
3559 4349 3644 4395 est

2063 4448 2380 4512 essentias,
2438 4447 2680 4500 dicimus
2726 4445 2780 4498 in
2827 4442 3072 4498 Christo.
3120 4438 3410 4506 Quomodo
3461 4446 3649 4491 autem

2064 4540 2249 4604 vobis,
2287 4537 2500 4607 siquid
2567 4544 2654 4591 est
2713 4533 3038 4596 essentiale,
3104 4529 3361 4601 partibus
3394 4535 3654 4581 constare

365 4623 476 4677 τῶν
525 4621 844 4690 ἀλλοφύλων
895 4619 1277 4684 ὑποστάσεως,
1313 4619 1374 4672 οὐ
1410 4618 1540 4689 μιᾶς
1568 4615 1734 4686 μόνης
1766 4614 1952 4676 οὐσίας

2065 4628 2389 4686 necessario
2414 4627 2660 4693 videtur,
2692 4635 2748 4680 et
2787 4641 2916 4695 pars
2953 4623 3121 4676 unius
3152 4629 3368 4674 tantum
3394 4617 3657 4673 essentia:

368 4714 469 4787 μέν
501 4715 608 4769 εἰσι
640 4713 711 4768 τὰ
744 4713 887 4786 μέρη
913 4757 928 4780 ,
966 4714 1058 4766 καὶ
1083 4713 1232 4781 ὅμως
1257 4709 1479 4764 ὲνούσιά
1503 4710 1620 4762 ἐστι
1641 4725 1653 4738 ·
1695 4707 1954 4760 πλειόνων

366 4808 482 4879 γὰρ
526 4807 638 4860 τῶν
687 4806 829 4860 κατὰ
869 4806 969 4878 τὴν
1011 4805 1312 4874 ὑπόστασιν
1343 4801 1566 4868 οὐσιῶν,
1600 4801 1660 4854 τὸ
1692 4799 1857 4872 μέρος
1886 4798 1951 4850 τὸ

370 4899 619 4953 ὲνούσιον
643 4939 659 4965 ,
713 4898 903 4952 οὐσίαν
964 4895 1062 4967 μὲν
1104 4892 1244 4948 εἶναι
1281 4895 1522 4958 πάντως,
1558 4892 1659 4945 οὐκ
1687 4890 1870 4952 οὐσίας
1898 4889 1957 4943 δὲ

371 4993 503 5064 μιᾶς
541 4990 706 5062 μέρος
737 4987 879 5044 εἶναι
906 4989 1146 5058 ἀνάγκη.
1183 4987 1307 5050 Πῶς
1330 4985 1387 5039 δὲ
1417 4984 1510 5039 καί
1537 5001 1695 5054 φατε,
1723 4983 1845 5036 ἐπεὶ
1870 4981 1957 5034 λέ-

367 5099 528 5151 γεται
583 5082 826 5135 ὲνοὺσιόν
872 5099 927 5134 τι
971 5079 1172 5151 μέρος,
1211 5079 1307 5131 καὶ
1339 5077 1526 5140 οὐσίας
1555 5076 1702 5138 τινὸς
1735 5072 1956 5145 ἀριθμῷ

371 5177 502 5247 μιᾶς
535 5175 701 5245 μέρος
728 5170 893 5240 εἶναι,
929 5174 1018 5228 διὰ
1047 5173 1168 5226 τόδε
1196 5171 1330 5226 αὐτὸ
1360 5171 1656 5238 ἀναγκαῖον
1681 5163 1842 5229 εἶναι,
1872 5167 1954 5219 ὃτι

369 5267 616 5322 ἑνούσιον
663 5266 852 5331 ἁπλῶς
903 5265 1164 5334 λέγετοιι;
1197 5265 1343 5333 Ἀρα
1371 5262 1479 5334 γὰρ
1509 5261 1634 5314 ἐπεὶ
1667 5261 1760 5314 καὶ
1790 5257 1957 5329 μέρος

369 5357 616 5430 ἐμίίινυχον
662 5359 756 5411 καὶ
795 5354 1042 5410 ὲνούσιον
1093 5357 1123 5408 6
1165 5354 1455 5424 ἄνθρωπος
1491 5351 1586 5404 τοῦ
1623 5351 1832 5421 κόσμου
1869 5348 1957 5401 λέ-

370 5468 525 5521 γεται
557 5448 696 5503 εἶναι
713 5491 729 5512 .
764 5450 867 5522 ήδη
899 5449 994 5504 καὶ
1021 5449 1185 5519 μέρος
1209 5446 1390 5518 ψυχῆς
1414 5462 1560 5509 τινος
1586 5441 1954 5498 καθολικωτέ-

375 5561 477 5618 ρας
510 5544 838 5616 νοηϐήσεται
863 5561 878 5575 ο
935 5542 1034 5597 καὶ
1079 5542 1200 5594 ἐπεὶ
1235 5542 1402 5612 μέρος
1428 5538 1523 5593 τοῦ
1555 5536 1725 5608 φυτοῦ
1756 5538 1789 5606 ἡ
1816 5535 1958 5605 συκῆ

361 5636 618 5700 ένούσιος
666 5636 836 5703 οὖσα,
887 5635 1077 5698 οὐσίας
1127 5633 1313 5697 ἁπλῶς
1356 5631 1452 5686 τοῦ
1491 5630 1663 5702 (pum?
1705 5632 1835 5701 μιᾶς
1868 5629 1956 5682 ὲν-

376 5732 659 5803 υπάρκτου
693 5730 847 5784 ἔσται
881 5730 1067 5801 μέρος.
1119 5728 1182 5783 Εἰ
1221 5727 1279 5780 δὲ
1323 5726 1384 5780 τὸ
1413 5729 1600 5796 σχῆμα
1630 5724 1729 5794 τῆς
1757 5723 1958 5789 λέξεως

374 5823 552 5879 πείθει
582 5823 644 5878 τὸ
671 5822 916 5877 ὲνούσιον
945 5821 1138 5886 οὐσίας
1173 5821 1338 5892 μέρος
1367 5814 1528 5880 εἶναι,
1551 5817 1674 5870 ἐπεὶ
1703 5816 1796 5869 καὶ
1820 5813 1959 5867 ἐντό-

372 5916 502 5974 πιόν
544 5933 600 5974 τι
649 5920 868 5989 ε’ρηται
911 5910 1092 5984 εἶναι,
1147 5913 1258 5988 ἄρα
1299 5913 1466 5988 μέρος
1497 5907 1832 5968 εἶναιτόπου
1859 5908 1956 5965 καὶ

2065 4723 2228 4779 esse?
2250 4730 2308 4776 et
2333 4720 2482 4776 enim
2508 4720 2564 4773 in
2594 4728 2918 4773 caeterorum
2946 4713 3336 4776 subsistentia,
3384 4725 3495 4765 non
3541 4719 3658 4762 tan-

2065 4823 2183 4869 tum
2215 4812 2382 4868 unius
2417 4809 2675 4866 essentia:
2706 4817 2836 4862 sunt
2868 4814 3078 4876 partes,
3137 4815 3193 4858 ct
3235 4803 3402 4857 simul
3464 4815 3655 4854 essen-

2065 4907 2224 4963 tiales
2249 4914 2399 4961 sunt.
2444 4903 2694 4959 Plurium
2741 4900 2892 4955 enim
2929 4899 2985 4952 in
3046 4894 3408 4952 subsistentia
3465 4906 3657 4945 essen-

2066 5001 2290 5058 tiarum.
2323 5012 2452 5068 pars
2483 4993 2821 5055 essentialis,
2847 4989 3092 5046 essentia
3121 4987 3193 5040 sit
3223 4984 3450 5039 omnino
3475 4995 3657 5049 nequc

2064 5066 2463 5144 essmtiae—non
2510 5090 2724 5137 tantum
2780 5094 2910 5148 pars
2960 5089 3190 5130 necesse
3233 5081 3335 5128 est.
3369 5066 3659 5136 Quomodo

2067 5187 2254 5234 autem
2307 5174 2514 5238 dicitis,
2567 5188 2692 5228 cum
2749 5168 3019 5224 asscritur
3078 5162 3374 5218 cssentiale
3418 5159 3659 5226 aliquam

2061 5284 2188 5324 esse
2217 5274 2450 5339 partem,
2491 5273 2548 5318 et
2594 5259 2856 5316 essentia
2911 5255 3150 5323 alicujus
3203 5265 3442 5305 numero
3487 5247 3657 5302 unius

2063 5369 2278 5432 partem
2315 5372 2458 5421 esse,
2489 5354 2561 5408 ob
2597 5353 2703 5406 hoc
2735 5365 2857 5404 esse
2903 5344 3308 5406 necessarium,
3356 5349 3416 5394 ut
3456 5355 3652 5394 essen-

2066 5454 2194 5508 tiale
2243 5447 2572 5518 simpliciter
2609 5441 2865 5500 dicatur?
2933 5439 3274 5500 Enimvero,
3334 5449 3459 5488 cum
3521 5445 3653 5500 pars

2064 5543 2258 5601 mundi
2282 5537 2540 5595 animalis
2584 5545 2642 5590 et
2673 5530 2990 5588 essettialis
3044 5529 3212 5581 homo
3247 5540 3369 5580 esse
3425 5522 3653 5586 dicitur,

2061 5635 2171 5705 jam
2199 5646 2325 5702 pars
2353 5628 2589 5695 alicujus
2615 5625 2814 5679 anima:
2848 5619 3022 5691 magis
3055 5615 3386 5672 universalis
3434 5620 3659 5681 reputa-

2065 5703 2364 5790 bitur;et,
2401 5734 2526 5774 cum
2561 5732 2690 5786 pars
2738 5715 2938 5785 plantae
2994 5713 3067 5765 sit
3131 5707 3270 5763 ﬁcus
3319 5703 3654 5766 essentialis,

2064 5813 2323 5872 essentia:
2364 5807 2695 5880 simpliciter
2751 5805 2918 5860 unius
2965 5801 3168 5872 planta:
3209 5797 3319 5852 erit
3369 5809 3518 5866 pars.
3557 5791 3655 5847 Sin

2065 5916 2254 5967 autem
2272 5901 2532 5964 vocabuli
2565 5899 2793 5958 habitus
2835 5896 3048 5954 indicat
3093 5888 3390 5952 cssentiale
3431 5890 3648 5958 partem
