4116 6448
510 439 646 502 1539

1755 444 2069 505 LEONTII
2107 445 2515 509 BYZANTINI

3647 443 3666 499 l
3677 441 3780 501 540

502 564 628 604 esse
679 550 952 614 essentiae,
1014 566 1140 605 cum
1191 549 1402 620 aliquid
1453 551 1629 606 locale
1691 566 1813 606 esse
1866 551 2092 616 dicitur,

2210 553 2316 607 τόδε
2338 555 2748 624 λογισθήσεται’
2786 553 2882 608 καὶ
2901 553 3024 606 ἐπεὶ
3047 551 3292 622 ἐνύδρων
3313 548 3531 617 λέγεταί
3551 567 3601 602 τι
3623 551 3778 617 ζῶον,

505 655 636 710 pars
661 658 794 711 ergo
828 642 934 696 loci
957 657 1078 696 esse
1097 643 1204 697 hoc
1226 643 1670 709 existimabitur;
1697 653 1904 699 etcum
1928 659 2092 714 aqua-

509 731 679 785 ticum
711 732 915 787 dicitur
939 732 1166 804 aliquod
1195 734 1423 798 animal,
1477 749 1611 804 ergo
1652 748 1780 803 pars
1800 733 1909 788 erit
1936 748 2094 802 aquae

510 821 616 876 hoc
653 823 880 880 animal.

1178 939 1333 994 CAP.
1362 940 1427 994 ν.

581 1028 638 1083 Si
663 1044 732 1083 ex
772 1037 929 1099 parte
953 1029 1206 1100 ejusdem
1231 1031 1489 1086 essentia:
1521 1041 1607 1087 est
1632 1046 1695 1086 ac
1728 1032 1911 1098 Pater,
1934 1040 1993 1087 et
2027 1048 2096 1087 ex

509 1129 664 1192 parte
677 1121 1192 1192 ejusdemessentize
1210 1139 1274 1178 ac
1297 1124 1490 1190 David,
1512 1125 1872 1181 subsistentia
1893 1140 2096 1179 secun-

510 1213 642 1268 dum
669 1229 768 1268 vos
794 1215 1004 1270 indicat
1020 1215 1121 1270 has
1143 1227 1352 1286 partes,
1373 1233 1620 1288 perquas
1641 1219 1791 1273 Patri
1825 1233 1889 1272 ac
1902 1215 2097 1271 Davidi

509 1315 594 1361 est
623 1308 863 1361 essentia
883 1309 1102 1376 similis,
1131 1310 1279 1364 Deus
1295 1319 1450 1364 estet
1477 1312 1664 1375 homo,
1685 1328 1754 1366 an
1769 1311 1920 1365 aliud
1938 1309 2100 1380 quid?

513 1399 571 1454 Si
586 1416 716 1454 vero
733 1401 882 1454 aliud
906 1401 1062 1471 quid,
1100 1401 1189 1456 dic
1205 1402 1336 1472 quid
1361 1405 1453 1458 sit.
1478 1403 1533 1457 Si
1556 1404 1702 1457 Deus
1733 1411 1816 1458 est
1833 1411 1888 1457 et
1905 1403 2090 1468 homo,

515 1508 629 1546 non
665 1493 775 1546 erit
799 1494 964 1548 homo
998 1495 1208 1548 habens
1256 1496 1536 1565 propriam
1569 1496 1984 1551 subsistentiam
2015 1511 2104 1551 se-

517 1581 764 1636 cundum
802 1583 995 1649 David,
1022 1584 1111 1638 cui
1143 1586 1383 1639 essentia
1413 1585 1610 1640 similis
1644 1594 1748 1652 est;
1773 1587 1914 1640 sicut
1955 1587 2103 1641 Deus

523 1675 760 1729 Verbum
798 1677 962 1730 habet
1001 1679 1282 1748 prepriam
1309 1679 1728 1734 subsistentiam
1783 1679 2094 1734 secundum

520 1767 764 1834 Patrem,
799 1771 887 1824 cui
923 1772 1167 1825 essentia
1198 1772 1397 1826 similis
1423 1783 1529 1828 est.
1555 1773 2100 1827 lnsubsislensenlm

521 1861 848 1916 subsistenti
881 1863 1073 1917 eadem
1115 1863 1357 1918 essentia
1407 1864 1588 1919 simile
1621 1880 1906 1933 nunquam
1935 1864 2104 1932 ,dice-

519 1958 634 2004 tur.
660 1950 715 2006 Si
748 1951 918 2023 igitur
951 1969 1058 2007 una
1094 1953 1455 2009 subsistentia
1487 1956 1675 2010 sitDei
1704 1956 1896 2020 Verbi,
1927 1965 1984 2010 et
2009 1955 2103 2009 illa

521 2043 766 2112 perfecta
813 2055 870 2099 et
917 2045 1160 2102 essentia
1219 2048 1415 2102 similis
1467 2048 1636 2111 Patri,
1702 2048 1863 2102 homo
1906 2049 2002 2117 qui
2038 2064 2106 2102 ex

517 2135 683 2190 nobis
730 2146 845 2202 est,
894 2148 990 2192 aut
1023 2139 1391 2195 insubsistcns
1430 2140 1540 2194 erit
1593 2149 1648 2194 et
1681 2140 1735 2194 in
1784 2157 1938 2194 mero
1999 2156 2102 2193 vo-

516 2225 725 2280 cabulo
781 2226 991 2294 dictus,
1050 2238 1146 2282 aut
1196 2230 1527 2294 subsistens,
1549 2239 1604 2285 et
1633 2231 1712 2286 sic
1737 2232 1948 2286 habens
1977 2246 2103 2300 per-

518 2317 724 2373 fectam
755 2321 1200 2389 subsislentiam,
1238 2325 1421 2394 quoad
1455 2327 1621 2380 homo
1643 2338 1748 2380 est.
1778 2326 1875 2382 Sin
1919 2337 2102 2381 autem
2146 2332 2153 2339 '

521 2409 917 2476 insubsistens,
979 2415 1323 2483 superﬂuum
1365 2426 1450 2472 est
1512 2417 1749 2472 similem
1777 2433 1900 2472 esse
1949 2418 2103 2470 illiilli

518 2505 762 2557 essentia
800 2505 1024 2571 Davidi;
1056 2507 1194 2562 nihil
1227 2509 1375 2562 enim
1441 2510 1858 2565 insubsistentis
1916 2510 2103 2565 subsi-

521 2596 690 2648 stenti
723 2607 906 2665 pozest
933 2614 1057 2654 esse
1122 2601 1303 2655 simile
1357 2603 1620 2656 essentia.
1659 2603 1712 2657 Si
1761 2618 1896 2658 vero
1924 2602 2106 2657 subsi-

521 2696 694 2751 stens,
723 2688 878 2757 juste
911 2690 1150 2744 essentia
1183 2692 1379 2746 similis
1408 2693 1626 2748 dicetur
1686 2694 1877 2747 Davidi
1905 2711 1919 2760 ;
1979 2710 2104 2747 nam

520 2777 749 2831 omnino
771 2776 975 2833 dicitur
1014 2781 1369 2835 subsistentia
1395 2783 1766 2838 subsistentia:
1793 2784 1989 2838 similis
2018 2801 2107 2839 es-

524 2871 700 2925 sentia
727 2889 740 2935 ;
770 2880 826 2926 ct
852 2873 1029 2927 abibit
1088 2875 1248 2929 vobis
1291 2877 1575 2946 scphisma
1633 2894 1744 2947 quo
1794 2878 1935 2933 duas
1976 2879 2109 2933 sub-

520 2961 811 3018 sistentias
844 2964 1031 3035 dicere
1072 2968 1508 3033 nolentes,duas
1535 2977 1762 3025 naturas
1813 2971 1909 3024 Dei
1937 2971 2105 3025 Verbi

521 3061 573 3108 et
609 3053 850 3109 hominis
876 3072 943 3110 ex
975 3059 1136 3112 nobis
1159 3059 1386 3114 oriundi
1435 3060 1640 3116 dicitis.

594 3147 819 3210 Verum,
849 3165 882 3204 ο
907 3151 1240 3218 adversarii,
1271 3153 1316 3207 si
1341 3153 1509 3208 detur
1552 3156 1721 3210 semel
1749 3155 1908 3210 istam
1935 3171 2100 3210 unam

2195 644 2304 717 ἄρα
2334 647 2430 700 καὶ
2463 647 2632 719 μέρος
2658 646 2813 700 ἔσται
2840 645 2902 698 τὸ
2923 643 3063 708 ζῶον
3090 643 3304 706 ὓδατος.

2797 935 3050 988 ΚΕΦΑΛ.
3103 933 3181 987 Ε’.

2267 1029 2332 1083 Εἰ
2363 1030 2427 1083 ὲκ
2456 1029 2657 1100 μέρους
2687 1027 2977 1098 ὁμοοὺσιος
3010 1026 3089 1097 τῷ
3144 1026 3342 1095 Πατρί,
3371 1025 3465 1080 καὶ
3487 1027 3553 1080 ἐκ
3584 1026 3783 1097 μέρους

2195 1123 2480 1196 ὁμοοὺσιος
2501 1121 2579 1194 τῷ
2609 1122 2790 1186 Δαϐὶδ,
2818 1122 2852 1192 ἡ
2890 1121 3020 1191 παρ’
3046 1119 3175 1189 ὑμῖν
3203 1121 3527 1184 ὑπόστασις,
3561 1120 3686 1173 εἰπὲ
3713 1120 3788 1172 τὰ

2201 1216 2340 1288 μέρη
2393 1215 2588 1280 ταῦτα,
2628 1214 2748 1267 καθ’
2785 1212 2821 1267 θ.
2873 1215 2969 1267 καὶ
3018 1211 3097 1283 τῷ
3131 1213 3304 1282 Πατρί
3361 1212 3456 1265 καὶ
3501 1211 3580 1282 τῷ
3617 1212 3784 1264 Δαϐἱδ

2199 1307 2348 1362 ἐστιν
2373 1306 2636 1375 όμοοὺσια
2655 1323 2670 1338 ο
2689 1306 2820 1370 Osi;
2836 1308 2952 1358 ἐστι
2971 1306 3064 1358 καὶ
3091 1305 3400 1376 ἅνθρωπος,
3429 1305 3461 1374 ἦ
3487 1304 3673 1374 ἕτερόν
3698 1321 3785 1369 τι;

2210 1401 2351 1456 Ἀλλ’
2378 1403 2425 1454 εἰ
2459 1405 2556 1472 μὲν
2589 1401 2779 1472 ἕτερόν
2800 1418 2874 1462 τι,
2911 1400 3033 1452 εἰπὲ
3063 1399 3116 1452 τί
3141 1399 3332 1453 τοῦτο·
3370 1399 3418 1452 εἰ
3445 1399 3500 1451 δὲ
3541 1399 3674 1461 Θεδς
3692 1401 3789 1452 καὶ

2199 1496 2506 1566 ἄνθρωπος,
2532 1495 2632 1547 οὐκ
2671 1494 2822 1547 ἔσται
2864 1495 2892 1547 6
2922 1493 3214 1562 ἄνθρωπος
3248 1492 3391 1562 ἔχων
3449 1491 3622 1560 ἰδικὴν
3655 1491 3789 1542 ὑπό-

2203 1604 2392 1641 στασιν
2427 1586 2577 1658 παρᾶ
2610 1585 2700 1638 τὸν
2730 1584 2915 1644 Δαϐὶδ,
2962 1576 3006 1649 ᾧ
3050 1583 3201 1634 ἐστιν
3232 1581 3542 1652 ὀμοοὺσιος.
3573 1581 3792 1649 Ὠσπερ

2202 1683 2295 1735 καὶ
2333 1680 2518 1742 όΘεδς
2540 1679 2711 1746 Λόγος
2741 1662 2855 1748 ἔχει
2911 1676 3086 1746 ἰδικὴν
3133 1675 3433 1728 ὑπόστασιν
3490 1675 3644 1746 παρὰ
3697 1674 3794 1725 τὸν

2205 1771 2446 1841 Πατέρα,
2539 1772 2686 1824 ἐστιν
2709 1769 3026 1840 ὁμ.οοὺσιος”
3067 1768 3128 1822 τὸ
3160 1769 3270 1839 γὰρ
3311 1768 3685 1822 ἀνυπόστατον
3714 1767 3795 1838 τῷ

2205 1863 2556 1933 ὲνυποστάτῳ
2585 1861 2869 1933 όμοοὺσιόν
2904 1879 3037 1916 ποτε
3077 1862 3177 1915 οὑκ
3212 1860 3278 1915 ἂν
3307 1860 3550 1932 λεχθείη.
3586 1862 3651 1913 Εἰ
3676 1862 3792 1913 τοὶ-

2209 1974 2301 2010 νυν
2334 1959 2432 2026 μία
2465 1957 2768 2020 ὑπόστασις
2792 1955 2887 2008 τοῦ
2917 1955 3053 2010 Θεοῦ
3083 1955 3283 2025 Λόγου,
3317 1956 3412 2010 καὶ
3439 1953 3578 2025 αῦτη
3609 1955 3794 2007 τελεία

2208 2049 2301 2102 καὶ
2326 2049 2614 2118 όμοοὺσιος
2660 2046 2740 2118 τῷ
2787 2047 2982 2117 Πατρὶ,
3016 2049 3044 2100 6
3098 2046 3157 2112 ἐξ
3186 2045 3342 2118 ήμῶν
3395 2045 3702 2117 ἄνθρωπος,
3758 2043 3794 2113 ἢ

2208 2139 2580 2202 ἀνυπόστατός
2611 2138 2730 2190 ἐστι
2773 2137 2868 2190 καὶ
2901 2136 3064 2208 μέχρι
3096 2135 3260 2206 ψιλῆς
3290 2137 3390 2206 τῆς
3420 2135 3607 2206 φωνῆς
3639 2134 3790 2200 λεγό·

2211 2249 2392 2301 μενος,
2425 2233 2457 2303 ἢ
2492 2231 2876 2297 ὲνυπόστατος,
2903 2231 3000 2284 καὶ
3027 2231 3191 2294 αὐτὸς
3218 2230 3434 2284 τελείαν
3491 2229 3632 2299 ἔχων
3691 2227 3795 2299 τὴν

2208 2323 2529 2384 ὑπόστασιν.
2565 2323 2702 2376 καθὸ
2738 2322 3044 2394 ἄνθρωπος.
3072 2321 3214 2376 Ἀλλ’
3245 2324 3295 2374 εἰ
3346 2321 3446 2390 μὲν
3477 2321 3796 2374 Mandata—-

2206 2432 2316 2480 τος,
2353 2414 2605 2486 περιττὸν
2641 2415 2702 2467 τὸ
2733 2413 3019 2484 όμοοὺσιον
3054 2414 3216 2467 αὑτὸν
3270 2410 3412 2466 εἶναι
3467 2413 3545 2483 τῷ
3591 2412 3757 2465 Aeeta
3780 2428 3794 2440 η

2207 2507 2361 2559 οὐδὲν
2434 2505 2545 2576 γὰρ
2609 2506 2983 2559 ἀνυπόστατον
3047 2506 3398 2576 ὲνυποστάτῳ
3451 2503 3800 2574 καθέστηκεν

2206 2595 2512 2666 ὁμοοὺσιον.
2544 2597 2606 2648 Εἰ
2631 2595 2688 2648 δὲ
2715 2597 3103 2662 ὲνυπόστατος,
3125 2596 3352 2657 δικαίως
3389 2595 3489 2666 μὲν
3510 2595 3798 2665 ὁμοοὺσιος

2206 2687 2536 2758 λεχθήσεται
2566 2686 2644 2757 τῷ
2678 2686 2842 2739 Δαὸἰδ
2861 2702 2874 2714 ·
2904 2685 3134 2740 καθόλου
3188 2687 3297 2754 γὰρ
3325 2685 3626 2746 ὑπόστασις
3657 2685 3794 2736 uno»

2211 2781 2400 2832 στάσει
2459 2779 2677 2847 λέγεται
2734 2778 3048 2847 όμοοὺσιος·
3106 2778 3388 2847 οἰχήσεται
3416 2776 3472 2828 δὲ
3527 2775 3682 2845 ὑμῶν
3737 2793 3799 2825 το

2210 2874 2456 2942 σόφισμα
2516 2873 2576 2924 τὸ
2609 2873 2683 2941 μὴ
2715 2870 2896 2939 λέγειν
2939 2870 3033 2924 δύο
3075 2870 3406 2931 ὑποστάσεις
3454 2868 3798 2938 βουλομένων

2207 2969 2306 3030 τὰς
2334 2967 2430 3020 δύο
2468 2966 2657 3036 φύσεις
2685 2965 2780 3018 τοῦ
2809 2983 2868 3018 τε
2898 2964 3036 3019 Θεοῦ
3061 2964 3238 3033 Λόγου
3289 2963 3385 3017 καὶ
3413 2961 3505 3015 τοῦ
3547 2961 3607 3025 ἐξ
3637 2960 3797 3031 ἡμῶν

2208 3057 2500 3128 ἀνθρώπου
2533 3058 2732 3126 λέγειν.

2295 3150 2456 3215 Ἀλλ’,
2489 3144 2533 3203 ὧ
2567 3143 2737 3216 οὗτοι,
2772 3149 2973 3220 εἰδοοῇ
3004 3148 3152 3214 ἅπαξ
3179 3147 3319 3217 αὕτη
3344 3149 3376 3217 ἠ
3405 3147 3506 3216 μία
3557 3145 3802 3198 ὑπόστα-

521 3241 939 3298 subsistentiam
975 3247 1190 3300 naturis
1217 3247 1421 3315 quibus
1442 3257 1660 3303 constat
1701 3250 1872 3303 Deum
1901 3259 1958 3304 et
1989 3249 2095 3303 ho-

2210 3261 2294 3306 σις
2318 3245 2440 3307 ταῖς
2473 3243 2701 3312 φύσεσιν
2721 3243 2890 3313 αὑτῆς
2911 3243 3042 3305 Θεὸς
3069 3242 3163 3294 καὶ
3197 3240 3484 3310 ἄνθρωπος
3513 3236 3654 3292 εἶναι
3675 3239 3800 3292 καθ’

525 3332 726 3388 minem
791 3351 914 3390 esse
971 3339 1280 3393 secundum
1337 3355 1458 3406 nos,
1516 3343 1796 3410 quomodo
1839 3342 1946 3396 erit
2010 3358 2110 3411 per

525 3425 699 3494 ipsam
729 3437 982 3483 naturam
1014 3431 1180 3485 homo
1215 3433 1425 3488 habens
1465 3436 1746 3504 propriam
1796 3435 2112 3490 subsisten-

527 3517 680 3584 tiam,
731 3529 828 3574 aut
871 3521 1052 3576 Deus?
1084 3523 1201 3577 Non
1257 3525 1405 3578 enim
1431 3526 1596 3581 datus
1650 3536 1734 3581 est
1789 3527 1953 3582 nobis
2005 3527 2111 3582 iste

526 3607 694 3661 homo
715 3611 809 3678 qui
841 3625 950 3664 non
984 3621 1132 3666 esset
1181 3615 1344 3680 Deus,
1375 3631 1557 3686 neque
1607 3634 1841 3686 usquam
1881 3618 2108 3684 dicitur,

530 3699 607 3751 ita
640 3707 700 3752 ut
735 3699 976 3756 hominis
1011 3713 1067 3757 et
1098 3705 1189 3758 Dei
1234 3707 1593 3762 subsistentia
1643 3717 1942 3777 quaeratur.
1970 3710 2112 3764 Ecce

527 3789 674 3842 enim
735 3807 834 3845 vos
893 3793 1132 3860 dixistis,
1187 3806 1449 3868 tanquam
1501 3807 1689 3869 partes
1731 3799 1843 3853 sint
1880 3800 2112 3871 hujusce

527 3881 924 3950 subsistentia,
961 3886 1242 3943 hominem
1277 3906 1378 3944 nos
1404 3891 1595 3945 dicere
1637 3899 1693 3945 et
1734 3893 1928 3946 Deum.
1979 3894 2111 3947 Pars

526 3980 713 4026 autem
765 3974 901 4028 nihil
960 3987 1046 4031 est
1112 3981 1336 4049 proprie
1388 3981 1780 4042 subsistentis:
1830 3983 2111 4052 quomodo

527 4077 659 4132 ergo
680 4067 885 4132 putatis
910 4084 1010 4122 nos
1040 4085 1108 4123 ex
1143 4073 1347 4126 nostris
1395 4074 1696 4142 propositis
1750 4076 2111 4142 ratiocinari?

528 4154 786 4212 Dicentes
835 4159 982 4212 enim
1051 4178 1153 4216 nos
1213 4179 1463 4218 asserere
1541 4175 1723 4234 partes
1774 4182 1895 4222 esse
1946 4169 2111 4238 hujus

527 4246 898 4303 subsistentia
923 4250 1267 4306 divinitatem
1299 4262 1354 4306 et
1381 4254 1800 4323 humanitatem,
1829 4260 2108 4328 quomodo

526 4353 937 4409 consequenter
963 4343 1206 4412 adjicitis
1231 4347 1511 4414 pmpriam
1554 4348 1754 4403 habeat
1789 4351 2109 4407 subsisten-

528 4429 659 4483 tiam
705 4448 831 4500 pars
875 4449 1104 4488 necesse
1138 4449 1281 4498 esse,
1315 4435 1368 4488 id
1415 4445 1500 4492 est
1544 4438 1903 4496 humanitas?
1946 4443 2110 4496 Nullo

526 4523 691 4575 modo
721 4524 866 4577 enim
902 4541 1031 4592 pars
1065 4525 1119 4578 in
1163 4541 1259 4579 sua
1291 4529 1512 4597 propria
1548 4531 1644 4585 sed
1679 4533 1732 4585 in
1780 4534 1949 4587 totius
1973 4535 2107 4588 suh-

2217 3338 2386 3408 ὴμᾶς,
2425 3336 2544 3399 πῶς
2581 3336 2734 3390 ἔσται
2767 3339 2796 3389 6
2821 3335 2943 3389 κατ’
2974 3336 3144 3404 αὑτὴν
3193 3333 3481 3405 ἄνθρωπος
3504 3334 3604 3405 τὴν
3635 3333 3802 3402 φύσιν

2214 3426 2356 3496 ἔχων
2395 3427 2530 3479 ἰδίαν
2562 3427 2886 3490 ὑπόστασιν,
2933 3425 2964 3496 ἦ
3013 3428 3042 3479 6
3086 3425 3260 3488 Θεός;
3297 3426 3373 3478 Οὐ
3408 3425 3540 3494 γὰρ,
3572 3425 3632 3477 οὑ
3665 3425 3802 3488 Θεὲς

2212 3518 2291 3570 ὢν
2331 3512 2487 3581 οὗτος
2516 3520 2543 3570 6
2583 3517 2870 3586 ἄνθρωπος
2899 3517 3106 3569 δέδοται
3138 3518 3289 3587 ἡμῖν,
3335 3515 3368 3585 ἢ
3413 3516 3648 3590 λέγεται
3683 3515 3799 3568 πὼ-

2214 3627 2368 3674 ποτε,
2402 3611 2488 3663 ἵνα
2521 3611 2616 3662 καὶ
2645 3609 2935 3680 ἀνθρώπου
2961 3609 3263 3672 ὑπόστασις
3313 3612 3408 3662 καὶ
3447 3609 3586 3662 Θεοῦ
3625 3608 3796 3680 ζητῆ-

2210 3720 2322 3756 ται.
2367 3703 2497 3755 Ἰδοὺ
2524 3703 2632 3772 γὰρ
2675 3705 2766 3755 καὶ
2794 3702 2954 3771 ὑμεῖς
3003 3701 3194 3770 ἕφητε,
3224 3702 3300 3765 ὡς
3333 3701 3414 3754 Τὰ
3464 3701 3604 3772 μέρη
3630 3703 3797 3763 τῆσδε

2209 3793 2311 3862 τῆς
2337 3793 2708 3855 ὑποστάσεως,
2739 3791 3027 3862 ἄνθρωπόν
3058 3809 3239 3861 φαμεν
3293 3792 3389 3844 καὶ
3423 3791 3591 3844 Θεόν·
3631 3792 3800 3862 μέρος

2210 3886 2265 3939 δὲ
2288 3885 2442 3938 οὐδέν
2475 3889 2620 3937 ἐστιν
2653 3885 3082 3938 ἰδιοῡπόστατον.
3113 3884 3234 3947 Πῶς
3257 3881 3352 3938 οὖν
3382 3884 3588 3937 δοκεῖτε
3615 3887 3805 3937 ἐκτῶν

2211 3977 2498 4048 ἡμετέρων
2523 3977 2675 4047 ἡμᾶς
2735 3977 3147 4044 συλλογίζεσθαι
3192 3977 3532 4046 λημμάτωνς
3571 3977 3805 4046 Εἰρηκό-

2209 4088 2301 4132 τες
2323 4069 2430 4139 γάρ
2469 4070 2606 4140 μέρη
2638 4069 2801 4137 τῆσδε
2831 4070 2930 4140 τῆς
2958 4069 3309 4131 ὑποστάσεως
3327 4068 3560 4138 θεότητα
3580 4069 3674 4121 καὶ
3707 4070 3806 4120 ἀν·-

2214 4162 2544 4233 θρωπότητα
2585 4161 2768 4230 λέγειν
2810 4163 2981 4231 ἡμᾶς,
3031 4160 3152 4223 πῶς
3196 4160 3505 4223 ἀκολούθως
3535 4161 3798 4228 ὲπάγετε.

2210 4253 2271 4305 τὸ
2308 4253 2445 4305 ἰδίαν
2475 4252 2622 4322 ἔχειν
2663 4253 2772 4305 δεῖν
2806 4252 3105 4305 ὑπόστασιν
3151 4251 3212 4304 τὸ
3251 4251 3440 4322 μέρος,
3497 4253 3668 4322 ἤγουν
3699 4253 3801 4319 τὴν

2211 4339 2640 4410 ἀνθρωπότητα;
2691 4339 2844 4392 οὐδὲν
2872 4344 2980 4409 γὰρ
3010 4339 3175 4410 μέρος
3221 4342 3278 4392 ὲν
3337 4341 3463 4412 ἰδίᾳ,
3495 4341 3612 4395 ἀλλ’
3642 4344 3703 4394 ὲν
3734 4345 3802 4412 τῇ

2210 4432 2304 4484 τοῦ
2356 4432 2482 4484 ὅλου
2520 4431 2837 4497 ὑποστάσει,
2901 4431 3213 4502 θεωρεῖται.
3250 4431 3370 4484 Ἵνα
3403 4431 3461 4484 δὲ
3500 4432 3806 4486 καὶταῦτα

2212 4525 2344 4592 ὑμῖν
2396 4523 2573 4595 ἀφεθῇ
2627 4524 2832 4583 πάντα.
2868 4525 2916 4577 εἰ
2965 4525 3060 4577 καὶ
3090 4525 3303 4595 ἀνάγκη
3333 4525 3456 4579 τινὰ
3500 4525 3806 4579 ὑπόστασιν
3859 4517 3862 4522 ’

525 4613 777 4667 sistentia
831 4615 1252 4682 consideratur;
1323 4621 1396 4673 ita
1443 4631 1502 4674 ut
1546 4622 1662 4676 hage
1702 4625 1889 4677 omnia
1948 4625 2106 4678 vobis

2215 4613 2351 4669 εἶναι
2380 4617 2481 4686 τήν
2513 4633 2572 4668 τε
2607 4615 2686 4685 τῷ
2731 4614 2896 4669 Δαὸὶδ
2929 4615 3217 4686 όμοοὺσιον
3257 4617 3583 4689 λεγομένην,
3618 4619 3718 4688 τήν
3744 4635 3806 4670 τε

525 4704 929 4765 concedantur.
1009 4708 1116 4760 etsi
1166 4725 1393 4766 necesse
1458 4712 1528 4768 sit
1594 4713 1835 4782 aliquam
1920 4716 2102 4769 subsi-

527 4797 784 4850 stentiam
829 4813 951 4852 esse
1011 4799 1204 4855 Davidi
1260 4805 1499 4858 essentia
1565 4807 1805 4859 sin'iilem
1852 4808 2100 4870 dictam,

525 4898 583 4943 et
614 4889 761 4943 Patri
796 4890 1122 4946 subsistenti
1167 4894 1335 4948 etiam
1369 4896 1611 4950 essentia
1654 4897 1923 4961 similem,
1963 4914 2107 4967 quo-

528 4981 692 5034 modo
730 4983 918 5051 plures
977 4999 1098 5039 esse
1154 4987 1548 5042 subsistentias
1621 4988 1676 5040 in
1723 4987 1949 5043 Christo
1981 4989 2108 5043 inde

528 5072 1030 5128 dicendum?Eece
1068 5077 1216 5129 enim
1243 5077 1297 5129 in
1333 5092 1443 5130 uno
1485 5087 1542 5130 et
1571 5078 1768 5131 eodem
1811 5089 1928 5133 toto
1965 5079 2109 5134 hanc

527 5167 858 5220 sententiam
885 5167 1232 5222 intermediae
1268 5169 1511 5223 divinam
1540 5170 1686 5224 inter
1711 5180 1766 5226 et
1812 5172 2110 5228 humanam

530 5269 785 5312 naturam
842 5260 1224 5315 subsistentia:
1259 5261 1487 5326 Christi,
1555 5264 1818 5333 utrinque
1851 5265 2111 5320 identita-

531 5358 642 5403 tem
671 5351 927 5405 essentia:
959 5351 1254 5406 sumentis.
1289 5352 1408 5407 Non
1461 5355 1641 5408 solum
1698 5366 1883 5410 autem
1932 5358 2104 5422 istud,

530 5443 627 5496 sed
688 5443 946 5497 essentia:
991 5443 1371 5500 diversitatem
1435 5447 1617 5517 quoad
1654 5457 1946 5520 utramque
1991 5454 2112 5522 ejus

530 5535 774 5605 speciem
796 5535 984 5590 videre
1008 5543 1094 5590 est
1137 5539 1439 5594 secundum
1477 5541 1799 5596 alterutram
1837 5545 2110 5599 rationem

531 5643 655 5697 quae
682 5637 766 5682 est
796 5629 848 5682 in
877 5629 968 5684 illa
990 5639 1046 5685 et
1074 5631 1452 5687 diversitatem
1479 5633 1624 5686 illius
1653 5637 1927 5701 essentne,
1963 5637 2109 5707 quod

535 5716 604 5770 ad
635 5718 821 5771 omnia
847 5721 916 5772 ad
951 5720 1098 5773 illam
1135 5722 1472 5790 pertinentia
1499 5739 1607 5776 una
1648 5734 1705 5779 et
1757 5727 1948 5780 eadem
1997 5739 2112 5782 tota

536 5807 782 5874 ejusdem
823 5809 1197 5866 subsistentia:
1245 5813 1459 5867 ratione
1495 5813 1673 5868 videri
1742 5827 1941 5884 potest.
1991 5818 2112 5872 Non

540 5905 626 5951 est
652 5898 801 5953 enim
839 5902 1237 5971 necessarium,
1271 5912 1333 5958 ut
1364 5904 1552 5973 vultis,
1589 5904 1772 5962 dicere
1806 5909 2110 5965 Secundum

2211 4709 2289 4778 τῷ
2321 4709 2493 4777 Πατρὶ
2522 4709 2601 4780 τῷ
2635 4708 2986 4776 ὲνυποστάτῳ
3015 4709 3302 4779 όμοοὺσιον
3337 4706 3524 4776 οὖσαν,
3581 4710 3805 4774 πλείους

2215 4800 2543 4863 ὑποστάσεις
2573 4803 2630 4853 ὲν
2665 4801 2888 4872 Χριστῷ
2917 4800 3034 4864 πῶς
3087 4802 3310 4855 λεκτέον
3340 4803 3628 4868 ὲντεῦθεν;
3669 4803 3804 4856 Ἰδοὺ

2215 4893 2326 4962 γὰρ
2360 4894 2418 4944 ὲν
2448 4893 2530 4944 ὲνὶ
2558 4893 2653 4945 καὶ
2686 4892 2766 4964 τῷ
2793 4891 2941 4963 αὑτῷ
2980 4892 3086 4962 ὅλῳ
3113 4892 3318 4963 ταύτην
3340 4893 3440 4962 τῆς
3487 4894 3809 4963 μεσιτευοὺο

2216 5003 2316 5056 aq;
2373 4987 2495 5058 θείᾳ
2559 4988 2656 5039 καὶ
2715 4987 3034 5059 ἀνθρωπεία
3093 4987 3255 5055 φύσει
3313 4987 3668 5048 ὑποστάσεως
3707 4987 3808 5040 τοῦ

2215 5079 2473 5150 Χριστοῦ,
2518 5078 2856 5148 ἑκατέρωθεν
2882 5077 2942 5132 τὸ
2969 5079 3258 5148 όμοοὺσιον
3283 5078 3452 5147 αὐτῆς
3475 5093 3488 5107 ·
3528 5077 3591 5129 οὑ
3643 5076 3808 5147 μόνον

2215 5170 2272 5222 δὲ
2289 5171 2466 5232 τοῦτο,
2497 5170 2632 5223 ἀλλὰ
2665 5173 2762 5222 καὶ
2792 5172 2854 5222 τὸ
2895 5170 3235 5240 ἐτεροοὺσιον
3285 5171 3421 5238 πρὸς
3468 5168 3538 5221 τὰ
3566 5164 3809 5240 ἑκάτερα

2217 5261 2331 5333 εἴδη
2360 5263 2530 5330 αὑτῆς
2547 5263 2679 5334 ὁρᾷν
2703 5263 2816 5316 ἔστι
2833 5263 2975 5315 κατὰ
3000 5263 3224 5332 θάτερον
3237 5262 3396 5328 λόγον
3422 5261 3513 5313 τὸν
3539 5262 3598 5313 ὲν
3621 5261 3762 5331 αὑτῇ
3789 5278 3804 5292 ·

2217 5357 2308 5407 καὶ
2338 5355 2399 5407 τὸ
2422 5356 2884 5426 ἑτεροῦπόστατον
2919 5355 2976 5408 δὲ
3009 5355 3202 5425 αὑτῆς,
3239 5355 3301 5406 τὸ
3331 5354 3469 5423 πρὸς
3503 5355 3685 5406 πάντα
3739 5353 3810 5406 τὰ

2218 5450 2351 5519 παρ’
2373 5449 2542 5518 αὑτὴν
2575 5447 2653 5518 τῷ
2692 5449 2771 5500 ἐνὶ
2794 5448 2890 5501 καὶ
2919 5447 2998 5518 τῷ
3025 5446 3176 5517 αὑτῷ
3212 5448 3320 5517 ὅλῳ
3349 5449 3448 5515 τῆς
3477 5445 3650 5515 αὑτῆς
3671 5446 3808 5500 ὑπο-

2219 5542 2462 5603 στάσεως
2488 5540 2632 5610 λόγῳ
2664 5541 2792 5593 ἰδεῖν
2821 5540 2957 5592 ἔστι.
2988 5541 3104 5593 Οὑκ
3151 5540 3367 5609 ἀνάγκη
3413 5540 3546 5608 γὰρ,
3608 5537 3805 5607 ὥσπερ

2222 5632 2499 5702 βούλεσθε,
2534 5633 2715 5701 λέγειν
2746 5633 2888 5686 κατὰ
2913 5634 3090 5686 πᾶσαν
3124 5631 3223 5701 τὴν
3251 5631 3388 5702 πρὸς
3436 5631 3632 5700 ἑτέραν
3668 5630 3810 5682 ὑπό-

2221 5743 2412 5780 στασιν
2445 5727 2712 5796 Sta-9095“:
2738 5725 2969 5796 οὑσιώδη
2999 5726 3145 5787 τινὸς
3178 5723 3566 5785 ὑποστάσεωςο
3602 5724 3698 5775 καὶ
3714 5722 3811 5774 ἄλο

2220 5818 2319 5888 λην
2351 5819 2645 5872 ὑπόστασιν
2671 5819 2878 5891 ἑκάστῃ
2915 5819 3023 5871 τῶν
3065 5816 3431 5888 διαφερόντων
3479 5814 3654 5882 αὑτῆς
3693 5816 3804 5864 εἰσ-

2225 5909 2451 5975 άγεσθαι
2481 5909 2698 5964 οὐσιῶν.
2725 5908 2959 5965 Δυνατὸν
2991 5908 3100 5975 γὰρ
3131 5909 3189 5962 ἓν
3209 5926 3261 5962 τι
3286 5907 3380 5962 καὶ
3407 5906 3468 5961 τὸ
3493 5905 3625 5960 αὑτὸ
3647 5921 3806 5971 φυσιιι
