4116 6444
351 457 483 524 1541

1301 459 1698 522 ADVERSUS
1736 459 2287 524 NESTORIANOS.
2321 489 2388 498 -
2416 465 2564 524 LIB.
2605 463 2687 522 II.

3475 457 3612 522 1552

351 573 447 625 κὸν
473 569 735 640 σύνθεμα,
767 568 903 640 πρὸς
922 568 1092 622 πολλὰ
1114 568 1258 639 ἔχειν
1287 570 1385 640 τήν
1406 588 1464 623 τε
1489 569 1720 640 οὐσιώδη
1749 569 1933 640 ὁμοιό-

2041 587 2256 627 omnem
2291 574 2360 627 ab
2390 575 2562 628 altera
2593 570 2957 628 subsistentia
3004 569 3378 625 dim-.rentiam
3419 586 3634 639 essen-_

359 679 500 733 τητα
526 663 621 714 καὶ
653 662 1020 730 ἀνομοιότητα
1039 679 1051 692 ·
1110 663 1478 733 ὑποστατικὴν
1522 662 1579 714 δὲ
1627 663 1725 732 τὴν
1755 665 1812 714 ἐν
1840 680 1934 730 μο-

352 756 470 811 νάδι
505 755 642 825 πρὸς
698 755 876 807 πάντα
935 755 1322 825 ἀνομοιότητα.
1358 757 1419 808 Et
1469 756 1579 825 γὰρ
1614 755 1736 809 καθ’
1789 755 1933 824 ὑμᾶς

351 850 568 911 πάντως
599 849 898 901 ὑπόστασιν
949 848 1030 901 δεῖ
1063 848 1480 918 παρατίθεσθαι,
1545 849 1673 919 μίαν
1728 847 1827 916 μὲν
1854 848 1933 918 τῷ

351 939 516 992 Δαὸὶδ
537 939 673 1009 πρὸς
699 939 758 991 τὸ
789 942 1024 1010 φανῆναι
1048 940 1146 1009 τὴν
1176 940 1469 1009 ἑτερότητα
1510 941 1611 1012 τὴν
1641 941 1778 1010 πρὸς
1837 942 1934 993 αὐ-

351 1033 441 1085 τὸν
465 1031 584 1085 κατ’
608 1031 796 1085 οὐσίαν
835 1031 929 1084 τοῦ
966 1031 1163 1099 Λόγου,
1202 1033 1298 1084 καὶ
1326 1033 1454 1102 μίαν
1484 1033 1562 1102 τῷ
1597 1034 1773 1105 Πατρὶ
1799 1033 1934 1103 πρὸς

352 1125 575 1191 ἔνδειξιν
600 1125 698 1193 τῆς
722 1123 1012 1188 οὐσιὼδους
1042 1125 1302 1196 διαφορᾶς
1335 1124 1505 1178 αὐτοῦ
1551 1126 1651 1195 τῆς
1678 1125 1814 1195 πρὸς
1844 1125 1934 1178 τὸν

352 1215 668 1286 ἄνθρωπον·
699 1217 792 1268 καὶ
831 1216 893 1268 οὐ
945 1217 1040 1286 μιᾷ
1076 1218 1170 1268 καὶ
1203 1218 1268 1286 τῇ
1296 1216 1431 1284 αὐτῇ
1490 1216 1784 1268 ὑποστάσει
1819 1215 1934 1268 ἐδτι

353 1308 451 1375 τὴν
478 1305 614 1377 πρὸς
641 1304 869 1376 Θάτερον
901 1307 1101 1377 ἑτέρως
1138 1307 1402 1376 διαφοράν
1425 1323 1483 1358 τε
1524 1306 1617 1359 καὶ
1645 1306 1936 1376 ὁμοιότητα

357 1398 572 1467 φύσεων
597 1399 706 1451 τῶν
731 1401 786 1451 ἐν
814 1399 951 1468 αὐτῇ
993 1398 1398 1452 ἐπιδείκνυσθαι
1425 1413 1439 1428 ο
1491 1396 1624 1468 ὥρα.
1655 1397 1798 1467 ὑμᾶς
1847 1396 1934 1449 λέ-

356 1508 474 1558 γειν
502 1492 596 1545 καὶ
623 1491 716 1544 τοῦ
744 1492 1078 1544 καθέκαστον
1115 1491 1403 1562 ἀνθρώπου
1443 1461 1645 1561 μυρίας
1673 1489 1805 1552 ὅσας
1835 1488 1932 1552 τὰς

359 1583 686 1647 ὑποστάσεις
715 1580 853 1637 εἶναι
872 1600 885 1616 ·
917 1582 1004 1636 ἴνα
1028 1583 1127 1654 τὴν
1149 1581 1413 1654 διαφοράν
1439 1581 1597 1652 τυχὸν
1615 1582 1713 1653 τῆς
1746 1582 1936 1643 οὐσίας

356 1674 700 1745 Σολομῶντος
737 1675 873 1746 πρός
911 1693 969 1728 τε
1001 1675 1151 1728 τόνδε
1175 1676 1264 1728 τὸν
1296 1674 1635 1746 ἐτεροούσιον
1673 1673 1822 1744 αὐτῷ
1854 1674 1938 1727 ἴπ-

357 1783 481 1831 πον,
503 1767 596 1819 καὶ
623 1767 771 1819 τόνδε
795 1766 887 1819 τὸν
904 1767 1082 1830 ἀετὸν,
1113 1768 1206 1820 καὶ
1243 1766 1392 1819 τόνδε
1424 1767 1516 1818 τὸν
1547 1764 1808 1829 κώνωπα,
1840 1765 1936 1817 καὶ

353 1856 504 1910 τόνδε
534 1857 625 1909 τὸν
649 1857 938 1926 ἐλέφαντα,
972 1859 1068 1911 καὶ
1098 1859 1198 1921 τὰς
1231 1858 1426 1921 λοιπάς
1474 1857 1662 1918 οὐσίας
1701 1857 1934 1926 καθεξῆς

2035 667 2220 719 tialem
2240 667 2474 736 alicujus
2503 665 2896 728 subsistentia;
2925 673 2982 718 et
3010 664 3172 716 aliam
3198 663 3613 718 subsistentiam

2033 755 2234 824 cuique
2263 754 2639 808 differentium
2691 754 2760 807 ab
2819 753 2936 822 ipsa
2968 751 3341 807 essentiarum
3381 751 3607 806 adduci.

2035 846 2304 901 Possibile
2335 847 2485 900 enim
2518 854 2604 901 est
2635 862 2806 900 unum
2861 854 2916 899 et
2954 845 3099 898 idem
3155 844 3408 898 naturale
3459 860 3614 898 com-

2034 936 2277 1006 positum
2311 936 2364 990 ἰιι
2390 935 2581 989 multis
2625 935 2831 989 habere
2885 934 3236 988 essentialcm
3284 933 3610 988 similitudi—

2035 1044 2162 1083 nem
2218 1037 2275 1084 et
2324 1029 2876 1093 dissimilitudinem;
2940 1021 3412 1082 subsistedtialem
3478 1042 3611 1080 vero

2034 1139 2156 1177 esse
2217 1122 2274 1176 in
2305 1121 2518 1175 unitate
2557 1119 2628 1173 ab
2675 1117 2935 1172 omnibus
2977 1116 3510 1171 dissimilitudinem.
3551 1115 3612 1171 Si

2034 1216 2182 1270 enim
2208 1215 2514 1269 secundum
2547 1227 2648 1266 nos
2671 1211 2898 1265 omnino
2947 1211 3362 1265 subsistentiam
3393 1216 3614 1278 oportet

2036 1307 2310 1370 conferre,
2325 1320 2488 1359 unam
2507 1303 2698 1358 Davidi
2722 1302 2790 1356 ad
2811 1301 3208 1356 ostendendam
3234 1300 3610 1354 diversitatem

2036 1399 2105 1454 ab
2158 1398 2250 1462 illo
2301 1396 2557 1453 essentia:
2587 1395 2774 1458 Verbi,
2830 1402 2886 1448 et
2921 1407 3084 1446 unam
3116 1390 3266 1444 Patri
3307 1390 3374 1444 ad
3425 1389 3613 1444 decla-

2037 1491 2266 1547 randam
2297 1488 2652 1544 essentialem
2689 1488 2809 1557 ejus
2831 1484 3206 1540 differentiam
3259 1482 3328 1536 ab
3372 1482 3613 1535 hominis

2034 1581 2299 1645 essentia,
2353 1595 2533 1649 neque
2591 1579 2760 1633 unius
2821 1585 2877 1631 et
2933 1577 3184 1646 ejusdem
3239 1573 3614 1629 subsistentia:

2035 1672 2331 1728 ostendere
2361 1680 2445 1728 est
2498 1671 2568 1726 ab
2598 1681 2724 1726 utro
2753 1678 2965 1723 natura:
2990 1667 3253 1721 diﬁcrant
3294 1682 3364 1720 an
3400 1665 3511 1719 utri
3538 1665 3615 1720 si-

2037 1761 2195 1814 miles
2222 1760 2353 1821 sint.
2407 1775 2632 1816 necesse
2680 1759 2840 1812 vobis
2869 1765 2955 1812 est
2985 1757 3171 1811 dicere
3220 1756 3466 1810 hominis
3499 1756 3614 1811 sin-

2037 1853 2263 1921 gulatim
2289 1854 2493 1922 sumpti
2525 1860 2660 1920 quot
2683 1849 2983 1924 milliaUSiut
3003 1847 3489 1902 subsistentiarum
3514 1864 3528 1899 :
3549 1856 3611 1901 ut

356 1951 730 2020 συστήσωμεν.
755 1951 866 2005 Καὶ
897 1951 996 2023 τὴν
1030 1951 1322 2021 ὁμοιότητα
1357 1950 1414 2002 δὲ
1449 1949 1622 2018 αὐτῆς
1666 1948 1764 2018 τὴν
1797 1949 1932 2020 πρὸς

2041 1945 2427 2008 differentiam,
2461 1943 2615 1998 verbi
2653 1942 2851 2012 gratia,
2877 1940 3130 1995 essentia:
3181 1939 3491 1994 Salomonis
3539 1938 3609 1992 ab

353 2041 445 2095 τὸν
475 2043 812 2096 καθέκαστον
835 2043 1124 2114 ἄνθρωπον
1160 2041 1269 2095 τῶν
1296 2042 1599 2112 όμοουσίων
1645 2041 1797 2112 αὐτῷ
1843 2058 1932 2095 νο-

359 2135 499 2204 μίζω
543 2134 839 2188 ἀκόλουθον
887 2130 1028 2187 εἶναι
1075 2134 1166 2187 διὰ
1226 2133 1530 2204 ἰσαρίθμων
1581 2132 1931 2186 ὑποστάσεων

355 2227 724 2296 εἰσπράττειν,
746 2226 1068 2297 Σολομῶντα
1089 2225 1363 2296 δηλῶσαι·
1405 2224 1500 2276 καὶ
1541 2223 1765 2277 τοσάσδε
1798 2223 1932 2276 ὐπο-

360 2316 577 2380 στάσεις
606 2317 664 2382 ἐξ
692 2317 941 2384 ἀνάγκης
964 2316 1131 2386 ἐχειν,
1162 2316 1286 2368 ὅσαι
1322 2315 1388 2369 ἂν
1416 2312 1595 2367 οὐσίαι
1629 2311 1844 2382 τύχοιεν
1874 2312 1931 2364 αἱ

357 2405 628 2475 ὀμοούσιοι
654 2407 825 2478 αὐτῷ,
858 2407 952 2459 καί¹
983 2404 1343 2476 άνομοιούσιοι
1373 2399 1556 2456 οὖσαι·
1603 2401 1691 2455 ἵνα
1738 2404 1804 2471 τῇ
1837 2418 1935 2453 πα-

360 2500 576 2570 ραθέσει
598 2500 837 2568 ἑκάστης
857 2499 1206 2561 ὑποστάσεως
1231 2496 1395 2550 αὐτοῦ
1428 2497 1564 2567 πρὸς
1593 2495 1773 2546 πᾶσαν
1804 2492 1937 2544 ὐπό-

357 2609 551 2646 στασιν
582 2590 746 2644 αὐτοῦ
772 2591 965 2661 ὁμοίαν
996 2608 1054 2642 τε
1081 2591 1178 2644 καὶ
1206 2589 1478 2658 ἀνόμοιον,
1504 2586 1794 2657 όμοούσιος
1814 2583 1934 2654 κρί-

357 2701 501 2737 νοιτο
529 2685 627 2737 καὶ
653 2681 1032 2753 ἁνομοιούσιος
1056 2678 1196 2734 εἶναι
1215 2680 1550 2734 καθέκαστον
1573 2694 1586 2707 ⁸
1615 2677 1709 2730 καὶ
1730 2674 1804 2746 μὴ
1836 2674 1937 2746 μιᾷ

357 2777 454 2829 καὶ
477 2777 541 2846 τῇ
567 2776 701 2845 αὐτῇ
722 2776 1019 2828 ὑποστάσει
1043 2775 1109 2828 ἐκ
1126 2771 1394 2842 διαφόρων
1413 2769 1611 2823 οὐσιῶν
1633 2768 1730 2821 καὶ
1758 2782 1934 2838 προσ-

358 2868 521 2921 ώπων
544 2866 849 2938 διορίζοιτο.

2038 2037 2143 2091 isto
2171 2036 2423 2092 dissimili
2451 2034 2690 2090 essentia
2730 2047 2897 2101 equo,
2929 2037 2986 2084 et
3009 2030 3111 2083 ista
3145 2029 3350 2099 aquila,
3401 2036 3458 2082 et
3497 2027 3604 2082 isto

2034 2129 2234 2190 culice,
2270 2136 2328 2182 et
2380 2128 2486 2181 isto
2535 2127 2852 2196 elephante,
2879 2134 2930 2180 et
2963 2123 3201 2192 reliquis
3230 2119 3606 2191 perordiuem

2034 2221 2292 2276 essentiis
2318 2218 2691 2282 conferamus,
2731 2215 3155 2271 similitudinem
3205 2214 3324 2283 ejus
3358 2210 3612 2265 essentia:

2034 2310 2236 2378 cuique
2289 2308 2605 2377 singulatim
2641 2305 2852 2359 homini
2880 2305 3080 2358 horum
3103 2304 3198 2372 qui
3221 2301 3474 2356 eamdem
3522 2315 3610 2354 es‘

2037 2397 2271 2452 sentiam
2305 2397 2514 2450 habent
2568 2406 2704 2465 puto
2735 2395 2876 2448 hanc
2914 2393 3370 2463 consequentiam
3420 2405 3612 2446 neces-

2036 2488 2183 2542 sario
2221 2486 2499 2540 adducere
2521 2500 2620 2554 per
2653 2483 3047 2538 subsistentias
3075 2497 3306 2536 numero
3346 2481 3608 2550 :equales,

2035 2586 2096 2631 ut
2128 2576 2389 2632 Salomon
2428 2573 2792 2638 ostendatur;
2817 2582 2873 2626 et
2906 2570 3376 2626 totsubsistentia:
3416 2587 3610 2628 neces-

2036 2669 2185 2725 sario
2210 2668 2540 2729 habeantur,
2568 2671 2703 2734 quot
2726 2661 2984 2716 essentia-
3029 2671 3334 2717 occurrunt
3383 2665 3458 2719 illi
3521 2680 3611 2720 es-

2038 2760 2214 2816 sentia
2261 2758 2470 2812 similes
2520 2763 2576 2808 et
2632 2751 2950 2816 absimiles;
3010 2749 3084 2802 ita
3141 2758 3199 2802 ut
3243 2747 3614 2822 comparando

2037 2863 2314 2921 quamque
2339 2847 2487 2899 illius
2512 2840 2932 2898 subsistentiam
2974 2852 3100 2892 cum
3131 2851 3282 2889 omni
3308 2835 3610 2890 subsisten-

360 2964 435 3019 tia
456 2962 625 3018 simili
648 2962 728 3015 illi
757 2969 813 3016 ct
843 2958 1128 3023 dissimili,
1153 2956 1437 3029 judicetur
1467 2951 1705 3008 essentia
1745 2949 1942 3004 similis
1976 2955 2032 3002 et
2064 2941 2337 2999 absimilis
2376 2954 2497 2993 esse
2537 2935 2892 3008 singulatim,
2937 2945 3120 3000 neque
3163 2944 3274 2982 una
3321 2934 3378 2979 ct
3416 2925 3611 2979 eadem

358 3053 714 3113 subsistentia
755 3053 824 3106 ab
887 3051 1142 3106 essentiis
1175 3058 1232 3103 et
1301 3049 1552 3118 personis
1613 3042 1850 3097 diversis
1889 3042 2262 3095 discernatur.

441 3149 580 3203 Ἀλλ’
607 3148 712 3208 ἓως
749 3146 879 3198 πότε
913 3145 1061 3214 ἡμᾶς
1087 3144 1199 3205 τοῖς
1232 3140 1375 3194 οὕτω
1405 3139 1525 3192 λίαν
1572 3134 1931 3206 ὡμολογημέ-

2111 3127 2216 3182 Scd
2248 3139 2540 3196 quousque
2568 3135 2668 3174 nos
2702 3119 2788 3172 his
2815 3117 2888 3170 ita
2903 3114 3201 3170 admodum
3219 3108 3479 3166 admissis
3508 3107 3612 3161 im-

357 3199 838 3308 νοις-ἐγκόπτετκ
875 3199 1023 3306 'Aupa.
1043 3199 1196 3302 ’γὰρ-
1215 3230 1387 3293 οὑτως
1441 3228 1554 3281 ἴστε
1582 3199 1799 3296 ἀληθῶς
1817 3199 1936 3287 ’τὰς

2041 3216 2282 3288 peditis?
2314 3216 2455 3269 Num
2494 3210 2644 3265 enim
2676 3208 2757 3263 sic
2814 3221 2943 3260 vere
2995 3203 3149 3258 scitis
3195 3199 3616 3272 conjunctiones

360 3333 498 3406 πρὸς
536 3332 770 3400 διάφορα
823 3325 1162 3397 συγκρίσεις,
1202 3322 1356 3377 τοῦδέ
1408 3339 1553 3385 τινος
1583 3320 1702 3382 ἐνὸς
1726 3316 1936 3372 δεῖσθαι

363 3424 623 3480 πλειόνων
658 3419 1010 3475 ὐποστάσεων
1031 3415 1271 3488 ἀριθμῷ,
1303 3415 1390 3468 διὰ
1413 3414 1514 3484 τὴν
1544 3413 1678 3484 πρὸς
1717 3410 1939 3462 πλείονα

361 3517 588 3583 διένεξιν
627 3512 833 3577 αὐτοῦς
898 3511 1005 3564 Καὶ
1056 3510 1138 3570 τίς
1189 3508 1340 3577 ὑμῶν
1371 3505 1619 3569 ἀνέξεται
1658 3502 1818 3556 τοῦτο
1849 3502 1939 3552 λε-

332 3618 334 3621 ’
363 3607 602 3675 γόντων;
633 3605 826 3656 Ἔσται
850 3602 960 3670 γὰρ
995 3597 1244 3652 ἐντεῦθεν
1273 3596 1626 3666 δηλούμενον,
1657 3593 1732 3656 ὠς
1764 3592 1858 3644 καὶ
1883 3591 1941 3643 τὸ

367 3697 680 3768 σύμμετρόν
708 3694 870 3764 τινιῆ
903 3710 1012 3745 τισι
1075 3690 1254 3755 ξύλον,
1303 3690 1397 3741 καὶ
1453 3687 1672 3740 ἔλαττον
1717 3684 1938 3754 ἐτέρων,

365 3792 460 3844 καὶ
487 3788 670 3860 μεῖξον
719 3787 916 3850 ἄλλων,
965 3783 1181 3851 ἑκάστῳ
1209 3781 1351 3850 λόγῳ
1399 3777 1689 3847 ἐλλείψεώς
1741 3793 1803 3828 τε
1845 3773 1942 3827 καὶ

367 3879 672 3952 ὑπερϐολῆς
702 3877 795 3930 καὶ
824 3875 1093 3942 ἰσότητος,
1129 3871 1409 3939 άναλόγων
1441 3868 1656 3930 πάντως
1687 3864 1942 3934 δεόμενόν

364 3974 510 4024 ἐστιν
535 3970 916 4023 ὑποστάσεωνο
953 3965 1041 4018 ἵνα
1061 3968 1128 4034 τῇ
1165 3963 1263 4033 μέν
1288 3961 1479 4032 τοσῇδε
1525 3958 1759 4027 ἐλλείψει
1788 3957 1939 4025 μίαν,

366 4064 462 4117 καὶ
481 4062 672 4132 τοσῇδε
715 4060 844 4130 μίαν
863 4099 878 4121 ,
908 4059 1002 4110 καὶ
1034 4057 1153 4118 ταῖς
1181 4053 1423 4124 μυρίαις,
1455 4050 1673 4120 μυρίας.
1701 4047 1809 4101 Καὶ
1839 4047 1943 4099 πά-

367 4156 452 4209 λιν
484 4156 610 4224 τῇδε
643 4157 708 4221 τῇ
775 4148 1048 4222 ὑπερϐολῇ
1083 4147 1212 4218 μίαν
1267 4142 1619 4212 ἀντιστήσετε
1642 4155 1654 4170 °
1690 4140 1785 4192 xui.
1814 4137 1940 4205 τῇδε

365 4249 433 4316 τῇ
457 4244 785 4313 διαφερούσῃ
807 4239 1079 4311 ὑπερϐολῇ
1111 4235 1260 4306 μίαν,
1303 4234 1395 4286 καὶ
1428 4229 1614 4292 ἁπλῶς
1645 4227 1782 4297 πρὸς
1809 4227 1942 4278 ἐκα-

369 4355 493 4391 στον
525 4336 632 4389 τῶν
659 4333 1023 4402 διαφερόντων
1055 4330 1149 4382 καὶ
1173 4327 1302 4380 ἴσων
1327 4325 1461 4378 ἰδίαν
1492 4322 1604 4392 ἔχει
1648 4319 1941 4371 ὑπόστασιν

366 4432 466 4500 τὴν
501 4425 968 4497 συγκρινομένην·
1002 4421 1076 4485 ὡς
1123 4419 1308 4473 λοιπὸν
1339 4417 1552 4487 ἄμετρα
1588 4409 1725 4464 εἶναι
1757 4411 1843 4462 ἀεὶ
1874 4409 1943 4462 τὰ

371 4499 792 4590 συγκρινόμενα,
831 4515 926 4567 καὶ
961 4513 1060 4582 οὐχ
1113 4511 1172 4563 ἐν
1221 4527 1274 4562 τι
1321 4511 1434 4570 τοῖς
1465 4504 1672 4557 πλείοσι
1714 4499 1940 4569 συγκρί-

2039 3307 2438 3368 diil'erentium,
2465 3311 2521 3357 et
2545 3301 2634 3355 cui
2666 3298 2762 3352 uni
2801 3312 2941 3366 opus
2998 3295 3069 3350 sit
3095 3292 3352 3364 pluribus
3381 3304 3616 3344 numero

2049 3396 2452 3457 subsistentiis,
2487 3405 2548 3449 ut
2607 3409 2636 3447 a
2666 3391 2922 3462 pluribus
2955 3387 3212 3442 diﬂ'erat?
3237 3394 3294 3438 et
3347 3383 3473 3453 quis
3517 3397 3617 3436 vos

2044 3492 2300 3548 tolerabit
2335 3490 2411 3543 id
2460 3485 2751 3543 dicentes?
2805 3482 2926 3536 Erit
2986 3483 3135 3536 enim
3201 3479 3329 3532 inde
3384 3477 3615 3530 demon-

2039 3592 2296 3646 stratum,
2352 3579 2630 3651 quomodo
2696 3576 2905 3646 lignum
2956 3587 3217 3626 mensura
3265 3569 3475 3639 aequale
3519 3567 3613 3622 uni

2040 3675 2256 3731 cuidam
2291 3683 2388 3728 aut
2418 3671 2692 3742 pluribus,
2715 3676 2772 3722 et
2811 3666 2960 3721 aliud
2993 3666 3176 3718 minus
3203 3671 3258 3717 et
3290 3662 3469 3732 majus
3513 3675 3619 3714 cae—

2043 3775 2289 3820 lerorum
2314 3763 2534 3833 cuique,
2568 3761 2784 3816 ratione
2824 3756 3208 3812 inferioritatis
3264 3763 3319 3808 et
3362 3753 3618 3822 superio-

2042 3858 2224 3912 ritatis
2265 3863 2322 3911 et
2355 3853 2710 3925 mqualitalis,
2773 3849 3005 3904 omnino
3050 3847 3307 3916 analogas
3364 3844 3613 3913 requirat

2041 3943 2469 4007 subsistentias;
2499 3942 2574 3994 ita
2605 3950 2666 3994 ut
2698 3939 2791 3994 tali
2828 3936 3186 3992 inferiorilati
3225 3950 3412 3998 unam,
3437 3941 3492 3988 et
3525 3933 3618 3988 tali

2042 4051 2230 4100 unam,
2259 4044 2315 4088 et
2341 4034 2587 4088 millibus
2612 4032 2783 4086 millia
2813 4027 3302 4099 comparaveritis;
3329 4036 3385 4079 et
3415 4027 3616 4080 iterum

2042 4128 2174 4182 huic
2205 4124 2587 4196 superioritati
2610 4135 2668 4178 et
2699 4123 2792 4176 tali
2827 4136 3016 4184 unam,
3065 4117 3295 4172 et'huic
3340 4116 3618 4170 diﬂ‘crenti

2042 4219 2417 4291 superioritali
2464 4232 2651 4276 unam,
2689 4225 2744 4270 et
2790 4229 2901 4268 uno
2938 4211 3112 4267 verbo
3159 4210 3228 4264 ad
3267 4207 3622 4277 unumquod-

2042 4329 2148 4382 que
2170 4310 2543 4365 diil‘erentium
2563 4317 2614 4362 et
2638 4305 2933 4376 azqualium
2961 4303 3182 4373 propria
3212 4300 3452 4370 pertinet
3482 4299 3619 4352 sub-

2043 4401 2292 4459 sistentia
2348 4401 2393 4454 si
2465 4410 2847 4468 comparetur;
2917 4404 2977 4449 ut
3029 4394 3252 4449 demum
3342 4408 3621 4447 mensurae

2044 4495 2274 4549 diversae
2298 4492 2406 4546 sint
2439 4507 2657 4560 semper
2693 4495 3006 4557 comparata
3030 4500 3212 4554 neque
3249 4500 3415 4537 unmn
3442 4483 3620 4552 quod-

370 4573 578 4666 νεσθαι.
615 4573 848 4678 ’δμοίως
907 4605 962 4658 δέ
1098 4603 1257 4672 φαιδν
1299 4599 1496 4670 χρῶμα
1547 4593 1724 4664 λευκῷ
1754 4611 1812 4645 τε
1847 4592 1939 4645 καὶ

2047 4587 2170 4641 dam
2202 4584 2453 4656 pluribus
2477 4580 2784 4650 comparari
2810 4579 3007 4648 possit.
3046 4577 3318 4631 Similiter
3346 4585 3401 4630 et
3431 4575 3620 4628 fuscus

372 4703 561 4775 μέλανι
584 4701 676 4754 καὶ
705 4697 870 4770 ὠχρῷ
899 4695 994 4749 καὶ
1021 4693 1218 4765 πυῤῥῷ
1266 4693 1360 4745 καὶ
1398 4689 1573 4758 ξανθῷ
1607 4687 1701 4740 καὶ
1757 4684 1943 4754 κυανῷ

370 4774 466 4847 καὶ
503 4791 717 4861 μυρίοις
761 4789 969 4857 ἑτέροις
1009 4785 1267 4852 διάφορον
1309 4777 1614 4839 καθεστὼς,
1661 4777 1756 4828 καὶ
1811 4774 1943 4844 πρὸς

375 4881 562 4953 ἕτερον
600 4879 758 4949 φαιὸν
791 4878 976 4948 ὅμοιον
1013 4873 1092 4937 ὃν,
1126 4874 1220 4926 δύο
1254 4871 1312 4938 ἐξ
1348 4867 1592 4935 ἀνάγκης
1650 4865 1744 4917 καὶ
1776 4863 1946 4934 μυρία

370 4967 590 5039 ἀριθμῷ
635 4965 908 5020 δεικνύναι
939 4962 1066 5015 ὅντα
1095 4959 1163 5012 τὰ
1193 4956 1330 5026 φαιὰ
1377 4955 1586 5026 δεήσει·
1621 4952 1707 5005 ἵνα
1741 4950 1797 5002 ἓν
1848 4949 1946 5020 μὲν

369 5065 450 5134 ’.τῷ
479 5061 678 5133 λευκῷ,
707 5060 764 5114 ἓν
796 5059 854 5112 δὲ
883 5055 958 5127 τῷ
994 5054 1186 5125 μέλανι
1223 5049 1614 5120 συγκρίνηται·
1663 5045 1720 5098 ἓν
1760 5044 1816 5097 δέ
1867 5043 1947 5112 τῷ

372 5156 516 5227 ἄλλῳ
545 5153 689 5226 φαιῷ
747 5151 840 5204 καὶ
866 5148 927 5201 τὸ
961 5150 1026 5200 ἐκ
1077 5145 1221 5198 λίνου
1257 5144 1349 5196 καὶ
1400 5140 1550 5211 ἐρίου
1594 5136 1818 5199 πέπλον,
1853 5135 1948 5187 δύο

372 5249 542 5301 δεῖται
571 5242 925 5298 ὐποστάσεων
957 5238 1038 5302 εἴς
1084 5254 1146 5288 τε
1177 5233 1531 5304 παραστῆσαι
1563 5231 1662 5300 τὴν
1689 5227 1948 5298 ὁμοίωσιν

370 5334 466 5389 ’τοῦ⁹
517 5333 663 5405 ἐρίου
708 5331 842 5402 πρὸς
877 5328 938 5381 τὸ
989 5326 1158 5398 ἔριον,
1218 5325 1312 5377 καὶ
1361 5321 1455 5375 τοῦ
1507 5320 1654 5373 λίνου
1709 5316 1846 5388 πρὸς
1887 5315 1948 5368 τὺ

372 5425 517 5479 λίνον
535 5441 549 5454 ⁸
595 5422 690 5476 καὶ
730 5421 821 5474 δύο
848 5420 928 5472 δεῖ
952 5419 1117 5470 οἴκων
1148 5415 1283 5484 πρὸς
1310 5414 1370 5465 τὸ
1396 5411 1598 5476 γνῶναι
1643 5410 1710 5462 τὰ
1751 5405 1948 5476 ὁμοού-

376 5532 467 5568 σια
493 5512 601 5566 τῶν
625 5511 795 5579 ξύλων
827 5507 922 5561 καὶ
969 5506 1130 5559 λίθων
1155 5503 1263 5555 τῶν
1290 5503 1345 5554 ἐν
1375 5499 1524 5570 αὐτῷ
1544 5517 1557 5530 ’
1609 5498 1706 5551 καὶ
1764 5495 1949 5558 ἁπλῶς

375 5607 592 5662 ἅπαντα
648 5602 820 5664 οὓτως
869 5600 981 5669 ἔχει
1026 5597 1097 5650 τὰ
1148 5594 1350 5648 τοιάδε.
1407 5591 1467 5644 Εἰ
1514 5591 1570 5644 δέ
1616 5589 1789 5642 ταῦτα
1856 5587 1949 5640 καὶ

380 5696 686 5769 μειρακίοις
743 5694 924 5762 λέγειν
963 5689 1382 5758 ἁσύγγνωστον,
1426 5683 1720 5738 ἀκουστέον
1776 5679 1950 5751 ὀρθῶς

375 5791 438 5843 τὸ
485 5788 779 5859 λεγόμενον
852 5783 1112 5849 εὐσεϐῶς,
1174 5783 1256 5834 ὅτι
1328 5780 1456 5850 μιᾶς
1499 5775 1664 5846 οὐσης
1710 5773 1802 5828 κοιλ⁹
1852 5772 1950 5842 τῆς

379 5883 550 5958 αὐτῇς
580 5880 933 5944 ὑποστάσεως
980 5876 1074 5933 τοῦ
1104 5874 1378 5929 Δεσπότου
1412 5852 1783 5944 ἡμῶν”Ιησοῦ
1815 5867 1951 5936 Χρι-

2045 4679 2197 4734 color
2224 4677 2370 4740 albo,
2407 4675 2587 4745 nigro,
2616 4673 2756 4726 ﬂavo
2782 4672 2980 4736 rubro,
3014 4669 3252 4724 caeruleo
3278 4678 3332 4723 et
3368 4667 3532 4722 viridi
3567 4678 3622 4722 et

2046 4770 2195 4824 mille
2239 4768 2363 4822 aliis
2395 4765 2683 4820 dissimilis
2734 4773 2852 4830 est;
2901 4772 3110 4818 etcum
3151 4763 3311 4816 alteri
3367 4761 3522 4814 fusco
3552 4760 3624 4814 si-

2051 4863 2192 4916 .nilis
2213 4870 2318 4925 est,
2356 4860 2496 4914 duos
2531 4857 2849 4913 necessario
2892 4863 2950 4911 et
2988 4855 3138 4908 mille
3174 4869 3408 4908 numero
3446 4861 3625 4905 osten-

2047 4966 2180 5008 dere
2231 4952 2417 5007 fuscos
2460 4949 2765 5020 oportebit,
2798 4955 2860 5001 ut
2922 4963 3068 5000 unus
3098 4946 3246 5007 albo,
3280 4961 3424 4998 unus
3469 4945 3626 5013 ning

2048 5053 2439 5116 comparetur;
2475 5041 2568 5096 uni
2616 5050 2802 5095 autem
2854 5039 3000 5101 velo,
3043 5037 3152 5090 alio
3207 5037 3362 5090 fusco
3416 5035 3622 5092 colore,

2049 5154 2116 5192 ex
2144 5138 2261 5191 lino
2293 5146 2349 5191 et
2377 5136 2505 5189 lana
2531 5143 2704 5195 teuto,
2740 5130 2956 5183 duabus
2988 5143 3127 5196 opus
3174 5135 3257 5181 est
3309 5124 3620 5179 subsisten-

2052 5230 2142 5285 tiis
2169 5228 2235 5282 ad
2266 5223 2692 5296 comparandam
2724 5218 3145 5275 similitudinem
3197 5217 3334 5270 lanae
3385 5231 3508 5270 cum
3549 5215 3627 5268 la-

2050 5338 2143 5384 na,
2168 5319 2266 5374 lini
2295 5334 2420 5372 cum
2451 5317 2596 5372 lino:
2628 5323 2686 5368 et
2717 5312 2840 5365 dum
2874 5309 3204 5364 necessaria:
3249 5317 3380 5361 sunt
3429 5307 3626 5360 domus

2050 5409 2118 5464 ad
2149 5405 2587 5478 cognoscendam
2615 5402 2869 5457 essentia:
2891 5399 3314 5454 similitudinem
3350 5397 3624 5469 lignorum

2050 5512 2106 5557 et
2131 5501 2380 5571 lapidum
2419 5496 2624 5567 quibus
2649 5500 2928 5557 constant,
2990 5503 3045 5546 et
3077 5509 3187 5545 uno
3222 5491 3395 5545 verbo
3444 5489 3626 5544 omnia

2051 5592 2131 5648 sic
2177 5590 2304 5643 talia
2325 5604 2382 5642 se
2406 5587 2632 5640 habent.
2670 5584 2726 5639 Si
2761 5599 2895 5636 vero
2927 5584 3043 5637 haec
3097 5582 3283 5636 dicere
3326 5577 3628 5650 juvenibus

2051 5683 2281 5738 minime
2320 5677 2648 5749 ignoscitur,
2685 5675 3022 5731 audiendum
3050 5683 3200 5728 recte
3242 5682 3327 5726 est
3366 5671 3510 5741 quod
3543 5672 3627 5739 pie

2052 5774 2278 5835 dicitur,
2307 5784 2431 5824 cum
2451 5767 2522 5820 sit
2562 5783 2673 5820 una
2715 5777 2771 5821 et
2797 5765 2987 5819 eadem
3020 5763 3378 5818 subsistentia
3411 5761 3627 5815 Domini

2054 5860 2230 5919 nostri
2271 5860 2402 5918 Jesu
2429 5857 2633 5914 Christi
2699 5857 2755 5912 in
2801 5856 2896 5911 illa
2938 5857 3109 5910 Deum
3169 5853 3412 5908 Verbum
3449 5850 3630 5922 perfe-
