4116 6440
622 434 761 498 1543

1863 423 2176 486 LEONTII
2218 423 2623 485 BYZANT-INl

3742 421 3863 488 1544

625 566 799 618 ctum,
831 563 887 609 et
914 551 1215 606 oriundum
1236 568 1266 606 e
1288 550 1453 605 nobis
1477 548 1761 603 hominem
1782 544 2020 600 similem
2044 542 2191 597 nobis

2310 544 2463 607 στοῦ,
2494 543 2554 596 ὲν
2607 543 2745 614 αὐτῇ
2804 541 2832 594 ὃ
2886 558 2947 594 τε
2994 540 3126 604 Θεὸς
3170 540 3342 609 Λόγος
3403 540 3623 609 τέλειος,
3648 543 3784 596 καὶὸ
3812 543 3867 608 ἐξ

616 646 923 718 perfectum
970 646 1279 699 secundum
1345 649 1600 695 naturam
1650 635 1913 708 agnosci,
1980 634 2200 689 duabus

616 740 769 794 illius
808 736 1218 792 exsistentibus
1244 726 2023 798 essentiis.ldeocomparatio
2054 726 2203 780 illius

618 827 994 882 subsistentiae
1032 842 1160 881 cum
1193 824 1416 879 Davidis
1438 822 1820 885 subsistentia,
1858 835 1969 874 non
1997 834 2199 873 secun-

610 919 747 973 dum
786 919 1228 980 subsistentiam,
1256 918 1352 972 sed
1388 914 1695 971 secundum
1721 913 2020 968 essentiam
2046 911 2197 965 illam

610 1010 891 1065 diversam
920 1008 1168 1065 ost‘endit
1198 1018 1257 1064 et
1284 1007 1545 1072 similem,
1579 1015 1745 1077 prout
1794 1006 1854 1059 ﬁt
1880 1020 2006 1060 cum
2041 1004 2206 1057 alter-

614 1114 744 1158 utra
772 1104 1009 1158 duarum
1034 1113 1392 1167 naturarum;
1446 1099 1629 1171 quoad
1674 1108 1858 1153 autem
1898 1096 2208 1151 subsisten-

615 1198 1011 1259 tizerationem,
1047 1195 1276 1250 evidens
1302 1194 1545 1249 estillam
1577 1206 1795 1261 semper
1822 1199 1879 1245 et
1922 1186 2203 1243 communi

615 1305 897 1344 consensu
930 1289 1079 1343 Patri
1110 1298 1165 1341 et
1196 1286 1390 1341 Davidi
1424 1286 1753 1340 dissimilem
1785 1280 2205 1351 comparatione

612 1379 1021 1445 demonstrari;
1052 1388 1111 1432 ut
1149 1393 1341 1431 omnes
1369 1393 1433 1431 ex
1478 1376 1739 1430 omnibus
1789 1373 1969 1429 omnis
2024 1370 2207 1426 subsi-

616 1473 818 1528 stentia
847 1475 902 1525 in
930 1487 1031 1526 sua
1085 1470 1299 1524 unitate
1340 1469 1654 1538 distinguit.
1699 1466 1907 1521 Christi
1948 1479 2081 1535 ergo
2106 1479 2206 1517 na-

618 1569 874 1615 turarum
903 1560 1282 1623 subsistentia,
1310 1560 1465 1615 illum
1496 1558 1739 1614 essentia
1783 1557 2113 1613 dissimilem
2148 1554 2205 1609 in

616 1663 873 1724 parte,et
898 1654 1142 1709 essentia
1173 1653 1411 1707 similem
1449 1651 1603 1705 hisce
1632 1649 1884 1704 OStendit
1926 1664 2081 1712 esse;
2122 1647 2207 1701 di-

616 1761 835 1799 versam
863 1756 1045 1799 autem
1073 1745 1450 1799 subsistentize
1480 1744 1627 1797 circa
1658 1751 1833 1797 totum
1870 1742 1992 1812 ejus
2033 1742 2204 1795 ratio-

616 1854 742 1892 nem
771 1838 1033 1892 omnibus
1062 1838 1287 1893 cntibus
1312 1845 1557 1906 prastat.
1585 1834 1792 1890 Eadem
1814 1834 1965 1889 enim
2001 1843 2058 1886 et
2093 1848 2201 1885 una

2297 635 2458 706 ἡμῶν
2524 634 2649 688 καθ’
2710 636 2857 705 ἡμᾶς
2912 633 3204 702 ἄνθρωπος
3268 633 3472 696 τέλειος
3527 633 3664 686 κατᾶ
3714 633 3868 702 φύσιν

2302 730 2654 799 γινώσκεται,
2681 728 2776 781 δύο
2815 727 2926 780 τῶν
2950 727 3151 779 οὐσιῶν
3186 728 3355 797 αὐτῆς
3385 727 3578 780 οὐσῶν.
3616 727 3703 779 Διὸ
3752 728 3873 796 σὺγο

2302 838 2485 891 κρισις
2515 819 2722 889 ταύτης
2754 819 2889 888 πρὸς
2928 818 3026 889 τὴν
3065 817 3368 870 ὑπόστασιν
3407 817 3570 870 Δαῦὶδ
3602 818 3869 887 γινομένη,

2302 914 2364 968 οὐ
2399 912 2519 966 καθ’
2542 912 2860 973 ὑπόστασιν,
2893 910 3029 963 ἀλλὰ
3056 910 3179 963 κατ’
3222 909 3411 963 οὐσίαν
3442 909 3632 981 ἑτέραν
3661 926 3717 963 τε
3772 909 3868 963 δεί-

2311 1022 2504 1059 κνυσιν
2532 1003 2703 1074 αὐτὴν
2733 1003 2827 1057 καὶ
2853 1002 3068 1073 ὁμοίαν,
3122 996 3265 1055 κᾱτὰ
3296 1000 3538 1073 θατὲρων
3588 1001 3691 1054 τῶν
3718 1002 3872 1071 αὐτῆς

2304 1098 2542 1167 φὺσεων.
2574 1096 2732 1151 Κατὰ
2759 1095 2816 1149 δὲ
2869 1095 2961 1148 τὸν
2987 1094 3086 1164 τῆς
3117 1094 3471 1157 ὑποστάσεως
3501 1094 3676 1162 λόγον,
3727 1094 3873 1163 δῆλον

2303 1190 2381 1252 ὡς
2424 1189 2517 1242 καὶ
2548 1188 2686 1257 πρὸς
2736 1187 2828 1241 τὸν
2864 1186 3089 1258 Πατέρα
3132 1187 3227 1239 καὶ
3291 1185 3430 1256 πρὸς
3472 1186 3565 1238 τὸν
3598 1186 3756 1238 Δαϐὶδ
3794 1185 3873 1238 ἀεὶ

2303 1281 2746 1352 ὼμολογημένως
2768 1280 3028 1350 διάφορον
3048 1278 3215 1333 οὖσαν
3245 1279 3417 1349 αὐτὴν
3446 1278 3818 1332 ἀποδείκνυσιν
3843 1279 3872 1347 ἡ

2307 1372 2623 1443 σύγκρισις·
2657 1371 2850 1440 ὥσπερ
2877 1369 2974 1423 καὶ
2991 1369 3206 1431 πάντας
3240 1372 3304 1420 ἐκ
3334 1367 3554 1421 πάντων
3578 1368 3724 1420 πᾶσα
3756 1367 3874 1419 ὑπό-

2308 1482 2497 1527 στασις
2525 1467 2582 1517 ἐν
2609 1466 2672 1534 τῇ
2703 1463 2890 1533 μονάδι
2935 1461 3141 1532 ἑαυτῆς
3167 1462 3458 1532 διακρίνει.
3494 1461 3614 1514 Τῶν
3642 1456 3729 1514 οὖν
3755 1462 3875 1530 Χρι-

2310 1554 2436 1609 στοῦ
2465 1554 2684 1625 φύσεων
2707 1556 2740 1624 ἡ
2765 1553 3090 1619 ὑπόστασις,
3121 1554 3217 1605 καὶ
3241 1550 3596 1622 ἀνομοούσιον
3611 1550 3765 1605 αὐτὸν
3783 1552 3873 1604 ἀνὰ

2310 1650 2493 1720 μέρος,
2531 1649 2627 1701 καὶ
2655 1646 2944 1717 ὁμοοὺσιον
2997 1646 3135 1716 πρὸς
3176 1645 3304 1709 τοὺς
3350 1644 3594 1698 τοιούσδε
3626 1638 3758 1697 εἶναι
3783 1644 3875 1695 δεί-

2307 1756 2498 1794 κνυσιν
2518 1757 2532 1770 ·
2593 1739 3057 1809 ὲτεροὺπόστατον
3090 1738 3145 1791 δὲ
3188 1737 3291 1790 ἀνὰ
3311 1738 3403 1789 τὸν
3457 1736 3578 1790 ὅλον
3605 1735 3762 1789 αὐτοῦ
3792 1735 3874 1787 ἕνα

2307 1833 2465 1901 λόγον
2480 1834 2614 1885 πᾶσι
2638 1835 2752 1895 τοῖς
2772 1827 2893 1885 οὖσι
2913 1832 3236 1901 παρίστησι.
3262 1831 3335 1883 Τὸ
3357 1830 3466 1900 γὰρ
3490 1829 3626 1883 αὐτὸ
3645 1829 3700 1881 ἓν
3723 1828 3874 1897 πρόσ-

613 1932 740 2002 ejus
785 1946 1023 2001 persona
1072 1930 1429 1991 subsistens,
1492 1926 1926 1982 subsistentibus
1979 1924 2191 1978 duabus

2296 1942 2445 1979 ωπον
2485 1924 2649 1979 αὑτοῦ
2676 1924 3045 1977 ὲνυπόστατον
3069 1962 3084 1987 ,
3139 1925 3197 1976 ἐν
3229 1922 3560 1986 ὑποστάτοις
3593 1920 3685 1974 δύο
3721 1936 3874 1990 προσ·-

616 2022 871 2092 personis
897 2022 1132 2076 similem
1154 2021 1397 2075 essentia
1419 2018 1725 2075 secundum
1765 2018 2089 2072 alterutram
2115 2032 2200 2069 ra-

618 2113 849 2177 tionem,
896 2121 955 2167 et
1010 2111 1255 2167 essentia
1295 2111 1623 2165 dissimilem
1672 2110 1829 2164 illum
1895 2108 2197 2178 praedicare

615 2212 818 2274 potest.
868 2202 1257 2258 Subsistentia:
1315 2202 1486 2266 enim,
1520 2217 1632 2255 non
1669 2211 1755 2255 est
1808 2199 2197 2261 subsistentia.

615 2294 713 2349 sed
739 2304 798 2348 ut
826 2296 1139 2349 essentialis
1166 2294 1375 2349 dicitur
1403 2309 1523 2348 esse
1546 2292 1752 2362 quibus
1777 2292 2018 2346 essentia
2048 2291 2201 2345 simi-

614 2386 684 2441 lis
728 2395 824 2441 aut
856 2386 1160 2452 absimilis;
1204 2400 1386 2454 neque
1410 2384 1484 2438 ita
1515 2385 1677 2438 nobis
1699 2399 1771 2439 ne
1809 2383 1947 2438 duas
1973 2391 2199 2437 naturas

614 2477 996 2539 ostendamus,
1049 2477 1236 2530 unitas
1290 2473 1667 2530 subsistentia:
1710 2474 1978 2543 impedit;
2017 2488 2198 2543 neque

616 2584 686 2623 ne
722 2583 889 2622 uuam
912 2566 1330 2622 subsistentiam
1358 2566 1630 2631 dicamus,
1658 2565 1846 2621 duitas
1874 2576 2197 2621 naturarum

615 2659 835 2725 obstat;
870 2674 1052 2728 neque
1080 2658 1456 2713 insubsistens
1483 2658 1791 2724 invenitur,
1817 2659 1966 2729 quod
1998 2659 2053 2713 in
2089 2675 2198 2714 una

616 2746 973 2801 subsistentia
1008 2747 1095 2800 his
1141 2746 1237 2816 qui
1278 2746 1348 2800 ab
1380 2746 1478 2800 illo
1504 2744 1877 2799 diﬂeruntest
1906 2749 1966 2801 in
2008 2762 2200 2801 esseu-

616 2839 691 2892 tia
742 2838 943 2903 simile,
1006 2837 1103 2892 sed
1133 2854 1246 2892 non
1300 2837 1618 2892 necessario
1659 2836 1960 2905 dupliciter
2016 2837 2197 2892 subsi-

612 2940 786 2995 stens,
810 2933 881 2986 ob
910 2933 1336 2988 similitudinem
1366 2932 1585 2986 duobus
1616 2932 1670 2985 in
1705 2933 1967 2997 essentia,
1995 2932 2041 2987 si
2084 2950 2194 2988 non

612 3027 930 3098 singulatim
966 3028 1207 3083 essentia
1260 3026 1441 3081 simile
1484 3036 1600 3090 est,
1649 3026 1761 3079 imo
1798 3027 2040 3081 essentia
2084 3027 2198 3082 dis-

612 3118 791 3174 simile
837 3127 923 3174 est
979 3120 1145 3175 unius
1184 3127 1400 3173 natura:
1432 3126 1666 3183 tantum,
1693 3126 1789 3171 aut
1830 3134 1955 3172 cum
2006 3120 2194 3189 plures

611 3219 825 3265 naturze
856 3211 967 3266 sint
1006 3212 1062 3266 in
1109 3227 1367 3282 persona,
1431 3210 1727 3281 aequalium
1776 3228 2009 3269 numero
2063 3214 2195 3269 sub-

612 3301 998 3357 sistentiarum
1041 3318 1181 3373 Opus
1212 3311 1316 3357 est.

1273 3416 1425 3472 CAP.
1455 3419 1542 3474 Vl.

695 3509 973 3579 Rogamus
1041 3508 1276 3574 iterum,
1327 3509 1631 3581 dijudicate
1692 3513 1840 3583 quod
1913 3513 2192 3581 diximus;

610 3600 778 3655 dicite
829 3600 962 3671 quid
1016 3601 1379 3672 signiﬁcatum
1436 3604 1507 3658 sit
1558 3622 1588 3660 a
1629 3608 1786 3661 vobis
1854 3624 1954 3677 per
2000 3624 2197 3677 quam-

610 3708 719 3761 que
784 3699 1041 3746 uaturam
1108 3694 1261 3748 illius
1338 3712 1505 3766 quem
1591 3700 1806 3753 vetatis
1892 3700 2066 3754 Deum
2143 3710 2200 3755 et

609 3783 923 3838 hominem:
958 3785 1241 3839 hominem
1291 3803 1412 3842 esse
1458 3797 1514 3843 et
1562 3790 1735 3844 Deum
1767 3790 2031 3855 Verbum,
2098 3799 2194 3846 aut

610 3876 667 3930 in
716 3891 917 3945 genere
978 3877 1294 3944 hominem;
1344 3890 1591 3935 sanctam
1642 3882 1937 3949 Triadem,
1987 3893 2082 3937 aut
2133 3887 2189 3939 in

608 3983 813 4038 genere
866 3968 1179 4035 hominem;
1238 3971 1411 4025 Deum
1460 3973 1737 4037 Verbum,
1799 3983 1895 4028 aut
1946 3976 2188 4045 aliquem

608 4059 912 4126 hominem,
951 4071 1199 4117 sanctam
1239 4064 1541 4129 Triadem;
1578 4066 1673 4120 sed
1698 4067 1829 4135 quia
1886 4083 1997 4121 non
2024 4069 2191 4124 vultis

607 4148 864 4206 Triadem
909 4153 1221 4223 signiﬁcare
1274 4170 1372 4224 per
1439 4156 1743 4219 hominem,
1798 4174 1980 4226 nequc
2039 4168 2189 4212 certe

605 4257 705 4311 per
733 4243 1121 4311 particularem
1165 4245 1407 4314 aliquem
1433 4247 1715 4301 hominem
1767 4259 1957 4317 aperte
2005 4250 2190 4304 deela-

605 4335 770 4389 rastis
803 4335 1046 4390 dicendo
1081 4354 1251 4391 unum
1285 4354 1316 4392 c
1361 4352 1549 4393 sancta
1604 4339 1804 4395 Triade
1858 4343 2183 4397 cruciﬁxum

602 4434 657 4479 et
688 4443 930 4497 passum,
958 4440 1213 4499 superest
1245 4431 1412 4500 igitur
1434 4441 1492 4486 ut
1523 4433 1725 4488 dicatis
1752 4451 1821 4489 an
1853 4435 2024 4490 Deum
2048 4438 2185 4491 Ver-

602 4515 756 4579 bum,
788 4526 970 4570 utrum
1003 4518 1283 4573 hominem
1322 4522 1374 4574 in
1400 4537 1602 4591 genere
1645 4533 1951 4593 sumptum,
1992 4536 2180 4581 utrum

2300 2016 2471 2081 ώποις
2507 2016 2793 2088 όμοούσιον
2824 2017 2964 2070 κατὰ
2982 2015 3211 2086 θάτερον
3244 2015 3421 2083 λόγον,
3443 2016 3537 2068 καὶ
3562 2013 3875 2085 ἑτεροούσιον

2302 2112 2464 2166 αὑτὸν
2497 2109 2867 2178 ἀπαγγέλλειν
2917 2108 3172 2162 δύναται·
3227 2109 3259 2179 ὴ
3292 2108 3597 2170 ὑπόστασις
3630 2109 3757 2176 γὰρ,
3787 2104 3873 2172 οὐχ

2300 2202 2377 2265 ὼς
2409 2202 2731 2266 ὑπόστασις,
2766 2200 2881 2255 ἁλλ’
2926 2202 3002 2263 ὡς
3038 2200 3279 2263 ὲνοὺσιος
3305 2200 3527 2269 λέγεται
3558 2195 3640 2263 οἷς
3675 2197 3873 2264 λέγεται

2301 2294 2585 2365 όμοοὺσιος
2617 2293 3032 2366 ῆὲτεροοὺσιος.
3071 2294 3179 2347 Καὶ
3209 2292 3383 2355 οὕτως
3412 2292 3567 2346 οὐδὲν
3597 2292 3725 2361 ἡμῖν
3749 2289 3872 2359 πρός

2301 2405 2359 2441 τε
2409 2387 2470 2440 τὸ
2498 2390 2595 2451 τὰς
2636 2388 2730 2441 δύο
2777 2387 2967 2456 φύσεις
3012 2385 3302 2449 δεικνύειν,
3343 2386 3404 2438 τὸ
3476 2383 3757 2454 μοναδικὸν
3787 2385 3870 2451 τῆς

2302 2479 2649 2541 ὑποστάσεως
2682 2478 3050 2550 παρεμποδὼν
3078 2478 3322 2547 γέγονεν·
3352 2478 3475 2531 οὐδὲ
3498 2478 3635 2548 πρὸς
3676 2478 3734 2528 τὸ
3761 2474 3871 2545 μίαν

2300 2568 2480 2638 λέγειν
2497 2571 2596 2642 τήν
2610 2570 2927 2634 ὑπόστασιν,
2941 2569 3002 2622 τὸ
3020 2569 3270 2623 δυαδικὸν
3287 2568 3396 2621 τῶν
3415 2568 3635 2637 φύσεων
3651 2566 3864 2636 ὀχληρὸν

2300 2662 2639 2733 καθέστηκεν
2668 2678 2683 2691 ·
2741 2662 2863 2714 οὐδὲ
2917 2660 3288 2715 ἀνυπόστατόν
3317 2677 3371 2713 τι
3421 2660 3560 2730 ἔχει,
3610 2659 3670 2712 τὸ
3702 2661 3757 2711 ὲν
3784 2656 3870 2725 μιᾷ

2301 2754 2597 2809 ὑποστάσει
2647 2753 2813 2807 αὐτοῦ
2857 2754 3138 2824 διαφόροις
3181 2753 3500 2823 ὁμοοὺσιον·
3553 2752 3667 2806 ἀλλ’
3697 2751 3790 2804 οὐκ
3820 2747 3869 2809 ἐξ

2300 2849 2549 2917 ἀνάγκης
2594 2847 3015 2913 δισυπόστατον,
3060 2846 3147 2899 διὰ
3190 2845 3252 2900 τὸ
3290 2846 3384 2899 δύο
3425 2847 3570 2899 τισὶν
3605 2842 3868 2915 όμοοὺσιον

2298 2940 2456 3006 εἶναι,
2510 2940 2667 3011 εἴπερ
2722 2942 2796 3011 μὴ
2845 2940 2965 2993 καθ’
3014 2940 3243 2994 ἕκαστον
3293 2939 3606 3009 όμοούσιον,
3664 2939 3752 2991 καὶ
3799 2936 3867 2989 ἔτι

2300 3030 2501 3101 μᾶλλον
2528 3030 2862 3100 ὲτεροούσιον
2895 3031 3026 3100 μιᾶς
3059 3029 3273 3098 φύσεως
3305 3030 3499 3099 μόνης,
3555 3030 3589 3099 ἧ
3632 3027 3867 3082 πἰειόνων

2298 3121 2513 3190 φύσεων
2537 3120 2713 3174 οὐσῶν
2740 3121 2818 3192 τῷ
2852 3120 3151 3193 προσώπῳ,
3187 3122 3496 3194 ἰσαρίθμων
3535 3121 3864 3177 ὑποστάσεων

2297 3213 2456 3285 χρεία
2486 3213 2633 3267 ἐστίν

2903 3417 3156 3471 ΚΕΦΑΛ.
3200 3419 3294 3484 ς’.

2381 3508 2710 3579 Ἐρωτῶμεν
2741 3508 2925 3570 πάλιν,
2953 3508 3271 3579 διακρίνατε
3293 3509 3354 3562 τὸ
3388 3509 3684 3584 λεγόμενον
3710 3511 3829 3581 ἡμῖν
3848 3523 3859 3535 '

2297 3601 2487 3655 εἴπατε
2523 3603 2574 3656 τί
2616 3602 2678 3655 τὸ
2737 3603 3143 3671 σημαινόμενον
3197 3603 3287 3671 ὑφ’
3348 3604 3507 3673 ὑμῶν
3545 3605 3611 3659 δι’
3656 3605 3865 3671 ἑκάστης

2297 3694 2513 3765 φύσεως
2532 3696 2625 3750 τοῦ
2654 3698 2786 3768 παρ’
2818 3696 2975 3768 ὑμῶν
3016 3697 3309 3766 λεγνμὲφου
3339 3697 3479 3751 Θεοῦ
3537 3700 3632 3752 καὶ
3677 3696 3863 3767 ἀνθρὼο

2297 3803 2434 3841 που’
2467 3790 2881 3860 ὅτιᾶνθρωπος,
2946 3792 3041 3843 καὶ
3069 3790 3197 3853 Θεὸς
3256 3792 3522 3862 Λόγος,ἥ
3573 3794 3602 3845 ό
3658 3789 3862 3845 καθόλου

2293 3880 2580 3952 ἄνθρωπος
2615 3888 2708 3933 καὶ
2733 3883 2767 3953 ή
2808 3881 2936 3951 ἁγία
2964 3882 3156 3953 Τριὰς,
3195 3882 3229 3953 ἢ
3265 3885 3293 3936 ὁ
3320 3884 3556 3937 καθόλου
3577 3884 3861 3954 ἄνθρωπος.

2292 3976 2389 4027 καὶ
2443 3977 2472 4027 ὁ
2514 3975 2648 4037 Θεὸς
2698 3976 2891 4043 Λόγος,
2944 3975 2977 4047 ἦ
3031 3976 3163 4040 ὅτις
3203 3976 3520 4047 ἄνθρωπος,
3555 3979 3647 4031 καὶ
3677 3980 3707 4046 ἠ
3740 3974 3856 4042 ἁγία

2293 4068 2485 4138 Τριάς.
2526 4068 2666 4121 Ἀλλ’
2689 4070 2771 4122 ὄτι
2793 4070 3002 4140 Τριάδα
3039 4071 3113 4140 μὴ
3164 4070 3427 4140 βούλεσθε
3461 4072 3746 4143 σημαίνειν
3774 4086 3860 4138 με·

2290 4155 2358 4207 τὰ
2387 4153 2478 4207 τοῦ
2503 4156 2732 4209 καθόλου
2764 4158 3057 4228 λεγομένου
3085 4159 3402 4230 ἀνθρώπου,
3442 4161 3569 4215 οὐτε
3596 4161 3699 4232 μὴν
3736 4157 3852 4230 μετᾶ

2288 4248 2383 4300 τοὺ
2422 4249 2590 4301 ίόικοὺ
2619 4267 2784 4315 τινος,
2829 4251 3083 4321 πρόδηλοι
3123 4252 3528 4324 καθεστήκατε,
3562 4256 3626 4308 ὲκ
3656 4254 3744 4306 τοῦ
3770 4252 3851 4304 ἕνα

2288 4343 2469 4408 λέγειν
2504 4344 2601 4425 τῆς
2632 4343 2791 4412 ἁγίας
2823 4344 3055 4414 Τριάδος
3082 4345 3173 4399 τὸν
3213 4349 3602 4419 σταυρωθέντα
3645 4349 3733 4402 καὶ
3764 4362 3853 4397 πα-

2289 4431 2470 4487 θόντα.
2536 4434 2909 4488 Λείπεταιούν
2952 4436 3130 4503 λέγειν
3165 4438 3310 4508 ὑμᾶς
3344 4439 3434 4491 τὸν
3496 4439 3632 4492 Θεὸν
3681 4438 3851 4504 Λόγον»

2289 4520 2451 4591 κλιὶῆ
2500 4522 2592 4574 τὸν
2630 4524 2863 4576 καθόλου
2922 4525 3217 4595 λεγόμενον
3263 4528 3575 4600 ἄνθρωπον,
3626 4531 3659 4601 ἤ
3708 4527 3852 4581 ίῐικόν

601 4608 993 4677 particularem
1030 4611 1270 4679 aliquem
1301 4612 1583 4667 hominem
1639 4616 1821 4672 velitis
1873 4618 2187 4688 signiﬁcare

2294 4630 2405 4665 τινα
2447 4613 2735 4683 ἄνθρωπον
2762 4617 2970 4685 λέγοιτε
3016 4620 3305 4689 σημαίνειν
3349 4622 3437 4675 διὰ
3464 4624 3564 4692 τῆς
3601 4625 3727 4693 μιᾶς
3762 4618 3850 4688 φύ-

602 4716 700 4769 per
722 4717 884 4754 unam
917 4711 1171 4756 naturam
1205 4712 1393 4757 etnon
1438 4723 1657 4761 omnem
1720 4708 2023 4765 hmninem.
2090 4712 2183 4766 Di-

599 4789 709 4843 cite
757 4789 925 4859 igitur
979 4788 1036 4843 in
1084 4807 1194 4859 quo
1245 4792 1465 4848 diﬁ‘erat
1507 4797 1861 4865 particularis
1917 4801 2084 4855 homo
2110 4802 2181 4857 ab

598 4880 749 4934 omni
788 4880 1048 4935 homine?
1088 4881 1170 4935 An
1204 4884 1517 4950 evidenter,
1571 4887 1626 4943 in
1674 4891 1789 4943 sola
1817 4891 2181 4949 subsistentia

593 4980 653 5027 et
686 4973 963 5042 persona?
989 4972 1279 5039 Quomodo
1309 4992 1440 5047 ergo
1470 4994 1579 5033 non
1636 4980 1774 5035 duas
1813 4980 2001 5036 dicitis
2058 4999 2183 5053 per-

594 5080 760 5119 sonas
791 5074 846 5119 et
891 5065 1299 5131 subsistentias,
1353 5085 1479 5124 cum
1516 5071 1656 5127 duas
1708 5082 1939 5128 naturas
1994 5074 2180 5131 dicitis

592 5155 938 5227 designando
997 5160 1167 5213 Deum
1197 5160 1437 5216 Verbum
1469 5180 1640 5217 unum
1700 5166 1943 5235 aliquem
1995 5169 2178 5223 homi-

593 5248 758 5301 nem?
791 5248 885 5302 Sin
918 5258 1102 5302 autem
1140 5249 1193 5303 in
1212 5267 1415 5320 genere
1444 5254 1727 5311 hominem
1756 5258 1930 5314 vultis
1968 5260 2174 5327 dicere,

591 5349 689 5393 aut
714 5341 1048 5410 cogitatione
1088 5342 1293 5413 ﬁngitis
1339 5345 1519 5411 illum,
1580 5365 1747 5417 quem
1802 5352 2014 5408 ratione
2050 5369 2176 5423 spo-

591 5429 769 5484 liastis
801 5434 1039 5487 essentia
1066 5434 1119 5487 in
1165 5435 1401 5505 singulis
1428 5448 1670 5508 sumpta,
1697 5451 1755 5496 et
1782 5442 2174 5513 imaginatione

588 5519 836 5574 statuitis
870 5520 1048 5585 illum,
1082 5538 1207 5577 cum
1226 5524 1416 5580 dicitis
1448 5528 1567 5582 sine
1599 5530 1845 5601 subjecta
1879 5532 1959 5585 illi
1983 5550 2175 5589 essen-

590 5612 664 5667 tia
690 5612 969 5667 hominem
1014 5613 1219 5670 factum
1266 5633 1389 5672 esse
1434 5619 1641 5675 Deum:
1696 5633 1793 5676 aut
1832 5625 2047 5695 singula
2080 5626 2172 5680 illa

586 5703 772 5781 omnia
804 5705 1129 5772 partieulari
1165 5707 1219 5760 in
1258 5710 1583 5765 exsistentia
1611 5714 1893 5784 colligitis,
1930 5733 2055 5771 cum
2110 5718 2166 5772 in

587 5793 848 5847 omnibus
871 5795 1221 5852 incarnatum
1277 5816 1402 5856 esse
1438 5802 1653 5857 docetis
1696 5822 1866 5861 unum
1898 5825 1929 5861 e
1980 5820 2168 5864 saneta

585 5880 805 5939 Triade.
837 5886 1063 5960 Verum,
1085 5891 1131 5946 si
1172 5893 1351 5962 ptius,
1386 5896 1667 5965 quomodo
1696 5915 1807 5957 non
1836 5917 1987 5958 mera
2034 5903 2167 5959 ima-

2292 4722 2451 4769 σεως,
2480 4710 2573 4759 καὶ
2596 4709 2657 4761 οὑ
2689 4708 2867 4763 πάντα
2904 4709 3211 4780 ἄνθρωπον.
3243 4713 3449 4767 Εἴπατε
3479 4712 3595 4778 οὖν,
3628 4716 3730 4767 τίνι
3750 4712 3850 4764 δια-

2284 4796 2439 4867 φέρει
2487 4798 2654 4861 ἰδικὸς
2694 4799 2981 4869 ἄνθρωπος
3030 4803 3124 4856 τοῦ
3164 4806 3366 4870 παντὸς
3419 4807 3739 4878 ἀνθρώπου;
3792 4804 3849 4855 Ἢ

2283 4889 2579 4960 πρόδηλον,
2624 4892 2705 4945 ὅτι
2739 4900 2875 4965 μόνῃ
2911 4898 2976 4967 τῇ
3008 4897 3303 4953 ὑποστάσει
3327 4903 3421 4955 καὶ
3447 4902 3526 4972 τῷ
3555 4901 3845 4972 προσώπῳς

2285 4979 2407 5059 Ilii);
2435 4981 2527 5035 οὑν
2549 4983 2608 5035 οὐ
2658 4983 2753 5037 δύο
2796 4986 2934 5053 φατὲ
2981 4989 3252 5058 πρόσωπα
3282 4993 3379 5045 καὶ
3397 4993 3742 5054 ὑποστάσεις,
3768 4989 3849 5042 δύο

2282 5071 2474 5139 φύσεις
2500 5073 2746 5141 λέγοντες
2772 5078 2865 5130 ἐπὶ
2889 5081 3134 5151 σημασίᾳ
3158 5081 3252 5134 τοῦ
3280 5084 3414 5137 Θεοῦ
3442 5086 3615 5151 Λόγου
3645 5085 3756 5146 ἑνός
3774 5099 3845 5133 τι·

2281 5180 2369 5225 νος
2400 5163 2726 5233 ἀνθρώπου;
2758 5168 2816 5221 Εἰ
2835 5168 2891 5221 δὲ
2921 5169 3008 5222 τὸν
3035 5172 3269 5226 καθόλου
3304 5173 3592 5245 ἄνθρωπον
3626 5175 3843 5229 ἐθέλοιτε

2279 5254 2475 5323 λέγειν,
2514 5257 2563 5328 il”
2594 5257 2774 5327 ἐννοίᾳ
2809 5259 3117 5329 λαμϐάνετε
3167 5267 3358 5317 τοῦτον
3392 5266 3466 5335 «τῴ
3501 5266 3645 5335 λόγῳ
3699 5261 3843 5316 αὐτὸν

2276 5347 2725 5419 ἀποματτόμενοι
2775 5351 2874 5421 τῆς
2925 5352 3116 5414 οὐσίας
3154 5355 3219 5407 ἐκ
3247 5354 3356 5407 τῶν
3404 5356 3731 5418 καθέκαστα,
3762 5350 3842 5404 καὶ

2275 5441 2458 5510 νοήσει
2493 5443 2815 5513 κατέχοντες
2850 5445 3034 5510 αὑτὸν,
3059 5446 3187 5499 ἄνευ
3236 5448 3334 5517 τῆς
3365 5449 3730 5518 ὑποκειμένης
3761 5445 3841 5496 οὑ-

2277 5532 2398 5595 σίας
2441 5532 2616 5605 τούτῳ
2672 5536 2922 5604 λέγοντες
2967 5539 3449 5611 ὲνηνθρωπηκέναι
3504 5542 3597 5594 τὸν
3634 5533 3837 5603 Θεό-νῆ

2275 5625 2413 5676 αὐτὰ
2443 5626 2621 5678 πάντα
2646 5628 3054 5684 τὰκαθέκαστα
3094 5632 3330 5703 ὑπάρξει
3370 5633 3473 5703 ἰδίᾳ
3506 5632 3833 5697 συνάγοντες,

2273 5716 2435 5770 ὃποτε
2472 5719 2606 5771 αὐτὸ
2638 5723 2771 5773 πᾶσι
2824 5723 3205 5793 σεσαρκῶσθαι
3235 5724 3588 5794 ὃογματίζετε
3640 5722 3725 5774 τὸν
3752 5718 3835 5770 ἕνα

2271 5808 2369 5877 τῆς
2404 5809 2655 5880 Τριάδοῷ
2692 5812 2834 5865 Ἀλλ’
2871 5816 2921 5866 εἰ
2956 5816 3054 5884 μὲν
3085 5816 3143 5870 τὸ
3202 5817 3439 5889 πρῶτον,
3476 5816 3590 5875 πῶς
3627 5815 3684 5866 οὐ
3720 5809 3830 5879 φύυῇ

2270 5903 2338 5975 τῇ
2384 5902 2581 5975 ἐννοίᾳ,
2619 5906 2711 5959 καὶ
2762 5906 2861 5977 οὐχ
2906 5905 3137 5981 ὑπάρξει
3170 5909 3435 5977 οὐσιὼδει,
3473 5908 3655 5979 λέγετε
3687 5918 3828 5976 γεγε-
