4116 6462
391 315 530 396 1545

1345 304 1741 382 ADVEas'Us
1779 306 2331 381 NESTORIANOS.
2356 345 2423 353 —
2449 310 2597 380 LIB.
2642 310 2727 378 II.

3511 310 3649 381 15in

380 438 579 509 νῆσθαι
605 434 706 508 τήν
728 430 1146 505 ἑνανθρώπησιν
1167 429 1266 485 τοῦ
1303 431 1514 503 Κυρίου
1538 448 1551 498 ;
1590 434 1638 486 εί
1665 431 1724 486 δὲ
1749 432 1811 487 τὺ
1845 432 1971 488 δεύ-

2088 431 2356 503 ginationc
2385 446 2567 501 neque
2590 428 2911 487 exsistentia
2938 424 3222 483 essentiali
3248 425 3431 483 dicitis
3449 426 3649 485 lactant

380 547 561 603 τερον,
592 528 710 592 πῶς
748 526 849 581 οὐκ
876 525 1027 579 ἔσται
1076 523 1517 595 ὲνηνθρωπηκὼς
1556 528 1585 578 ὁ
1635 526 1767 589 Θεδς
1796 526 1967 595 Λόγος

382 624 479 679 καὶ
500 620 726 678 ἀσεϐέσι
756 619 849 674 καὶ
883 617 1231 688 ἁμαρτωλοῖς
1262 615 1358 669 καὶ
1386 617 1848 688 προτελευτῆσασι
1874 616 1971 670 καὶ

382 712 664 784 ἐσομένοις
695 708 1040 781 ἀνθρώποις;
1068 710 1205 781 ὅπερ
1252 706 1471 771 ἀσεϐὲς,
1508 707 1729 778 καὶτῆς
1775 706 1965 784 suae:

390 782 491 875 ρας
506 800 687 871 λέγειν
715 800 928 868 σοφίας.
963 798 1026 852 Ei
1056 796 1114 850 δὲ
1146 796 1320 860 ἄλλως
1351 796 1589 848 ἐθέλοιτε
1619 794 1681 849 τὸ
1717 782 1970 845 ’καθόλοῢ

384 894 672 965 ἄνθρωπον
701 890 998 944 ὑποθέσθαι
1032 888 1174 943 κατά
1200 890 1330 953 τοὺς
1370 887 1837 959 παρεισφέροντας
1872 886 1971 950 τὰς

384 984 681 1056 λεγομένας
707 982 869 1045 ἰδέας,
900 981 995 1035 καὶ
1025 981 1198 1043 οὕτως
1248 980 1347 1051 οὐχ
1370 978 1482 1045 ἕξει
1526 978 1712 1052 χώραν
1757 981 1791 1051 ή
1815 979 1973 1031 ἐναν-

387 1072 691 1146 θρώπησις.
732 1071 850 1124 ’Ὶνα
875 1070 984 1142 γὰρ
1017 1070 1086 1124 τὰ
1116 1068 1279 1124 λοιπὰ
1305 1071 1564 1142 παρήσω,
1610 1070 1771 1139 σῶμα
1814 1067 1876 1121 τὸ
1900 1068 1965 1121 ὲκ

385 1164 626 1236 Μαρίας,
653 1164 863 1218 ἐκείνου
881 1163 947 1234 μέ
958 1179 1049 1235 ρος
1068 1159 1208 1219 εἶναι
1232 1164 1411 1232 λέγειν
1433 1163 1609 1236 ὀρθῶς
1624 1164 1686 1217 οὐ
1712 1163 1936 1217 δυνατόν
1953 1178 1968 1193 ο

388 1256 507 1319 πῶς
536 1255 593 1309 δὲ
622 1256 683 1309 ού
708 1254 1015 1327 φανήσεσθε
1062 1255 1440 1327 προδηλότατα
1468 1258 1536 1327 τῇ
1572 1256 1763 1326 Γραφῇ
1801 1253 1974 1324 μαχό-

392 1365 566 1420 μενοι,
615 1346 713 1401 ἕνα
758 1343 994 1417 ιξήμῶν
1021 1346 1350 1417 διδασκούσῃ
1397 1340 1540 1399 εἶναι
1567 1344 1662 1398 τὸν
1690 1341 1973 1416 Κυριακδν

390 1440 712 1510 ἄνθρωπονς
746 1454 765 1489 t
796 1437 987 1502 Βίϐλος
1016 1438 1148 1507 γὰρ,
1169 1437 1326 1507 φησὶ,
1350 1436 1620 1506 γενέσεως
1634 1433 1813 1505 Ἰησοῦ
1836 1435 1974 1506 Χρι-

394 1531 546 1597 στοῦ,
575 1530 691 1584 υἱοῦ
713 1529 897 1596 Δαὸὶδ,
929 1548 958 1583 υ
982 1530 1062 1584 ίοῦ
1089 1528 1369 1603 Ἀϐραάμ.
1403 1547 1423 1582 ι
1459 1528 1571 1582 Καὶ
1596 1525 1865 1599 πρόδηλον
1890 1526 1974 1579 ὅτι

394 1624 455 1690 ἒξ
487 1622 655 1678 Ἰούδα
677 1622 1045 1676 ἀνατέταλκεν
1060 1622 1089 1675 6
1110 1620 1336 1691 Κύριος·
1367 1620 1460 1676 καὶ
1495 1638 1514 1671 ι
1540 1613 1644 1673 Τὸν
1664 1618 1830 1689 ἄνδρα
1849 1615 1975 1672 Μα-

2073 539 2197 579 esse
2233 524 2447 578 Domini
2486 522 2957 578 incarnationem?
2989 521 3073 576 sin
3096 528 3283 576 autem
3345 518 3646 591 posterius,

2072 616 2352 686 quomodo
2406 630 2515 670 non
2589 615 2699 669 erit
2744 616 3064 670 incarnatus
3100 614 3248 669 Deus
3298 612 3542 669 Verbum
3593 611 3651 667 in

2073 703 2279 773 impiis,
2316 704 2704 774 peccatoribus
2738 713 2794 759 et
2819 704 3119 775 praeteritis
3142 713 3199 759 et
3222 702 3425 759 futuris
3479 704 3654 757 homi-

2074 795 2444 867 nibus?quod
2472 797 2725 867 impium,
2756 805 2811 852 et
2852 806 3036 853 vestra
3090 796 3320 869 dignum
3357 796 3652 867 sapientia.

2072 884 2230 952 Quod
2267 886 2312 941 si
2341 887 2513 943 vultis
2542 889 2651 943 alio
2693 888 2859 943 modo
2889 889 3176 944 hominem
3216 889 3274 942 in
3307 902 3510 958 genere
3570 887 3656 941 in-

2073 979 2323 1050 telligere
2350 980 2659 1037 secundum
2686 981 2915 1037 aliunde
2947 982 3294 1036 introductas
3333 994 3470 1051 quas
3512 979 3654 1034 diri-

2074 1071 2147 1129 tis
2190 1074 2418 1140 formas,
2464 1075 2546 1130 sic
2589 1077 2777 1131 locum
2814 1092 2925 1131 non
2962 1074 3191 1130 habebit
3218 1074 3548 1130 incarnatio.
3585 1071 3657 1127 Ut

2073 1163 2222 1220 enim
2243 1175 2441 1221 caetera
2477 1177 2837 1237 praeteream,
2886 1182 3087 1238 corpus
3155 1182 3185 1220 e
3238 1166 3407 1219 Maria
3438 1172 3628 1218 natum

2076 1254 2240 1311 istius
2272 1265 2488 1327 partem
2523 1272 2645 1313 esse
2672 1274 2781 1313 non
2804 1265 2983 1330 potest
3018 1266 3165 1313 recte
3196 1256 3337 1322 dici;
3379 1253 3657 1326 quomodo

2075 1355 2393 1402 autemnon
2433 1346 2849 1405 evidentissime
2906 1347 3429 1404 demonstrabimini
3473 1346 3657 1417 impu-

2076 1447 2306 1511 gnantes
2323 1439 2624 1514 Scriptura;
2656 1454 2828 1498 unum
2854 1458 2885 1497 e
2911 1440 3073 1496 nobis
3100 1455 3221 1496 esse
3235 1438 3457 1495 docenti
3473 1438 3659 1493 Domi-

2076 1530 2262 1585 nicum
2293 1531 2608 1588 hominem?
2644 1552 2662 1584 ι
2686 1533 2851 1589 Liber
2889 1533 3061 1597 enim,
3103 1530 3259 1596 dicit,
3288 1528 3663 1601 generationis

2075 1622 2203 1679 Jesu
2226 1623 2455 1689 Christi,
2485 1624 2581 1681 ﬁlii
2602 1624 2795 1692 David,
2823 1624 2917 1678 lilii
2948 1625 3257 1691 Abraham;
3291 1642 3309 1676 ι
3347 1632 3407 1679 et
3434 1623 3663 1678 evidens

394 1719 519 1791 ρίας
559 1716 619 1781 ἐξ
654 1711 722 1788 ἧς
754 1712 1017 1784 ἐγεννήθη
1059 1712 1268 1784 Ἰησοῦς
1289 1714 1318 1765 6
1338 1711 1631 1782 λεγόμενος
1667 1708 1923 1781 Χριστὸς,
1950 1726 1968 1758 ι

2088 1724 2163 1771 est
2183 1716 2403 1772 exJuda
2437 1726 2622 1771 ortum
2653 1729 2775 1772 esse
2798 1716 3091 1770 Dominum
3114 1726 3227 1781 pet
3248 1735 3261 1771 :
3286 1735 3303 1768 ι
3333 1715 3524 1770 Virum
3553 1715 3661 1769 ’ξιο-

392 1810 510 1871 καὶ,
562 1826 580 1860 ι
608 1806 820 1878 Ἰησοῦν
845 1807 934 1859 τὸν
953 1804 1296 1878 Ναζωραῖον,
1320 1804 1490 1876 ἄνδρα
1524 1800 1975 1872 ἀποδεδειγμένον

2088 1804 2176 1861 πίω
2206 1805 2275 1861 de
2301 1821 2411 1876 qua
2440 1814 2603 1862 natus
2634 1816 2719 1863 est
2746 1806 2907 1862 Jesus
2928 1806 3023 1877 qui
3054 1815 3289 1862 vocatur
3316 1805 3597 1871 Christus,
3636 1825 3654 1855 ι

391 1900 501 1953 ἀπὸ
539 1896 673 1951 Θεοῦ
700 1900 780 1959 είς
801 1896 971 1966 ὖμᾶς,
994 1894 1258 1965 δυνάμεσι
1283 1893 1382 1949 καὶ
1397 1894 1588 1966 τέρασι
1614 1893 1707 1946 καλ¹
1730 1891 1979 1963 σημείοις

2090 1904 2148 1951 et
2174 1913 2187 1950 :
2217 1896 2439 1953 «Iesum
2462 1898 2827 1962 Nazarenum,
2856 1899 3035 1954 virum
3065 1898 3521 1954 manifestatuma
3548 1899 3663 1952 Deo

391 1985 472 2054 οἷς
506 1989 731 2060 ἐποίησε
768 1987 835 2042 δι’
856 1986 1021 2043 αὐτοῦ
1036 1987 1065 2041 6
1084 1986 1218 2051 Θεὸς
1235 1988 1292 2040 ἐν
1312 1985 1461 2057 μέσῳ
1482 1985 1512 2037 ὑ
1521 1984 1659 2056 μῶν,
1679 1981 1858 2045 καθὼς
1886 1983 1981 2034 καὶ

2093 1989 2149 2044 in
2194 1990 2374 2056 nobis,
2396 1991 2700 2045 virtutibus
2727 2001 2783 2045 et
2811 1992 3165 2048 miraculiset
3187 1992 3358 2062 signis
3384 2008 3507 2062 quae
3532 1991 3667 2048 fecit

394 2083 551 2138 αὐτοὶ
566 2082 743 2136 οῐδατε
752 2120 768 2136 .

2097 2096 2196 2151 per
2226 2082 2377 2135 illum
2416 2083 2559 2137 Deus
2591 2083 2643 2136 in
2670 2082 2854 2139 medio
2883 2084 3080 2146 nostri,
3114 2092 3174 2137 ut
3228 2084 3328 2153 ipsi
3375 2083 3549 2139 scitis.
3584 2103 3601 2136 ›

474 2195 493 2228 ι
528 2175 670 2239 Τοὺς
706 2171 806 2245 μὲν
857 2169 952 2226 οὖν
1000 2170 1227 2244 χρόνους
1259 2170 1358 2240 τῆς
1386 2169 1610 2238 ἀγνοίας
1652 2167 1919 2239 ὑπεριδὼν
1950 2169 1979 2219 6

397 2265 552 2328 Θεὸς,
581 2263 750 2318 τανῦν
782 2262 1157 2335 παραγγέλλει
1187 2262 1302 2324 τοῖς
1331 2261 1465 2314 πᾶσι
1500 2260 1781 2329 πανταχοῦ
1816 2276 1981 2330 μετα-

403 2359 547 2410 νοεῖν
578 2372 593 2387 ’
622 2354 812 2408 καθότι
867 2354 1097 2422 ἔστησεν
1129 2352 1347 2423 ἡμέραν
1376 2352 1434 2404 tv
1531 2348 1718 2421 μέλλει
1769 2348 1982 2419 κρίνειν

398 2447 499 2520 τὴν
528 2446 856 2520 οἰκουμένην
882 2446 941 2498 ὲν
969 2442 1310 2516 δικαιοσύνῃ,
1341 2442 1399 2495 ὲν
1432 2441 1588 2512 ἀνδρὶ
1620 2433 1663 2507 ᾧ
1691 2439 1859 2510 ὥρισε
1896 2438 1985 2489 πί-

398 2556 516 2593 στιν
544 2537 843 2611 παρασχὼν
858 2538 1047 2600 πᾶσιν,
1077 2535 1390 2604 ἀναστήσας
1414 2532 1578 2585 αὑτὸν
1600 2533 1664 2585 ὲκ
1689 2529 1919 2601 νεκρῶψ
1955 2545 1972 2579 ι

397 2632 517 2699 καὶ,
550 2631 797 2702 «Ὥσπερ
820 2629 887 2682 δι’
914 2628 1032 2691 ἑνὸς
1048 2625 1342 2698 ἀνθρώπου
1373 2628 1401 2679 6
1425 2624 1678 2687 θάνατος,
1694 2622 1866 2684 οὕτως
1891 2622 1985 2674 καὶ

396 2724 466 2779 δι’
506 2720 801 2796 ἀνθρώπου
863 2720 1165 2783 ἀνάστασις
1219 2716 1452 2790 νεκρῶν.
1505 2717 1719 2788 Ὥσπερ
1763 2714 1870 2785 γάρ
1926 2714 1985 2765 ἐν

398 2812 477 2883 τῷ
520 2811 693 2882 Ἀδὰμ
724 2812 925 2874 πάντες
990 2808 1438 2879 ἀποθνήσκομεν,
1472 2805 1645 2867 οὕτως
1678 2804 1771 2859 καὶ
1820 2805 1878 2858 ὲν
1908 2802 1988 2874 τῷ

398 2901 625 2971 Χριστῷ
679 2901 883 2963 πάντες
938 2897 1498 2969 ξωοποιηθησόμεθα’
1543 2915 1563 2949 ι
1612 2896 1746 2959 καὶ,
1785 2913 1803 2947 ι
1838 2890 1988 2957 Εἷςὸ

400 2992 554 3057 Θεὸς,
596 2986 676 3054 εἷς
733 2989 960 3060 μεσίτης
1008 2987 1145 3041 Θεοῦ
1177 2988 1274 3042 καὶ
1321 2984 1625 3056 ἀνθρώπων
1650 3025 1664 3051 ,
1696 2984 1987 3054 ἄνθρωπος

2161 2175 2481 2246 «Tcmpora
2549 2176 2720 2247 igitur
2776 2177 3102 2247 ignorantiae
3167 2178 3451 2248 negligens
3495 2178 3665 2238 Deus.

2082 2282 2232 2323 nunc
2289 2268 2588 2325 annuntiat
2645 2270 2907 2325 omnibus
2973 2269 3181 2339 ubique
3246 2270 3664 2340 paenitentiam;

2084 2358 2210 2414 ideo
2245 2361 2431 2415 statuit
2493 2360 2641 2416 diem
2679 2360 2735 2415 in
2769 2375 2881 2431 quo
2922 2360 3278 2431 iudicaturus
3332 2369 3417 2415 est
3472 2360 3667 2417 orbem

2089 2452 2147 2507 in
2178 2452 2417 2524 iustitia,
2442 2452 2498 2507 in
2525 2454 2646 2507 viro
2690 2452 2745 2507 in
2799 2468 2911 2523 quo
2954 2453 3169 2514 statuit,
3212 2451 3373 2506 ﬁdem
3417 2452 3672 2522 praebens

2087 2545 2369 2609 omnibus,
2405 2545 2684 2600 suscitans
2715 2544 2869 2599 illum
2896 2560 2925 2598 a
2952 2543 3186 2599 mortuis
3217 2545 3317 2609 ⁶·¹;
3352 2562 3369 2596 ι
3394 2552 3449 2598 et
3478 2562 3490 2598 :
3526 2563 3544 2595 ι
3580 2544 3669 2599 Si-

2086 2641 2184 2688 cut
2217 2648 2315 2705 per
2354 2650 2527 2689 unum
2562 2634 2846 2690 hominem
2875 2649 3045 2698 mors,
3078 2634 3159 2690 sic
3185 2642 3243 2688 et
3271 2650 3369 2706 per
3393 2635 3672 2695 hominem

2089 2726 2430 2782 resurrectio
2492 2735 2865 2783 mortuorum.
2904 2725 3063 2783 Sicut
3085 2727 3233 2783 enim
3269 2728 3324 2783 in
3354 2727 3527 2783 Adam
3552 2743 3675 2784 om-

2087 2834 2188 2874 nes
2210 2818 2502 2885 morimur,
2537 2818 2611 2874 ita
2640 2826 2699 2875 et
2733 2819 2787 2873 in
2835 2818 3066 2875 Christo
3113 2834 3309 2879 omnes
3362 2820 3674 2878 viviﬁcabi-

2088 2927 2214 2965 mur
2240 2914 2297 2977 ¹;
2332 2931 2348 2962 ι
2384 2919 2476 2967 et:
2518 2930 2536 2961 ι
2559 2908 2715 2968 Unus
2753 2910 2920 2975 Deus,
2987 2926 3131 2969 unus
3177 2911 3453 2967 mediator
3479 2913 3576 2967 Dei
3618 2923 3676 2968 et

2090 3004 2401 3070 hominum,
2439 3003 2606 3057 homo
2631 3004 2793 3059 Jesus
2831 3005 2892 3068 ³;
2928 3023 2945 3054 ι
2985 3012 3079 3059 et:
3118 3004 3319 3062 «Jesus
3339 3013 3523 3061 autem
3544 3020 3675 3077 pro-

415 3079 625 3150 Ἰησοῦς
650 3094 663 3107 ·
705 3096 723 3129 ι
759 3078 876 3143 καὶ,
911 3097 930 3131 ι
976 3079 1033 3132 '0
1059 3077 1117 3130 δὲ
1165 3076 1377 3147 Ἰησοῦς
1412 3077 1753 3148 προέκοπτεν
1793 3074 1984 3145 ἡλικίᾳ

2090 3094 2313 3150 ﬁciebat
2345 3100 2507 3150 aetate
2544 3102 2600 3151 et
2631 3094 2902 3165 sapientia
2934 3104 2991 3150 et
3030 3094 3208 3164 gratia
3233 3094 3379 3166 apud
3414 3074 3586 3151 Deum
3619 3108 3675 3152 et

403 3173 500 3225 καὶ
534 3171 699 3242 σοφίᾳ
725 3172 822 3225 καὶ
844 3171 1027 3242 χάριτι
1048 3188 1123 3225 πα
1134 3173 1203 3241 ρὰ
1216 3170 1335 3242 Θεῷ
1358 3169 1455 3223 καὶ
1479 3168 1845 3239 ἀνθρὼποις’»
1869 3168 1984 3233 καὶ,

2102 3187 2358 3245 homines
2388 3187 2442 3255 ‘;
2473 3206 2492 3240 ι
2526 3203 2615 3244 et:
2651 3206 2669 3239 ι
2691 3187 2835 3243 Puer
2850 3188 3136 3244 crescebat
3157 3196 3214 3244 et
3247 3188 3675 3245 confortabatur

408 3262 515 3316 «T6
533 3261 749 3316 παιδίον
773 3259 973 3331 ηὔξανε
992 3261 1085 3315 καλ⁸
1103 3258 1461 3331 ἐκραταιοῦτο
1490 3257 1874 3330 πληρούμενον
1901 3275 1987 3311 σο-

406 3354 571 3423 φίας·
612 3355 706 3407 καὶ
729 3353 892 3423 καρὶς
924 3350 1060 3405 Θεοῦ
1086 3349 1155 3423 ἦν
1195 3352 1283 3405 ἐπ’
1313 3350 1460 3420 αὑτῷ
1491 3366 1504 3379 ·
1548 3367 1567 3401 ι
1606 3349 1738 3416 καὶ,
1781 3370 1800 3401 ‹
1841 3349 1987 3420 Προ-

407 3445 587 3515 φήτην
645 3444 775 3513 ὑμῖν
825 3443 1127 3512 ἀναστήσει
1156 3441 1361 3512 Κύριος
1388 3442 1417 3493 6
1439 3441 1574 3503 Θεὸς
1604 3439 1762 3511 ήμῶν
1792 3442 1857 3493 ὲκ
1879 3439 1988 3492 τῶν

407 3536 657 3607 ἀδελφῶν
706 3534 864 3606 ὑμῶν
889 3534 968 3597 ὠς
1001 3535 1102 3605 ὲμὲ
1135 3550 1151 3565 ·
1200 3553 1218 3586 ι
1251 3534 1367 3598 καὶ,
1401 3550 1419 3583 ι
1456 3534 1529 3586 Σὺ
1567 3532 1748 3604 ἱερεὺς
1778 3534 1862 3596 είς
1895 3534 1986 3584 τὸν

407 3631 582 3686 αίῶνα
607 3627 754 3683 κατά
782 3627 884 3698 τὴν
909 3626 1065 3692 τάξιν
1097 3626 1453 3697 Μελχισεδέκ.
1490 3646 1509 3679 ο
1547 3622 1699 3696 τΑρσι
1724 3625 1819 3679 οὖν
1850 3625 1989 3679 πάν-

407 3739 479 3777 τα
515 3721 687 3776 ταῦτα
733 3722 830 3775 καὶ
876 3720 980 3775 ὅσα
1039 3718 1265 3772 τοιαῦτα
1309 3719 1512 3790 ἄπειρα
1548 3717 1699 3784 ὄντα,
1738 3717 1892 3788 παρά
1920 3719 1987 3786 τῇ

411 3812 543 3883 ἁγίᾳ
574 3811 766 3882 Γραφῇ
798 3809 1029 3863 δύνασθε
1066 3808 1248 3877 λέγειν
1277 3809 1406 3879 περὶ
1437 3809 1667 3863 ἑκάστου
1697 3806 1988 3879 ἀνθρώπου

410 3902 520 3955 τῶν
577 3900 893 3955 καθέκαστα
944 3898 1198 3970 λελέχθαι
1225 3916 1240 3965 ;
1274 3900 1384 3952 Καὶ
1415 3898 1533 3963 πῶς
1556 3898 1785 3952 δυνατὸν
1814 3901 1991 3953 εἰπεῖν

411 3997 622 4056 πάντας
652 3994 980 4065 ἀνθρώπους
1023 3995 1089 4047 ὲκ
1140 3992 1458 4065 σπέρματος
1509 3989 1651 4048 εἶναι
1695 3992 1988 4063 Ἀδραάμς

411 4091 509 4145 καὶ
530 4088 721 4143 τούτου
759 4089 819 4141 οὐ
848 4087 1075 4153 παντὸς,
1107 4087 1247 4142 ἀλλὰ
1275 4086 1453 4158 φυλῆς
1493 4085 1668 4140 ’ἰούδα
1689 4101 1703 4116 ο
1737 4087 1833 4139 καὶ
1860 4085 1994 4138 ταύ-

413 4196 515 4252 της
568 4180 667 4251 ούχ
711 4179 862 4250 ὅλης,
893 4180 1011 4233 ἀλλ’
1043 4179 1104 4244 ἐξ
1133 4179 1287 4233 οἴκου
1334 4179 1499 4233 Δαδίδ
1534 4196 1549 4210 ο
1583 4180 1677 4232 καὶ
1712 4177 1905 4233 τούτου
1931 4178 1993 4231 οὐ

414 4272 641 4337 ⁸παντὸς,
670 4272 808 4326 ἀλλά
836 4271 1058 4344 Μαρίας
1083 4272 1181 4342 τῆς
1213 4270 1491 4343 Παρθένου
1519 4288 1535 4338 ;
1566 4266 1722 4342 Ἀρα
1750 4272 1883 4335 ἴσως
1900 4266 1995 4323 οὖν

414 4367 622 4419 εἴποιτε
673 4364 741 4419 ἂν
783 4364 877 4417 καὶ
900 4364 994 4416 τὸν
1048 4364 1304 4431 Καϊάφαν
1333 4364 1397 4416 ὲκ
1416 4361 1637 4433 Μαρίας
1664 4360 1994 4431 γεγενῆσθαι

411 4458 514 4528 τῆς
552 4457 831 4527 Παρθένου
859 4474 875 4523 ;
909 4458 1003 4509 καὶ
1030 4452 1184 4520 οὗτος
1207 4455 1317 4528 γὰρ
1348 4451 1429 4515 εἷς
1456 4456 1571 4508 ἔστι
1600 4454 1711 4507 τῶν
1757 4453 1994 4508 καθέκα-

415 4568 517 4605 στα
545 4549 871 4621 ἀνθρώπων.
903 4544 1055 4621 τΔρα
1079 4548 1189 4619 γὰρ
1218 4549 1313 4601 καὶ
1352 4549 1454 4618 τὴν
1505 4547 1747 4619 Μαρίαν,
1783 4546 1992 4618 ἀνθρω-

417 4652 521 4695 πον
560 4640 765 4694 εἴποιτε
799 4634 963 4704 εἶναι,
994 4639 1030 4711 ἢ
1087 4639 1190 4692 οὐκ
1240 4636 1567 4710 ἄνθρωπον;
1616 4636 1759 4693 Ἀλλ’
1785 4637 1836 4690 εί
1894 4637 1994 4708 μὲν

413 4736 515 4788 οὐκ
571 4732 881 4803 ἄνθρωπον,
918 4730 1109 4783 εἴπατε
1153 4730 1205 4783 τί
1260 4731 1360 4800 τὴν
1393 4729 1584 4784 οὐσίαν
1620 4730 1858 4800 ὑπάρχει
1894 4745 1906 4758 ·
1946 4732 1993 4782 εἰ

414 4825 471 4879 δὲ
511 4824 821 4896 ἄνθρωπον,
848 4822 940 4875 καὶ
974 4822 1089 4884 πῶς
1128 4821 1220 4874 τὸν
1249 4820 1484 4874 καθόλου
1530 4820 1820 4893 ἄνθρωπον
1849 4819 1991 4891 αὕτη

414 4918 736 4987 γεγέννηκε,
766 4914 968 4977 πολλὰς
1032 4913 1132 4985 μὲν
1184 4912 1491 4984 ἀνθρώπων
1554 4914 1751 4982 γενεὰς
1797 4913 1995 4985 ἔχοντα

414 5007 525 5077 πρὸ
574 5006 768 5076 αὐτῆς,
799 5003 1004 5068 πολλὰς
1056 5004 1116 5058 δὲ
1173 5004 1268 5057 καὶ
1316 5005 1435 5074 μετ’
1464 5004 1741 5075 αὑτήνςή
1791 5005 1908 5067 πῶς
1936 5003 1996 5057 τὸ

416 5099 668 5163 καθόλου,
697 5099 752 5153 τὶ
778 5098 888 5151 τῶν
918 5096 1151 5151 καθόλου
1180 5100 1493 5168 γεννήσειεν
1522 5114 1536 5161 ;
1590 5097 1749 5151 Ἀλλὰ
1775 5098 1852 5169 μὴ
1886 5096 1995 5151 οὐδ’

416 5193 585 5263 ἄνδρα
612 5190 847 5246 δύνασθε
872 5190 971 5261 τὴν
999 5192 1295 5260 σύμπασαν
1325 5190 1488 5260 φύσιν
1516 5190 1806 5261 ὀνομάζειν
1832 5206 1847 5221 ο
1872 5189 1998 5243 ἐπεὶ

419 5284 557 5357 μηδὲ
586 5286 844 5354 γυναῖκαο
870 5282 933 5336 τὸ
961 5281 1277 5350 ἅνθρωπος
1320 5284 1429 5354 γὰρ
1458 5284 1637 5337 κοινὸν
1660 5282 1869 5336 τούτων
1899 5282 1997 5336 κά-

419 5377 635 5444 κείνων,
672 5376 734 5430 τὸ
766 5375 922 5443 ἀνήρ
949 5376 1006 5428 δὲ
1040 5379 1133 5428 καὶ
1158 5375 1220 5429 τὸ
1250 5376 1503 5445 γύναιον
1529 5375 1844 5448 διακριτικὰ
1869 5373 1997 5428 καθ-

419 5468 619 5535 έστηκε
647 5467 748 5537 τῆς
771 5468 830 5519 ἐν
857 5469 924 5537 τῇ
949 5468 1103 5536 κοινῇ
1136 5464 1294 5533 φύσει
1327 5466 1617 5536 διαφορᾶς.

492 5559 618 5621 Ιιῶς
642 5558 702 5612 δὲ
740 5559 836 5611 καὶ
881 5558 943 5610 τὸ
989 5556 1118 5610 ἀλλο
1142 5556 1204 5608 ού
1237 5556 1428 5624 σαφὲς,
1457 5557 1541 5610 ὅτι
1568 5556 1758 5626 ὥσπερ
1788 5553 1867 5621 εἷς
1889 5554 2001 5607 τῶν

490 5673 560 5705 ⁶·¹
594 5671 717 5727 Aet.
777 5684 906 5734 xvu,
935 5669 1024 5739 50,
1059 5668 1148 5722 51.
1226 5670 1247 5701 '
1282 5669 1302 5723 Ι
1340 5668 1467 5724 Cor.
1510 5688 1597 5737 xv,
1633 5673 1722 5739 ΩΙ,
1768 5673 1858 5727 22.

424 5756 581 5808 tvm,
606 5742 694 5797 15.
771 5742 789 5773 ⁷
826 5738 970 5796 Psal.
998 5754 1104 5803 cut,
1136 5739 1191 5793 4.

785 5837 1058 5897 Ρηιιοι.
1103 5836 1220 5898 Gn.
1268 5837 1597 5901 LXXXVI.

1973 5673 1991 5701 ³
2029 5671 2046 5724 l
2080 5670 2222 5726 Tim.
2255 5686 2310 5735 ll,
2354 5671 2406 5724 5.

2090 3282 2290 3350 plenus
2316 3279 2622 3353 sapientiae,
2649 3287 2705 3335 et
2734 3279 2907 3351 gratia
2948 3269 3043 3335 Dei
3078 3287 3199 3335 erat
3236 3279 3291 3335 in
3321 3280 3415 3335 illo
3444 3283 3496 3347 ες
3533 3300 3551 3333 ι
3583 3291 3673 3335 et:

2098 3392 2117 3425 ι
2158 3370 2493 3442 Prophetam
2521 3371 2682 3428 vobis
2733 3371 3033 3427 suseitabit
3094 3371 3363 3433 Dominus
3402 3373 3549 3430 Deus
3579 3389 3676 3429 no-

2091 3474 2206 3521 ster
2244 3481 2275 3523 e
2305 3464 2576 3521 fratribus
2603 3464 2808 3520 vestris
2853 3472 3117 3533 tanquam
3142 3480 3229 3519 me
3256 3465 3312 3530 ⁶;
3348 3484 3366 3516 ›
3409 3473 3500 3519 et:
3551 3484 3569 3516 c
3594 3465 3675 3519 Tn

2090 3574 2152 3614 es
2176 3557 2439 3614 sacerdos
2474 3557 2531 3613 in
2561 3564 2834 3613 aeternum
2892 3555 3201 3611 secundum
3244 3555 3498 3611 ordinem
3550 3556 3679 3613 Mel-

2092 3649 2393 3705 chisedech
2421 3650 2441 3680 ⁷
2473 3688 2485 3703 .
2512 3666 2530 3699 ι
2576 3647 2722 3703 Num
2763 3647 2935 3718 igitur
2982 3647 3169 3702 omnia
3233 3647 3350 3702 iure
3376 3655 3431 3701 et
3476 3647 3679 3703 similia

2091 3754 2213 3811 quae
2237 3740 2528 3794 innumera
2576 3746 2730 3801 sunt,
2763 3752 2860 3807 per
2908 3737 3156 3793 divinam
3203 3737 3548 3809 Scripturam
3584 3753 3681 3808 po-

2093 3830 2281 3885 tuistis
2316 3845 2568 3886 asserere
2599 3829 2669 3884 de
2713 3829 2939 3884 homine
2982 3845 3207 3900 quoque
3234 3829 3551 3901 singulatim
3592 3829 3676 3883 di-

2092 3928 2182 3979 cta
2213 3922 2380 3977 esse?
2409 3921 2476 3976 Et
2500 3920 2783 3994 quomodo
2806 3921 3071 3992 possibile
3122 3930 3211 3978 est
3249 3920 3437 3978 dicere
3488 3936 3683 3978 omnes

2093 4013 2352 4068 homines
2381 4029 2411 4068 e
2446 4012 2657 4068 semine
2689 4013 2970 4068 Abraham
3016 4014 3179 4070 esse?
3221 4029 3403 4084 neque
3430 4030 3498 4069 ex
3557 4015 3684 4071 uni-

2091 4102 2293 4160 versali
2350 4102 2582 4166 semine,
2616 4102 2712 4157 sed
2761 4117 2830 4157 ex
2874 4102 3022 4157 tribu
3052 4100 3196 4157 Juda
3218 4141 3235 4166 ,
3270 4117 3455 4173 neque
3489 4118 3557 4157 ex
3588 4104 3681 4159 illa

2095 4201 2231 4258 tota,
2263 4191 2359 4248 sed
2386 4208 2417 4247 e
2441 4192 2608 4247 domo
2632 4191 2829 4257 David,
2872 4206 3056 4261 neque
3094 4207 3159 4247 ex
3186 4191 3277 4247 illa
3312 4200 3450 4257 tota,
3485 4192 3581 4247 sed
3613 4208 3681 4248 ex

2096 4284 2265 4338 Maria
2306 4282 2565 4354 Virgine?
2615 4283 2757 4339 Num
2823 4282 2967 4339 forte
3017 4283 3281 4339 diceretis
3334 4283 3599 4355 Caipham
3651 4303 3685 4343 c

2096 4372 2265 4427 Maria
2292 4373 2517 4443 Virgine
2550 4381 2739 4427 natum
2780 4374 2943 4427 esse?
2970 4372 3106 4428 Nam
3141 4373 3232 4427 ille
3262 4382 3348 4428 est
3402 4389 3547 4428 unus
3581 4375 3681 4428 ho-

2098 4462 2313 4516 minum
2343 4462 2660 4531 singulatim
2694 4470 3067 4532 snmptorum.
3120 4462 3265 4517 Num
3319 4462 3549 4517 Mariam
3585 4464 3684 4520 bo-

2097 4555 2303 4611 minem
2340 4553 2604 4609 diceretis
2640 4567 2786 4617 esse,
2818 4560 2915 4607 aut
2953 4568 3065 4608 non
3123 4553 3519 4610 hominem?Si
3552 4570 3688 4610 vero

2098 4664 2207 4703 non
2240 4647 2544 4712 hominem,
2570 4645 2738 4701 dicite
2756 4662 2861 4715 qua
2898 4645 3144 4701 essentia
3166 4646 3429 4710 exsistat;
3463 4645 3548 4701 sin
3582 4662 3679 4701 au-

2098 4750 2208 4795 tem
2236 4738 2519 4794 hominem
2544 4737 2753 4801 dicitis,
2782 4738 3064 4808 quomodo
3089 4738 3371 4813 hominem
3392 4739 3446 4792 in
3478 4752 3685 4809 genere

2099 4832 2189 4885 illa
2229 4829 2482 4901 peperit,
2554 4829 2814 4898 plurimis
2868 4829 3163 4885 hominum
3222 4828 3687 4902 generationibus

2102 4931 2231 4976 ante
2257 4920 2406 4975 illam
2440 4919 2867 4985 exsistentibus,
2925 4920 3299 4992 plurimisque
3353 4928 3477 4991 post
3536 4919 3685 4973 illam

2102 5012 2427 5069 exstituris?
2462 5011 2573 5067 Aut
2616 5011 2895 5081 quomodo
2932 5011 3081 5081 quod
3117 5018 3204 5066 est
3248 5010 3304 5064 in
3336 5023 3561 5079 genere,
3586 5008 3689 5062 ali—

2103 5105 2238 5176 quid
2271 5120 2465 5161 eorum
2496 5120 2620 5175 quae
2650 5113 2782 5159 sunt
2829 5104 2883 5157 in
2915 5118 3117 5173 genere
3150 5116 3345 5172 parere
3400 5100 3686 5169 potuerit?

2105 5196 2211 5253 Sed
2240 5212 2351 5252 non
2378 5198 2559 5251 virum
2592 5195 2826 5266 potestis
2856 5193 3145 5248 nominare
3180 5192 3553 5247 universalem
3586 5206 3686 5247 na-

2106 5299 2457 5354 turam,cum
2512 5303 2693 5360 neque
2726 5287 3050 5349 mulierem;
3093 5286 3255 5338 homo
3302 5284 3450 5337 enim
3494 5281 3686 5339 illiset

2106 5380 2194 5434 his
2225 5393 2522 5433 commune
2557 5376 2833 5447 quoddam
2886 5380 2992 5438 est,
3038 5375 3120 5427 vir
3165 5382 3352 5428 autem
3392 5380 3449 5427 et
3493 5372 3687 5428 mulier

2106 5466 2492 5522 distinctiones
2539 5474 2670 5520 sunt
2709 5464 3041 5520 differentiae
3060 5463 3117 5518 in
3143 5464 3427 5519 communi
3462 5471 3683 5522 natura.

2181 5558 2472 5624 Quomodo
2530 5565 2715 5611 autem
2776 5557 2883 5611 hoc
2933 5554 3083 5611 aliud
3132 5571 3242 5611 non
3304 5556 3684 5626 perspicuum,

2514 5670 2533 5699 ‘
2572 5670 2708 5723 Luc.
2740 5685 2797 5735 ιι,
2827 5668 2915 5724 52.
3032 5671 3052 5701 '
3082 5668 3239 5723 ibid..
3273 5669 3364 5724 42.
3482 5670 3502 5707 ⁸
3523 5669 3684 5729 Deut;

3328 5838 3404 5896 ιν
