4116 6486
504 383 636 448 1547

1769 381 2079 444 LEONTII
2121 377 2532 445 BYZANTINI

3642 378 3778 448 1518

500 493 675 566 quod,
707 493 853 548 sicut
885 505 1032 548 unus
1056 493 1308 548 omnium
1335 498 1393 547 e't
1447 490 1783 562 principium
1838 490 2088 545 mortalis

2201 493 2414 547 πάντων
2465 493 2562 547 καὶ
2613 491 2834 564 πρῶτος
2885 493 2985 565 τῆς
3041 489 3244 568 θνητῆς
3301 494 3692 561 καταστάσεως
3747 496 3778 548 ό

503 588 872 643 institutionis
912 587 1019 642 fuit
1052 587 1249 652 Adam,
1279 602 1382 655 per
1422 600 1588 656 quem
1635 599 1830 640 omnes
1879 584 2090 638 similes

502 680 634 737 facti
665 697 860 747 sumps
909 681 1175 736 mortales
1237 679 1546 734 secundum
1591 688 1872 741 naturam,
1905 676 1987 732 sic
2032 683 2092 730 et

502 772 758 832 Christus
807 771 1116 829 secundum
1149 787 1372 828 carnem
1421 786 1568 826 unus
1591 778 1678 826 est
1717 771 1991 834 omnium.
2033 777 2091 824 et

504 864 841 934 principium
865 865 1134 918 transitus
1157 863 1226 917 ad
1264 862 1757 928 immortalitatem,
1785 876 1888 931 per
1923 874 2090 929 quem

503 974 716 1023 omnes,
750 967 812 1012 ut
841 957 980 1027 ipse,
1001 956 1128 1011 vitae
1152 955 1478 1009 immortalis
1500 953 1906 1024 possessionem
1941 951 2090 1007 obti-

503 1049 739 1105 nemus?
768 1049 990 1118 etquod
1014 1063 1160 1102 unus
1177 1047 1346 1101 homo
1368 1047 1659 1100 hominum
1677 1053 1733 1100 et
1756 1045 1853 1100 Dei
1883 1044 2091 1100 media-

502 1143 625 1197 tor?
654 1142 944 1208 Quomodo
1002 1143 1152 1195 enim
1195 1154 1394 1194 omnes
1445 1139 1553 1193 sibi
1596 1138 1936 1193 mediatores
1966 1151 2090 1193 esse

503 1236 762 1306 possent?
786 1233 879 1289 Vel
915 1233 1196 1304 quomodo
1222 1248 1418 1288 omnes
1441 1231 1590 1303 apud
1616 1247 1676 1287 se
1703 1231 1878 1302 gratia
1908 1239 1966 1285 et
2001 1246 2090 1285 sa-

503 1328 712 1398 pientia
739 1326 1114 1397 proficerent?
1143 1325 1298 1380 Multi
1321 1324 1468 1380 enim
1489 1326 1724 1396 juvenes
1749 1323 2087 1387 moriuntur,

503 1419 571 1474 ad
609 1419 909 1489 perfectam
940 1424 1158 1473 aetatem
1182 1433 1294 1471 non
1330 1417 1728 1487 proﬁcientes;
1759 1424 1814 1470 et
1844 1415 1940 1469 alii
1964 1430 2092 1468 rur-

503 1530 600 1569 sus
625 1512 850 1584 plurimi
886 1513 939 1566 in
972 1511 1154 1566 medio
1183 1511 1477 1566 dementiae
1503 1518 1561 1564 et
1617 1509 1924 1579 impietatis
1960 1523 2090 1562 ver-

503 1613 718 1670 santur,
754 1621 864 1659 non
903 1613 1091 1658 autem
1126 1602 1414 1672 sapientiae
1441 1608 1500 1656 et
1520 1601 1715 1673 gratiae
1738 1599 1835 1655 Dei
1860 1600 1918 1654 in
1945 1599 2088 1654 istis.

502 1696 898 1750 Verumtamen
967 1709 1148 1762 neque
1202 1708 1398 1748 omnes
1447 1691 1735 1762 propheta:
1780 1689 2090 1746 secundum

503 1786 750 1858 Moysen,
778 1803 958 1857 neque
981 1782 1618 1841 saccrdotessecundum
1643 1781 2088 1847 Melchisedech;

2204 585 2378 655 Ἀδὰμ
2426 585 2494 639 δι’
2527 579 2589 640 οὗ
2659 587 2862 650 πάντες
2901 587 3079 658 ὅμοιοι
3099 588 3410 659 γεγόναμεν
3453 587 3643 658 θνητοὶ
3674 603 3774 640 κα-

2191 677 2260 731 τά
2307 679 2489 748 φύσιν,
2527 677 2674 734 οὕτω
2724 680 2820 733 καὶ
2844 682 2872 733 ὁ
2923 680 3160 752 Χριστὸς
3189 680 3249 735 τὸ
3301 681 3444 735 κατά
3481 680 3666 753 σάρκα
3696 673 3776 742 εἷς

2190 775 2310 827 ἐστι
2368 773 2479 827 τῶν
2541 773 2780 834 πάντων,
2813 778 2910 828 καὶ
2944 774 3186 846 ἀρχηγὸς
3244 775 3345 844 τῆς
3400 775 3457 828 ἐν
3507 773 3779 846 ἀθανασίᾳ

2191 864 2470 936 διαγωγῆς
2495 908 2510 930 ,
2543 866 2610 920 δι’
2636 859 2698 920 οὗ
2735 867 2939 932 πάντες
2989 869 3113 920 κατ’
3141 866 3324 930 αὑτὸν,
3357 866 3459 936 τῆς
3505 865 3777 920 ἀθανάτου

2192 955 2340 1028 ζωῆς
2400 960 2459 1012 ὲν
2511 959 2733 1027 καθέξει
2789 961 3060 1032 γινόμεθα
3091 979 3105 1028 ;
3132 961 3227 1015 καὶ
3271 961 3353 1014 ὅτι
3383 954 3463 1025 εἷς
3492 959 3782 1028 ἄνθρωπος

2192 1051 2502 1121 ἀνθρώπων
2559 1054 2652 1107 καὶ
2701 1054 2840 1107 Θεοῦ
2902 1053 3135 1124 μεσίτης
3169 1072 3182 1120 ;
3214 1054 3341 1118 Πῶς
3370 1053 3479 1124 γὰρ
3504 1054 3554 1106 οί
3579 1053 3782 1115 πάντες

2193 1140 2406 1204 ἑαυτοῖς
2462 1143 2843 1209 μεσιτεύουσιν
2873 1161 2888 1210 ;
2926 1143 2959 1213 ἦ
2992 1144 3112 1207 πῶς
3152 1147 3351 1208 πάντες
3405 1145 3538 1215 παρ’
3565 1145 3781 1208 ἑαυτοῖς

2193 1229 2382 1301 χάριτι
2429 1232 2525 1285 καὶ
2585 1233 2750 1304 σοφίᾳ
2795 1233 3134 1303 προκόψαιεν
3165 1252 3180 1298 ;
3216 1233 3282 1288 Οἱ
3314 1231 3504 1285 πολλοὶ
3549 1231 3656 1302 γὰρ
3686 1233 3781 1285 καὶ

2190 1322 2361 1394 ἄωροι
2416 1326 2716 1395 κοιμῶνται
2743 1367 2759 1389 ,
2793 1328 2885 1380 ἐπὶ
2918 1328 3016 1397 τὴν
3040 1325 3255 1380 τελείαν
3283 1325 3502 1396 ἡλικίαν
3537 1325 3614 1396 μὴ
3651 1341 3782 1393 προ⁴

2193 1417 2523 1480 κόπτοντεςο
2552 1419 2648 1471 καὶ
2681 1418 2835 1472 ἄλλοι
2894 1418 3058 1474 πάλιν
3109 1419 3352 1472 πλεῖστοι
3405 1417 3599 1479 ἀνοίας
3643 1417 3780 1470 εἰσὶν

2193 1509 2496 1580 ἀνάμεστοι
2527 1512 2625 1563 καὶ
2649 1510 2930 1576 ἀσεϐείας,
2971 1512 3096 1583 οὑχὶ
3116 1513 3176 1567 δὲ
3204 1513 3401 1582 σοφίας
3433 1512 3532 1565 καὶ
3562 1511 3780 1581 χάριτος

2191 1601 2327 1655 Θεοῦ
2360 1600 2461 1671 τῆς
2480 1602 2568 1655 ἐπ’
2597 1602 2814 1667 αὑτούς.
2857 1603 3022 1658 Ἀλλά
3049 1605 3157 1676 μὴν
3185 1605 3306 1659 οὑδὲ
3335 1603 3620 1677 προφῆται
3647 1603 3780 1657 πάνυ

2191 1707 2284 1754 τες
2327 1690 2471 1745 κατὰ
2519 1693 2782 1757 Μωῦσέα,
2818 1693 2940 1747 οὑδὲ
3004 1696 3170 1765 ἱερεῖς
3217 1695 3359 1749 κατά
3390 1693 3732 1765 Μελχισεδέκ
3759 1708 3774 1723 ⁶

2193 1784 2321 1837 ἐπεὶ
2344 1782 2465 1856 ὥρα
2496 1785 2644 1853 ὑμᾶς
2671 1785 2771 1855 τὴν
2807 1785 3112 1858 ἱερωσύνην
3141 1787 3252 1840 τῶν
3286 1785 3658 1842 εἰδωλοθύτων
3688 1785 3777 1840 καὶ

503 1894 629 1936 cum
674 1895 902 1936 necesse
932 1878 1091 1933 vobis
1141 1879 1213 1933 sit
1260 1876 1630 1932 sacerdotium
1665 1873 1834 1930 idolis
1878 1872 2092 1929 sacriﬁ-

2201 1875 2292 1940 τὰς
2338 1877 2596 1946 μαντείας
2625 1878 2726 1940 τάς
2779 1878 2932 1950 παρά
2967 1881 3082 1943 τοῖς
3131 1879 3394 1952 Ἕλλησι,
3447 1879 3780 1950 προφητείας

503 1972 751 2028 cantium
784 1981 841 2027 et
871 1972 1096 2026 oracula
1133 1971 1476 2032 Graecorum,
1511 1967 1866 2043 'prophetias
1907 1966 2094 2037 appel-

501 2059 618 2116 lare
651 2057 920 2142 Mpsaicas
967 2068 1024 2113 et
1060 2059 1373 2114 sacerdotia
1411 2059 1764 2125 Christiana;
1817 2057 1965 2128 quod
2009 2064 2095 2112 est

504 2153 758 2223 impium.
795 2152 905 2209 Sed
943 2151 1078 2222 quid
1124 2166 1308 2207 meum
1340 2150 1408 2207 de
1458 2151 1563 2207 hac.
1600 2167 1661 2206 re
1694 2150 1950 2221 produco
1974 2165 2094 2203 ser-

503 2246 760 2301 monem?
816 2261 928 2300 non
979 2245 1128 2300 enim
1172 2244 1320 2300 istud
1368 2244 1629 2301 omnibus
1685 2244 1796 2300 illis
1844 2243 2092 2298 videtur.

501 2337 658 2395 Unus
710 2337 860 2394 enim
910 2354 978 2392 ex
1025 2337 1420 2393 defensoribus
1465 2337 1626 2392 istius
1659 2336 1936 2408 dogmatis
1965 2351 2093 2389 cum

503 2432 881 2501 interrogatus
910 2429 1108 2486 luisset
1131 2446 1162 2484 a
1205 2429 1447 2500 quodam
1503 2429 1954 2484 ratiocinationis
1981 2444 2094 2485 non

503 2521 784 2592 imperito,
826 2535 1078 2591 quamam
1107 2529 1294 2576 essent
1353 2521 1494 2585 illae,
1543 2537 1683 2591 quas
1743 2521 1960 2586 dicunt,
1992 2536 2095 2574 nas

503 2621 671 2678 turte,
691 2613 886 2668 totales
903 2628 972 2667 an
998 2612 1279 2682 partiales,
1306 2612 1592 2682 respondit
1615 2613 1714 2668 has
1737 2623 1795 2668 et
1822 2613 1942 2667 illas
1974 2627 2095 2667 esse

505 2718 704 2774 posse;
735 2702 843 2758 alia
871 2710 1056 2759 tamen
1087 2711 1144 2758 et
1177 2702 1285 2758 alia
1312 2702 1551 2758 ratione.
1586 2702 1645 2758 Si
1687 2703 1859 2765 enim,
1892 2702 2093 2774 inquit,

504 2795 562 2850 in
589 2811 649 2850 se
684 2795 985 2850 habuerint
1020 2795 1295 2850 rationem
1329 2793 1644 2849 communis
1683 2795 1959 2860 essentia,
2009 2793 2095 2849 di-

505 2896 776 2944 cerentur
821 2903 1188 2955 communes;
1252 2904 1382 2944 cum
1417 2886 1560 2943 ratio
1600 2887 1848 2942 hominis
1901 2887 1960 2942 in
2005 2903 2097 2958 ge-

504 2993 640 3033 nere
671 2978 744 3033 sit
781 2976 988 3033 animal
1014 2978 1288 3034 rationale
1321 2979 1574 3044 mortale,
1607 2987 1666 3034 et
1688 2977 1835 3034 hanc
1862 2977 2096 3034 eviden-

505 3080 591 3127 ter
620 3065 818 3126 habuit
841 3070 990 3141 quod
1015 3086 1046 3126 e
1069 3071 1233 3128 nobis
1256 3071 1383 3127 fuit.
1432 3070 1702 3127 Similiter
1729 3080 1915 3128 autem
1947 3071 2098 3128 dice-

505 3177 714 3229 remus,
739 3163 942 3234 inquit,
976 3163 1045 3218 de
1073 3163 1188 3218 Deo
1212 3163 1417 3218 Verbo.
1456 3163 1616 3230 Quod
1677 3171 1862 3219 autem
1895 3180 2005 3220 non
2035 3180 2094 3220 se

506 3253 886 3311 incarnaverit
909 3256 1093 3310 omnis
1116 3263 1309 3311 sancta
1347 3255 1533 3320 Trias,
1575 3271 1687 3311 non
1735 3265 1886 3312 certe
1917 3257 2097 3311 omni-

505 3347 614 3402 bus
651 3348 755 3402 sub
777 3347 1019 3402 humana
1050 3355 1253 3401 natura
1277 3347 1596 3419 iacentibus
1635 3347 1877 3413 entibus,
1921 3348 2098 3418 parti-

507 3438 729 3493 culares
775 3447 965 3494 essent
991 3447 1207 3494 naturae
1236 3445 1293 3492 et
1331 3452 1442 3492 non
1475 3452 1821 3495 communes.
1850 3439 2100 3495 Audiens

509 3532 578 3587 ab
613 3531 1016 3602 interrogatore
1066 3531 1200 3601 quid
1249 3543 1441 3586 essent
1464 3539 1679 3586 naturae
1707 3531 2097 3601 particulares,

509 3640 581 3680 an
612 3623 995 3689 subsistentia,
1024 3623 1315 3694 respondit
1339 3639 1440 3694 per
1493 3623 1645 3680 istud
1674 3623 1917 3678 Nestorii
1965 3640 2099 3695 pro-

510 3717 773 3788 positum,
808 3725 865 3772 et
901 3716 1124 3771 induxit
1154 3715 1223 3771 ad
1266 3716 1390 3772 illos
1441 3716 1792 3772 excusandos
1832 3718 2101 3774 evertisse

510 3808 881 3864 domesticum
921 3807 1140 3879 dogma.

585 3899 707 3954 Non
745 3899 999 3970 pluribus
1021 3915 1161 3970 opus
1192 3908 1277 3955 est
1312 3901 1808 3972 propositionibus,
1843 3918 1948 3958 nec
1990 3901 2102 3958 dis-

512 3991 878 4047 tinetionibus
906 4031 922 4058 ,
978 4006 1081 4046 nec
1114 3992 1708 4062 argumentationibus,
1736 4008 1843 4048 nec
1873 3993 2102 4049 concio-

513 4083 713 4151 nibus;
761 4083 1090 4140 conceditur
1143 4085 1294 4139 enim
1349 4085 1509 4139 vobis
1559 4084 1924 4155 particulares
1979 4098 2103 4140 esse

513 4178 655 4233 duas
679 4193 818 4248 quas
846 4177 1032 4233 dicitis
1073 4186 1340 4243 naturas;
1374 4176 1483 4232 etsi
1529 4193 1695 4248 quam
1741 4177 1981 4234 maxime
2007 4177 2102 4232 ni-

514 4269 594 4326 hil
623 4269 803 4324 simile
821 4284 924 4324 nos
957 4269 1026 4324 de
1056 4269 1242 4324 divina
1290 4268 1529 4323 dicimus
1573 4276 1773 4324 natura
1811 4286 1825 4324 :
1867 4269 1964 4325 sed
1993 4269 2104 4324 scie-

513 4375 640 4416 mus
672 4360 820 4415 illam
851 4359 1108 4415 similiter
1145 4373 1498 4416 communem
1557 4373 1704 4422 esse,
1734 4365 1792 4414 et
1846 4358 1903 4414 in
1924 4358 2104 4428 parti-

509 4453 692 4508 culari
726 4453 1088 4508 subsistentia
1129 4453 1306 4509 'Verbi
1334 4451 1764 4524 ,particulariter
1815 4451 2104 4507 incarnata

2195 1969 2487 2039 ὀνομάζειν
2539 1969 2840 2034 Μωσαῖκάς
2887 1971 2984 2026 καὶ
3026 1971 3328 2044 ἱερωσύνας
3362 1970 3777 2043 Χριστιανικάς,

2195 2061 2334 2132 ὅπερ
2388 2062 2604 2126 ἀσεϐές.
2645 2062 2807 2116 Ἀλλά
2856 2062 2908 2116 τί
2963 2080 3066 2134 μου
3127 2065 3259 2136 περὶ
3287 2063 3498 2117 τούτων
3563 2061 3780 2116 ἐκτείνω

2194 2155 2323 2215 τοὺς
2371 2153 2602 2222 λόγους;
2636 2155 2757 2208 οὑδὲ
2819 2154 2929 2226 γάρ
2977 2157 3148 2210 πᾶσιν
3199 2157 3387 2219 αὑτοῖς
3424 2154 3586 2210 τοῦτο
3616 2155 3774 2210 δοκεῖ.

2198 2237 2292 2308 Εἷς
2323 2245 2435 2315 γὰρ
2465 2245 2576 2299 τῶν
2623 2247 3048 2316 προεστηκότων
3106 2245 3327 2301 τουτουῒ
3376 2247 3474 2300 τοῦ
3513 2246 3779 2316 δόγματος

2196 2335 2494 2405 ἐρωτηθεὶς
2548 2335 2653 2389 ὑπό
2697 2353 2844 2400 τινος
2872 2336 2973 2390 οὑκ
3001 2337 3234 2406 ἀπείρου
3268 2335 3377 2389 τῶν
3403 2335 3600 2404 λόγων,
3640 2333 3778 2397 τίνες

2195 2424 2261 2478 ἀν
2286 2425 2478 2497 εἴησαν
2507 2428 2562 2481 αἱ
2593 2427 2727 2499 παρ’
2755 2427 2934 2480 αὑτῶν
2962 2427 3255 2498 λεγόμεναι
3287 2426 3506 2497 φύσεις,
3540 2426 3718 2480 όλικαὶ
3746 2424 3779 2495 ἢ

2199 2517 2448 2589 μερικαὶ,
2475 2518 2813 2588 ἀπεκρίνατο
2844 2519 2944 2588 μὲν
2973 2517 3234 2572 δύνασθαι
3262 2519 3359 2575 καὶ
3405 2519 3614 2581 ταύτας
3645 2513 3778 2571 εἶναι

2196 2611 2483 2677 κάκείνας,
2523 2613 2696 2684 ἑτέρῳ
2757 2612 2942 2683 μέντοι
2999 2615 3096 2668 καὶ
3139 2613 3313 2685 ἑτέρῳ
3349 2613 3518 2684 λόγῳ.
3544 2611 3634 2683 Τῷ
3652 2611 3776 2680 γὰρ,

2197 2705 2385 2773 φησὶν,
2415 2703 2562 2774 ἔχειν
2596 2707 2654 2758 ἐν
2676 2705 2898 2768 ἑαυταῖς
2918 2705 3011 2758 τὸν
3040 2705 3199 2774 λόγον
3227 2705 3326 2775 τῆς
3356 2704 3549 2773 κοινῆς
3575 2703 3773 2764 οὐσίας,

2195 2795 2520 2868 λεχθείησαν
2541 2798 2607 2851 ἂν
2631 2797 2808 2851 κοιναί
2829 2816 2842 2830 ν
2866 2797 2990 2872 ὲπεξι
3011 2797 3149 2863 ζῶον
3172 2798 3393 2867 λογικὸν
3422 2797 3616 2869 θνητὸν
3641 2796 3668 2849 ό
3687 2792 3773 2846 τοῦ

2197 2887 2426 2941 καθόλου
2480 2887 2770 2960 ἀνθρώπου
2834 2889 3026 2958 λόγος’
3061 2890 3252 2944 τοῦτον
3285 2891 3342 2944 δὲ
3381 2886 3497 2961 εἶχε
3545 2887 3776 2961 δηλονότι

2197 2981 2389 3034 καὶτὸ
2433 2981 2492 3048 ἐξ
2537 2982 2716 3054 ἡμῶν.
2769 2983 3004 3052 Ὁμοίως
3033 2983 3078 3036 δ’
3106 2985 3173 3038 ἂν
3203 2984 3459 3056 εἴποιμεν
3507 2985 3602 3037 καὶ
3655 2981 3776 3054 περὶ

2194 3071 2290 3125 τοῦ
2315 3070 2450 3125 Θεοῦ
2485 3073 2687 3141 Λόγου,
2716 3073 2870 3144 φησί.
2903 3073 2993 3144 Τῷ
3024 3073 3080 3126 δὲ
3115 3073 3190 3144 μὴ
3222 3075 3408 3129 πᾶσαν
3433 3073 3775 3145 ὲνηνθρωπη-

2199 3163 2352 3217 κέναι
2381 3163 2481 3234 τὴν
2510 3164 2674 3232 ἁγίαν
2700 3164 2929 3236 Τριάδα,
2963 3165 3102 3236 μήτε
3128 3165 3236 3236 μὴν
3264 3166 3402 3218 πᾶσι
3426 3167 3538 3228 τοῖς
3561 3162 3662 3216 ὑπὸ
3683 3159 3774 3228 τὴν

2201 3256 2550 3330 ἀνθρωπείαν
2582 3255 2744 3326 φύσιν
2774 3256 3023 3327 ἀτόμοις,
3057 3255 3222 3309 ίδικαὶ
3253 3256 3321 3311 ἀν
3352 3258 3546 3325 εἴησαν
3581 3254 3670 3308 καὶ
3718 3252 3774 3304 οὑ

2202 3351 2400 3408 κοιναί.
2445 3351 2712 3415 Ἀκούσας
2753 3350 2809 3405 δὲ
2841 3351 2993 3422 παρὰ
3024 3349 3119 3403 τοῦ
3169 3349 3480 3421 πυθομένου
3513 3347 3604 3402 καὶ
3633 3345 3685 3400 τί
3715 3344 3776 3398 ἂν

2202 3444 2395 3516 εἴησαν
2426 3443 2593 3498 ξδικαὶ
2629 3444 2841 3514 φύσεις,
2874 3445 2908 3515 ἢ
2941 3443 3262 3508 ὑπόστασις,
3294 3442 3453 3511 ἔλεγε
3490 3439 3647 3494 τοῦτο
3675 3436 3776 3490 Νε-

2205 3537 2421 3607 στορίου
2445 3536 2768 3608 πρόϐλημα,
2804 3537 2900 3589 καὶ
2934 3537 3169 3608 ἤρκεσεν
3189 3534 3255 3588 ἃν
3288 3535 3474 3589 αὐτῶν
3503 3531 3634 3604 πρὸς
3654 3529 3776 3583 ἀπο-

2201 3628 2412 3699 λογίαν,
2447 3629 2541 3682 τοῦ
2581 3627 2990 3700 ἀνατετράφθαι
3030 3627 3089 3681 τὸ
3127 3629 3328 3681 οἰκεῖον
3356 3626 3555 3698 δόγμα.

2279 3893 2353 3948 Οὑ
2377 3893 2643 3949 πλειόνων
2669 3893 2831 3966 χρεία
2855 3892 3163 3968 λημμάτων
3210 3896 3305 3949 καὶ
3351 3893 3667 3964 διαιρέσεων
3693 3887 3778 3942 καὶ

2205 3987 2566 4042 κατασκευῶν
2619 3988 2716 4041 καὶ
2745 3987 2996 4059 ὁμιλιῶν.
3026 3986 3274 4042 Δεδόσθω
3312 3987 3426 4060 γάρ
3461 3989 3588 4058 ὑμῖν
3618 3980 3777 4043 ίδικὰς

2206 4073 2345 4130 εἶναι
2376 4077 2476 4141 τὰς
2505 4076 2602 4130 δύο
2638 4076 2941 4148 λεγομένας
2969 4077 3160 4141 οὐσίας
3181 4093 3197 4108 ⁸
3227 4079 3276 4131 εἰ
3308 4077 3405 4132 καὶ
3442 4079 3524 4131 ὅτι
3559 4071 3776 4145 μάλιστα

2204 4168 2359 4225 οὐδὲν
2414 4168 2655 4224 τοιοῦτον
2689 4171 2851 4242 ἡμεῖς
2871 4170 2966 4224 ἐπὶ
3001 4170 3096 4241 τῆς
3129 4170 3282 4234 θείας
3312 4170 3498 4241 φαμὲν
3529 4167 3733 4237 φύσεως
3757 4177 3771 4193 ⁸

2204 4259 2320 4314 ἀλλ’
2347 4258 2570 4331 οἴδαμεν
2594 4260 2765 4332 αὑτὴν
2792 4260 2994 4330 ὁμοίως
3015 4278 3074 4315 τε
3100 4261 3284 4333 κοινὴν
3307 4261 3496 4325 οὖσαν,
3519 4259 3609 4312 καὶ
3634 4259 3690 4310 ὲν
3717 4252 3774 4322 τῇ

2209 4351 2350 4424 ίδικῇ
2368 4352 2664 4406 ὑποστάσει
2680 4351 2774 4406 τοῦ
2797 4352 2971 4422 Λόγου
2998 4352 3182 4417 ίδικῶς
3200 4353 3546 4425 σαρκωθείσῃ
3570 4346 3779 4414 ἐνυπάρ-

2206 4457 2344 4513 χειν.
2365 4442 2500 4513 ’ἰδίῳ
2518 4441 2628 4514 γὰρ
2648 4441 2792 4513 λόγῳ
2804 4440 3004 4512 ἔχουσα
3022 4441 3083 4495 τὸ
3109 4441 3438 4512 ἀδιαίρετον,
3463 4439 3539 4503 ὡς
3562 4431 3776 4506 ἀμερὴς.

514 4545 819 4613 exsistere;
887 4546 1112 4617 proprie
1165 4545 1317 4600 enim
1373 4544 1655 4617 loquendo
1707 4543 2098 4601 indivisionem

2208 4533 2396 4604 ἀπαθῆ
2448 4533 2708 4602 φυλάττει
2757 4533 2853 4586 καὶ
2907 4533 3301 4604 διακρινομένη
3351 4536 3452 4604 τὴν
3508 4529 3778 4593 κοινότητα

517 4636 766 4703 habens,
847 4645 1109 4708 tanquam
1173 4636 1426 4707 partibus
1485 4651 1718 4703 carens,
1783 4635 2105 4692 inviolatam

516 4735 739 4792 servat,
797 4727 966 4782 etiam
1027 4726 1329 4786 distincta.
1413 4728 1864 4782 communitatem
1927 4742 2104 4782 suam.

513 4819 752 4876 Aliunde
769 4836 880 4890 quo
905 4823 915 4873 Ι
945 4821 1114 4875 tantis
1146 4820 1435 4876 laboribus
1465 4830 1790 4892 congestum
1819 4828 1905 4877 est
1934 4830 1992 4876 et
2025 4821 2109 4876 in-

517 4921 793 4968 tentatum
816 4929 845 4967 a
875 4912 1059 4979 vobis,
1089 4913 1223 4968 illud
1246 4922 1351 4979 est,
1395 4913 1535 4968 nihil
1561 4913 1711 4968 aliud
1754 4929 1878 4969 esse
1928 4913 2110 4968 subsi-

514 5007 748 5063 stentias
777 5006 884 5061 nisi
915 5006 1283 5077 particulares
1313 5015 1573 5074 naturas;
1605 5016 1662 5062 ct
1681 5015 1898 5076 oportet
1927 5015 1988 5062 ut
2011 5021 2110 5063 vos

515 5100 769 5156 dicentes
793 5098 935 5154 duas
958 5107 1186 5153 naturas
1210 5113 1352 5164 esse,
1378 5105 1433 5153 et
1464 5097 1566 5152 llas
1589 5096 1989 5168 particulares,
2014 5104 2109 5151 aut

515 5191 842 5246 alterutram
868 5206 1061 5246 carum
1091 5191 1292 5255 solum,
1325 5198 1458 5260 puta
1493 5190 1817 5256 humanam,
1855 5189 1996 5244 duas
2027 5190 2113 5243 vi-

515 5284 760 5340 deatisct
777 5298 898 5338 esse
915 5283 1306 5339 subsistentias
1325 5301 1340 5352 ;
1363 5282 1566 5338 divina:
1585 5281 1736 5338 enim
1752 5291 1966 5338 naturae
1977 5296 2112 5336 con-

517 5375 735 5433 ceditur
751 5375 1144 5447 praeexstitisse
1173 5376 1550 5432 subsistentia.
1584 5375 1714 5442 Sed,
1750 5390 1785 5432 o
1808 5375 2108 5447 sapientes,

517 5465 752 5522 multum
764 5466 1016 5522 fallimini
1027 5511 1041 5534 ,
1059 5467 1134 5522 ita
1151 5466 1232 5522 rei
1253 5467 1531 5536 inquisita:
1543 5467 1810 5523 rationem
1829 5466 1988 5537 prius
2000 5480 2108 5521 non

518 5557 958 5625 considerantes,
1002 5559 1098 5616 sed
1136 5559 1192 5614 in
1244 5560 1494 5630 quaedam
1527 5560 1896 5623 consecmria,
1931 5567 2026 5615 aut
2055 5558 2111 5613 in

518 5652 791 5707 rationem
835 5653 956 5707 sine
990 5651 1204 5708 ratione
1234 5668 1344 5707 non
1373 5653 1442 5707 ad
1481 5652 1845 5722 quaestionem
1882 5651 2114 5708 tenden-

521 5760 632 5799 tem
678 5744 985 5801 deviantes.
1034 5744 1158 5800 Non
1204 5744 1377 5810 enim,
1415 5743 1677 5814 quoniam
1728 5743 1896 5799 homo
1930 5742 2112 5797 anima

521 5833 786 5903 praeditus
815 5850 926 5891 non
951 5837 1071 5890 sine
1097 5835 1465 5907 respiratione
1487 5839 1634 5892 acris
1666 5844 1770 5902 est,
1799 5836 1910 5907 jam
1939 5836 2113 5907 inspi-

2213 4627 2436 4698 ἑαυτῆς.
2473 4626 2621 4697 Πλὴν
2674 4625 2738 4680 τὺ
2799 4626 3018 4698 μυρίοις
3046 4627 3178 4695 ὑμῖν
3208 4627 3403 4690 κόποις
3431 4620 3776 4690 συναγόμενον

2211 4717 2308 4772 καλ⁴
2347 4716 2812 4790 σπουδαζόμενον,
2837 4716 2998 4771 τοῦτό
3050 4720 3219 4784 ἐστιν,
3251 4717 3328 4781 ὡς
3391 4716 3543 4771 οὐδὲν
3608 4712 3776 4778 ἕτερον

2211 4812 2568 4876 ὑποστάσεις,
2596 4813 2644 4865 εἰ
2677 4811 2755 4883 μὴ
2795 4811 2960 4865 ίδικαὶ
2987 4811 3176 4880 φύσεις
3205 4811 3312 4865 εἰσί
3344 4828 3358 4841 ·
3386 4811 3480 4866 καὶ
3500 4807 3614 4863 δέον
3641 4799 3776 4872 ἡμᾶς

2209 4902 2467 4970 λέγοντας
2502 4901 2596 4955 δύο
2621 4901 2718 4965 τὰς
2743 4900 2959 4970 φύσεις,
2993 4903 3089 4954 καί
3119 4900 3296 4966 ίδικὰς
3320 4901 3547 4962 ταύτας,
3582 4894 3612 4964 ἤ
3635 4886 3777 4945 θατέ-

2213 5015 2315 5071 ραν
2338 4997 2517 5051 αὑτῶν
2553 4995 2744 5067 μόνην,
2779 4996 2947 5067 ἤγουν
2971 4993 3069 5066 τὴν
3101 4994 3450 5067 ἀνθρωπείαν
3471 5035 3486 5058 ,
3524 4989 3613 5044 δύο
3655 4981 3775 5038 ειδέ-

2212 5108 2300 5146 ναι
2346 5089 2517 5152 αὑτὰς
2561 5086 2728 5151 οὑσας
2785 5091 2880 5141 καὶ
2926 5087 3263 5152 ὑποστάσεις
3295 5104 3308 5119 ·
3349 5087 3451 5158 τῆς
3489 5084 3596 5153 γὰρ
3638 5075 3775 5158 θείας

2211 5183 2560 5255 ὡμολόγηται
2612 5181 3018 5253 προῦφεστῶσα
3051 5184 3085 5254 ἡ
3147 5157 3472 5244 ὑπόστασις.
3547 5169 3698 5234 Ἀλλ’,
3733 5157 3772 5217 ὦ

2216 5277 2400 5346 σοφοὶ,
2458 5276 2674 5347 μεγάλα
2731 5274 3036 5343 σφάλλεσθε
3103 5273 3246 5327 οὕτω
3305 5273 3399 5327 τοῦ
3459 5261 3770 5341 ζητουμένου

2214 5370 2543 5443 πράγματος
2601 5369 2692 5423 τὸν
2749 5369 2911 5438 λόγον
2963 5367 3199 5440 πρώτως
3253 5366 3328 5438 μὴ
3379 5356 3765 5420 κατανοοῦντες,

2213 5462 2331 5518 ἀλλ’
2363 5462 2443 5527 εἴς
2492 5479 2618 5517 τινα
2669 5462 3031 5533 παρεπόμενα
3050 5501 3065 5526 ,
3097 5460 3132 5532 ἢ
3165 5461 3257 5516 τὸν
3283 5460 3345 5514 οὑ
3377 5459 3450 5530 μὴ
3477 5455 3602 5510 ἀνευ

2215 5556 2480 5626 ἐπέχοντα
2521 5554 2660 5625 πρὸς
2701 5555 2763 5607 τὸ
2799 5553 3139 5625 ζητούμενον
3179 5547 3673 5625 παρατρεπόμενοι.
3703 5535 3765 5585 0'3

2216 5646 2324 5716 γὰρ
2350 5646 2474 5699 ἐπεὶ
2520 5647 2812 5717 ἅνθρωπος
2851 5644 3121 5716 ἓμψυχος,
3154 5645 3256 5698 οὑκ
3299 5644 3427 5699 ἄνευ
3472 5635 3611 5692 ἐστὶν
3655 5627 3768 5681 ἀναν

2216 5741 2387 5812 πνοῆς
2409 5741 2589 5810 ἀέρος,
2609 5740 2708 5811 ἤδη
2731 5739 2823 5794 τὸν
2847 5740 3234 5810 είσπνεόμενον
3262 5729 3620 5812 ἀέραοοίεσθαι
3641 5718 3767 5812 ἡμᾶς

2217 5811 2358 5891 εἶναι
2391 5834 2493 5906 τὴν
2521 5833 2698 5906 ψυχὴν
2733 5833 2853 5889 δέον
2884 5850 2898 5866 ·
2933 5834 3054 5888 οὐδὲ
3081 5833 3206 5888 ἐπεὶ
3233 5830 3523 5905 συμϐαίνει
3545 5819 3648 5882 τοῖς
3685 5811 3766 5864 9³⁸
3807 5865 3812 5870 ~
