4116 6470
403 383 541 451 1549

1352 382 1753 453 ADVERSUS
1786 376 2342 448 NESTORIANOS.
2365 407 2436 417 —
2470 376 2620 442 LIB.
2662 377 2745 439 II.

3538 366 3674 437 1550

398 499 549 554 νοῦσι
600 497 922 571 βαρυτέροις
971 497 1133 567 εἶναι,
1158 502 1258 573 ἤδη
1292 504 1388 555 καὶ
1438 503 1603 574 βάρος
1636 502 1804 572 ὁλκῆς
1834 494 1975 554 εἶναι

2108 505 2262 550 atum
2310 510 2437 551 aera
2472 493 2790 550 existimare
2826 505 2926 547 nos
2971 488 3208 545 animam
3252 502 3376 545 esse
3408 499 3665 560 oportet;

396 590 643 661 νομίζειν
668 592 817 654 εἰκὸς
845 592 936 646 τὸν
970 592 1217 648 Θάνατον.
1266 594 1427 647 Ἀλλά
1452 594 1570 647 δέον
1602 595 1711 647 πᾶν
1758 592 1821 645 τὸ
1851 592 1980 662 περὶ

398 678 461 741 οὗ
489 689 518 740 ὁ
541 685 699 755 λόγος
725 688 1147 754 κατανοοῦντας,
1174 690 1322 749 ὅπως
1350 688 1464 758 ἔχοι
1487 678 1515 740 ό
1546 687 1666 741 κατ’
1697 685 1839 740 αὐτὰ
1886 684 1980 737 λό-

398 796 497 848 γος
526 779 875 834 σκέπτεσθαι.
914 782 1029 835 Κάν
1063 799 1123 834 τε
1181 782 1290 854 γάρ
1341 783 1498 835 οὑσία
1541 798 1623 843 τις
1656 776 1712 854 ᾗ,
1740 780 1835 834 καὶ⁴
1859 780 1982 831 ἑπι-

404 874 705 944 συμδαῖνον
756 874 871 946 ἔχοι
895 891 949 927 τι
993 875 1102 929 τῶν
1131 878 1262 948 παρ’
1294 876 1489 946 αὐτὴν,
1532 874 1593 929 οὑ
1634 872 1984 944 συμϐεϐηκδς

401 957 539 1017 εἷναι
563 964 731 1035 αὐτὴν
761 964 996 1035 ἡγητέον
1021 982 1034 996 ⁶
1071 965 1171 1020 κάν
1194 983 1253 1018 τε
1282 953 1631 1035 συμϐεϐηκός
1665 981 1718 1016 τι
1743 964 1852 1032 εἴη,
1890 960 1987 1014 καὶ

404 1052 596 1127 ὥσπερ
620 1055 1125 1126 ἑπισυμόαίνουσαν
1157 1056 1308 1128 αὑτῷ
1337 1055 1451 1124 ἔχοι
1473 1052 1573 1125 τὴν
1598 1054 1809 1118 οὐσίαν,
1842 1051 1989 1105 ὲκεί-

403 1162 463 1200 νο
493 1145 729 1217 πρώτως
755 1147 849 1199 καὶ
876 1147 1084 1217 κυρίως
1110 1148 1211 1200 οὑκ
1232 1146 1440 1207 οὐσίαν,
1464 1138 1600 1198 ἀλλὰ
1632 1141 1985 1212 συμϐεϐηκὸς

403 1239 582 1308 λέγειν
614 1235 727 1306 δεῖ,
762 1234 1191 1310 συμϐεϐηκότως
1223 1238 1280 1292 δὲ
1333 1236 1646 1290 οὑσιῶσϐαι.
1681 1236 1828 1306 Πλὴν
1862 1232 1987 1287 ἐπεὶ

403 1335 527 1390 οὐδὲ
561 1336 721 1405 ὑμεῖς
753 1334 892 1406 πρὸς
927 1335 1025 1403 τὴν
1054 1333 1164 1386 τῶν
1202 1332 1422 1385 τοιῶνδε
1473 1329 1713 1401 μάθησιν
1760 1324 1987 1391 ἑαυτοὺς

406 1426 539 1496 ἡμῖν
563 1423 919 1489 ὲκδεδώκατξ,
961 1423 1081 1476 οὐδὲ
1118 1424 1279 1492 ἡμεῖς
1309 1423 1436 1491 ὑμῖν
1472 1419 1606 1490 πρὸς
1655 1419 1865 1474 τοιάνδε
1909 1414 1988 1470 δι-

409 1515 703 1571 δασκαλίαν
738 1515 1159 1588 ὲπιῤῥίπτομεν.
1184 1508 1323 1567 Τάδε
1356 1508 1455 1584 μὲν
1491 1508 1633 1575 ἃλις.

478 1772 682 1848 Ἕτερα
714 1776 771 1829 δὲ
804 1774 925 1829 λίαν
954 1773 1155 1846 εὔδηλα
1188 1776 1527 1846 τυγχάνοντα
1572 1775 1991 1847 παραστήσουσι

2087 604 2220 653 non,
2247 588 2506 659 quoniam
2528 586 2731 642 accidit
2752 580 2985 640 mortuis
3010 580 3357 655 gravioribus
3390 597 3534 647 esse,
3553 582 3667 653 jam

2088 678 2413 751 gravitatem
2430 678 2696 749 ponderis
2719 692 2841 733 esse
2863 684 3100 731 mortem
3129 674 3666 745 existimarejustum

2087 779 2193 826 est.
2221 770 2329 828 Sed
2352 771 2725 827 necessarium
2749 779 2833 825 est
2863 771 3186 826 universum
3206 769 3313 824 hoc
3334 769 3400 822 de
3423 783 3533 838 quo
3558 776 3674 822 tra-

2088 872 2274 918 ctatur
2302 864 2674 929 considerare,
2723 871 2787 917 ut
2831 862 3005 932 possit
3037 861 3342 917 secundum
3393 862 3496 915 ista
3526 859 3671 914 ratio

2090 959 2370 1015 observari
2403 977 2416 1012 :
2454 959 2501 1015 si
2526 959 2673 1014 enim
2714 958 2955 1013 essentia
3000 956 3251 1028 quaedam
3276 965 3442 1022 esset,
3486 965 3542 1011 et
3577 955 3676 1011 alio

2090 1048 2239 1114 quod
2269 1048 2525 1105 accidens
2548 1046 2780 1104 haberet
2806 1049 2961 1119 juxta
3006 1063 3087 1114 se,
3127 1062 3238 1101 non
3281 1048 3538 1102 accidens
3574 1061 3676 1117 pro

2091 1140 2331 1197 essentia
2357 1140 2603 1212 reputari
2632 1149 2886 1211 oportet;
2916 1140 2961 1195 si
2999 1139 3255 1195 accidens
3290 1139 3567 1209 quoddam
3590 1155 3677 1194 es-

2093 1242 2199 1297 set,
2256 1242 2313 1288 et
2346 1232 2646 1289 essentiam
2695 1233 2927 1288 haberet
2972 1242 3233 1303 tanquam
3268 1232 3374 1287 sibi
3416 1233 3675 1303 positam,

2091 1324 2199 1380 hoc
2223 1324 2463 1395 primum
2487 1336 2543 1380 et
2576 1327 2798 1396 proprie
2824 1341 2936 1380 non
2968 1325 3265 1380 essentiam
3295 1324 3389 1379 sed
3420 1324 3679 1380 accidens

2092 1432 2214 1472 esse
2243 1414 2537 1472 dicendum
2571 1425 2676 1483 cst,
2707 1412 3125 1472 accidentaliter
3163 1424 3348 1471 autem
3379 1416 3676 1471 essentiam

2094 1508 2235 1563 ﬁeri.
2267 1508 2564 1574 Caeterum,
2611 1522 2736 1563 cum
2769 1523 2872 1563 vos
2917 1523 3030 1563 non
3074 1508 3144 1562 ad
3192 1508 3321 1563 talia
3355 1507 3679 1563 discendum

2092 1613 2194 1654 vos
2219 1599 2369 1669 ipsos
2405 1597 2567 1655 nobis
2614 1598 2869 1663 dedistis,
2903 1614 3085 1670 neque
3132 1615 3233 1654 nos
3278 1599 3442 1654 vobis
3485 1598 3542 1654 in
3577 1599 3685 1655 tale

2094 1691 2473 1761 magisterium
2502 1692 2806 1746 irruemus.
2838 1692 2916 1746 De
2946 1690 3035 1745 his
3064 1690 3286 1761 quidem
3316 1691 3468 1746 satis.

2173 1781 2290 1836 Alia
2317 1791 2501 1837 autem
2534 1782 2770 1836 multum
2795 1781 3089 1852 perspicua
3137 1791 3439 1836 occurrunt
3477 1779 3566 1836 his
3590 1781 3686 1851 qui

406 1871 513 1924 τῶν
544 1869 813 1936 δοξάντων
838 1870 866 1921 ὑ
876 1872 968 1941 μίν
1002 1868 1252 1923 πλεῖστον
1286 1864 1425 1923 εἶναι
1454 1867 1513 1922 τὸ
1542 1869 1761 1922 ἄτοπον.
1798 1868 1859 1920 Εἰ
1884 1866 1989 1939 γὰρ

2108 1882 2288 1944 autaut
2335 1882 2575 1929 vestram
2627 1888 2750 1929 esse
2801 1872 3099 1927 immanem
3155 1872 3578 1928 absurditatem.
3630 1872 3686 1927 Si

408 1963 467 2016 αἱ
496 1962 834 2025 ὑποστάσεις
863 1962 1014 2015 οὐδὲν
1052 1961 1262 2030 ἕτερον,
1294 1960 1408 2016 ἀλλ’
1444 1962 1476 2031 ἢ
1517 1961 1684 2015 ἰδικαὶ
1715 1959 1893 2013 οὐσίαι
1920 1960 1995 2011 εἰ-

410 2056 498 2121 σὶ,
526 2058 674 2127 τρεῖς
726 2054 976 2123 λέγοντες
1007 2055 1104 2113 τὰς
1131 2052 1457 2117 ὑποστάσεις
1488 2054 1586 2124 τῆς
1626 2052 1786 2122 ἁγίας
1823 2052 1993 2122 Τριά-

407 2146 521 2213 δος,
552 2145 795 2215 δηλονότι
847 2146 997 2213 τρείς
1040 2142 1259 2205 καὶτὰς
1307 2141 1496 2204 οὐσίας
1539 2142 1674 2210 φατέ
1698 2152 1711 2169 '
1749 2139 1844 2192 καὶ
1884 2137 1993 2191 ἰδοὺ

409 2238 510 2308 τὴν
541 2236 783 2309 τριθεῖαν
819 2235 957 2306 μετὰ
986 2235 1086 2304 τῆς
1114 2236 1193 2298 εἰς
1223 2236 1323 2306 τὴν
1374 2234 1690 2304 οἰκονομίαν
1749 2232 1995 2302 βλασφη-

416 2328 546 2399 μίας
578 2327 943 2382 ὑπεδύσασθε.
969 2324 1091 2380 Ἔτι
1122 2326 1179 2380 δὲ
1204 2327 1298 2380 καὶ⁴
1326 2326 1501 2390 ἄλλως
1521 2326 1585 2378 τὸ
1610 2325 1811 2378 ἄτοπον
1841 2321 1997 2394 ὑμῶν

412 2420 765 2491 γνωριστέον.
815 2418 879 2471 Εἰ
919 2417 1027 2489 γὰρ
1054 2417 1211 2470 οὑσία
1239 2419 1271 2488 ἡ
1305 2416 1449 2487 ίδικὴ
1501 2415 1781 2470 Ματθαίου
1813 2413 1995 2485 τυχὸν,

411 2511 514 2585 τῆς
568 2512 759 2574 οὐσίας
791 2509 1025 2582 Μάρκου
1072 2509 1171 2577 τῆς
1220 2507 1396 2577 ίδικῆς
1424 2507 1576 2560 οὐδὲν
1606 2507 1854 2575 διαφέρει
1888 2505 1999 2577 (τὸν

411 2605 524 2676 γάρ
554 2603 718 2658 αὑτὸν
743 2603 902 2671 λόγον
931 2603 1027 2656 καὶ
1058 2603 1185 2673 ὅρον
1207 2601 1518 2671 ἐπιδέχεται
1548 2600 1808 2671 ἑκατέρα)
1836 2640 1850 2663 ,
1878 2598 2001 2652 οὐδὲ

413 2696 449 2767 ἡ
475 2696 794 2760 ὑπόστασις,
832 2694 1001 2765 ἤγουν
1051 2693 1112 2747 τὸ
1178 2693 1490 2764 πρόσωπον,
1542 2692 1822 2747 Ματθαίου
1851 2728 1869 2756 ,
1900 2692 2002 2761 τῆς

415 2788 793 2855 ὑποστάσεως,
818 2789 996 2842 είτουν
1025 2784 1123 2841 τοῦ
1160 2784 1481 2857 προσώπου,
1505 2784 1736 2857 Μάρκου
1768 2782 2002 2848 διενέξε-

414 2898 529 2946 ται,
554 2880 694 2936 ἀλλὰ
726 2880 819 2934 τὸν
848 2879 1011 2933 αὑτὸν
1037 2880 1163 2951 ὅρον
1196 2879 1290 2933 καὶ
1314 2874 1476 2946 λόγον
1498 2918 1514 2942 ,
1546 2877 1722 2930 είτουν
1762 2876 2004 2949 ὑπογρα-

418 2975 547 3045 φὴν,
583 2972 821 3042 ἑκατέρα
884 2971 1200 3036 ὲπιδέξεται
1256 2970 1554 3033 ὑπόστασις
1586 2986 1599 2999 ·
1631 2968 1725 3021 καὶ
1784 2970 1842 3021 ἐν
1893 2971 2005 3031 τοῖς

2094 1965 2244 2021 enim
2280 1965 2659 2021 subsistentia:
2690 1964 2831 2019 nihil
2879 1963 3029 2018 aliud
3059 1962 3168 2017 nisi
3205 1962 3570 2032 particulares
3597 1978 3688 2018 es-

2096 2056 2290 2112 sentia:
2316 2067 2469 2122 sunt,
2504 2066 2621 2111 tres
2668 2055 2906 2111 dicendo
2954 2055 3347 2110 subsistentias
3392 2055 3447 2110 in
3499 2064 3688 2110 sancta

2097 2147 2320 2214 Triade,
2350 2148 2640 2203 evidenter
2665 2156 2781 2202 tres
2801 2147 3074 2203 essentias
3116 2162 3338 2217 quoque
3380 2145 3587 2201 dicitis.
3624 2146 3693 2202 Et

2097 2252 2229 2294 ecce
2260 2238 2535 2310 triplicem
2575 2238 2923 2294 divinitatem
2956 2254 3081 2293 cum
3117 2246 3299 2292 vestra
3340 2236 3396 2291 in
3439 2237 3696 2291 incarna-

2099 2328 2307 2382 tionem
2375 2328 2720 2398 blasphemia
2776 2326 3089 2383 insinuatis.
3154 2326 3353 2381 Adhuc
3399 2332 3582 2380 autem
3637 2332 3696 2379 et

2099 2417 2260 2473 aliter
2308 2426 2493 2473 vestra
2532 2418 2853 2472 absurditas
2875 2433 2934 2472 se
2966 2416 3246 2487 patefacit.
3296 2416 3352 2470 Si
3384 2417 3532 2470 enim
3563 2414 3697 2470 sub-

2101 2510 2302 2564 stantia
2338 2509 2690 2580 particularis
2712 2509 3147 2574 Matth-.ci,verbi
3179 2508 3376 2580 gratia,
3411 2507 3481 2563 ab
3502 2521 3696 2563 essen-

2103 2602 2179 2657 tia
2203 2603 2370 2658 Marci
2417 2602 2741 2673 particulari
2772 2602 2912 2658 nihil
2951 2601 3160 2667 diﬁ‘ert,
3200 2601 3565 2671 eamdemque
3612 2616 3702 2655 rat

2104 2695 2315 2751 tionem
2356 2704 2413 2750 et
2432 2695 2693 2751 eumdem
2728 2694 3029 2750 terminum
3078 2693 3277 2764 recipit
3307 2703 3561 2763 utraque,
3589 2708 3699 2749 non

2103 2788 2492 2853 subsistentia,
2527 2788 2583 2842 id
2613 2797 2698 2843 est
2716 2803 2974 2857 persona,
3008 2786 3249 2841 Mattliaai
3282 2803 3312 2841 a
3344 2786 3701 2842 subsistentia

2114 2879 2356 2949 indeque
2400 2894 2638 2950 persona
2676 2880 2846 2934 Marci
2888 2879 3257 2945 discernetur,
3301 2879 3399 2935 sed
3444 2879 3699 2934 eumdem

2110 2970 2441 3034 terminum,
2471 2970 2723 3025 eamdem
2764 2969 3060 3036 rationem,
3096 2979 3154 3025 et
3195 2969 3429 3039 proinde
3453 2968 3700 3024 eamdem

418 3066 603 3126 αὐτοῖς
658 3063 719 3116 οὑ
787 3062 949 3133 μόνον
1005 3056 1176 3127 οὗτοι,
1242 3060 1379 3114 ἀλλὰ
1428 3060 1524 3113 καὶ
1575 3061 1683 3123 πᾶς
1720 3058 2004 3129 ἄνθρωπος

2108 3062 2540 3133 descriptionem
2570 3061 2807 3131 accipiet
2827 3070 3065 3131 utraque
3093 3060 3453 3116 subsistentia
3478 3077 3492 3126 ;
3523 3069 3579 3115 et
3602 3076 3705 3129 per

417 3153 856 3226 γνωρισθήσεται
887 3153 1143 3224 ἰδιώμασι
1178 3153 1271 3208 καὶ
1305 3154 1363 3205 ὲν
1387 3154 1526 3223 ,ταῖς
1560 3151 1621 3215 ἐξ
1652 3150 1837 3204 αὐτῶν
1869 3152 2004 3203 ὑπο·

2108 3154 2330 3211 easdem
2355 3168 2469 3207 non
2499 3153 2592 3209 isti
2623 3152 2824 3217 solum,
2854 3152 2949 3207 sed
2974 3152 3157 3207 omnis
3178 3153 3344 3206 homo
3374 3160 3705 3223 agnoscatur

422 3245 682 3299 στάσεσιν
701 3262 715 3276 ’
748 3244 907 3315 εἴπερ
940 3243 1138 3297 ταυτόν
1161 3243 1308 3295 ἐστιν
1333 3243 1365 3312 ἡ
1393 3241 1535 3310 ἰδικὴ
1555 3240 1663 3294 τῶν
1690 3240 2004 3294 καϐἑκαστα

2109 3246 2485 3317 pr0prietates
2513 3255 2572 3299 et
2609 3260 2709 3315 per
2737 3244 3126 3301 subsistentias
3154 3259 3277 3314 quae
3312 3243 3379 3298 ad
3418 3243 3541 3298 illas
3572 3258 3706 3314 per-

420 3334 581 3388 οὲσία
610 3337 677 3406 τῇ
700 3335 1016 3388 ὑποστάσει.
1048 3334 1171 3387 Ἔτι
1193 3333 1287 3399 δὲ,
1320 3325 1365 3386 ὦ
1404 3326 1571 3395 οὗτοι,
1631 3330 2004 3402 μνημονεῦσαι

2112 3340 2327 3405 tinent;
2361 3338 2636 3408 siquidem
2669 3338 2817 3392 idem
2845 3344 2932 3392 est
2972 3336 3328 3407 particularis
3378 3336 3433 3391 in
3473 3336 3707 3407 singulis

422 3428 533 3482 τῶν
589 3428 878 3499 ὑμετέρων
920 3426 1283 3497 δυσωπήθητε
1313 3442 1327 3456 ·
1361 3424 1595 3496 καὶγὰρ
1642 3423 1749 3494 πρὸ
1806 3422 2004 3494 μικροῦ

2109 3431 2355 3488 essentia
2376 3446 2441 3486 ac
2462 3430 2846 3486 subsistentia.
2868 3429 3071 3485 Adhuc
3090 3437 3296 3495 autem,
3327 3444 3361 3483 ο
3378 3428 3704 3495 adversarii,

426 3522 555 3593 ὑμῖν
585 3519 794 3591 εἴρητο,
826 3520 909 3572 ὅτι
947 3518 1047 3570 οὑκ
1070 3517 1130 3581 ἐξ
1167 3516 1499 3585 οὐσιωδῶνὴ
1534 3515 1829 3576 ὑπόστασις
1881 3530 2008 3566 συν-

425 3613 680 3685 ἕστηκεν.
710 3614 775 3666 Εἰ
825 3607 919 3666 οὗν
949 3609 1148 3665 ταύτόν
1179 3611 1296 3662 ἐστι
1333 3610 1400 3679 τῇ
1442 3608 1582 3678 ἰδικῇ
1612 3606 1795 3678 οὐσίᾳ,
1826 3605 1947 3658 οὑδὲ
1974 3606 2009 3675 ἡ

430 3707 574 3778 ίδικὴ
609 3706 773 3759 οὐσία
822 3703 1027 3775 δηλαδὴ
1059 3701 1119 3769 ἐξ
1164 3699 1440 3755 οὑσιωδῶν
1498 3699 1865 3770 συνέστηκενο
1894 3698 2011 3752 ἀλλ’

427 3801 504 3862 ὡς
542 3800 600 3852 ὲν
631 3798 862 3859 ἐκείνοις
900 3796 1087 3850 είπετε
1118 3795 1215 3849 καὶ
1252 3794 1432 3863 ὑμεῖς,
1468 3794 1533 3845 ὲκ
1565 3792 1860 3862 σιμότητος
1917 3791 2013 3845 καὶ

431 3890 760 3961 λευκότητος
782 3888 878 3942 καὶ
904 3887 1012 3941 τῶν
1038 3887 1262 3958 ὁμοίων,
1293 3885 1326 3955 ἢ
1358 3884 1464 3936 ἀπὸ
1487 3885 1690 3955 τρόπου
1722 3881 2014 3951 ὑπάρξεως

432 3984 586 4040 ἔσται
646 3981 941 4053 ὑφεστῶσα
1000 3983 1034 4051 ἡ
1091 3980 1233 4051 ίδικὴ
1291 3977 1750 4049 ὕπαρξις,εῐτουν
1803 3976 1960 4028 οὐσία
1997 3989 2013 4004 ο

429 4074 583 4128 ἔσται
614 4073 708 4126 οὖν
741 4074 800 4138 ἐξ
825 4070 1098 4125 άνουσίων
1128 4071 1161 4140 ἡ
1187 4068 1349 4122 οὐσία
1378 4085 1392 4098 ·
1427 4068 1524 4121 καὶ
1556 4065 1617 4131 ἐξ
1648 4064 2015 4137 ἀνυπάρκτων

428 4168 465 4238 ἠ
496 4165 750 4237 ὓπαρξις.
786 4166 849 4218 Εἰ
868 4164 925 4217 δὲ
949 4163 1155 4217 τούτων
1179 4161 1300 4215 λίαν
1325 4160 1550 4229 εὔδηλον
1572 4161 1634 4213 τὸ
1663 4159 1892 4227 ἀνόητον
1920 4156 2015 4210 καὶ

433 4259 764 4332 μειρακίοις,
785 4257 961 4328 μάτην
983 4254 1332 4326 ἄραιτοσήνδε
1348 4250 1442 4306 τοῦ
1461 4249 1821 4321 συλλογισμοῦ
1839 4248 2011 4319 ραψο-

428 4350 617 4419 λογίαν
650 4345 1136 4408 καταναλώσαντες
1163 4384 1180 4409 ,
1209 4344 1363 4398 οὐδὲν
1410 4344 1625 4406 ἑαυτοῖς
1656 4340 2007 4410 ὲπορίσασθε.

2113 3533 2295 3579 vestra
2322 3523 2605 3579 recordari
2631 3522 2968 3577 erubescite.
3014 3522 3232 3576 Etenim
3271 3537 3448 3591 nuper
3476 3538 3507 3577 a
3548 3522 3709 3577 vobis

2118 3614 2330 3669 dictum
2379 3624 2466 3670 est
2554 3614 2974 3670 subsistentiam
3021 3628 3089 3667 ex
3140 3612 3535 3669 essentialibus
3592 3628 3704 3668 non

2118 3716 2412 3774 constare;
2446 3707 2491 3763 si
2524 3707 2694 3777 igitur
2728 3706 2875 3762 idem
2911 3715 2998 3762 est
3024 3723 3089 3763 ac
3112 3707 3474 3778 particularis
3512 3722 3709 3763 essen-

2121 3799 2219 3864 tia,
2258 3814 2438 3871 neque
2462 3800 2816 3871 particularis
2832 3800 3075 3856 essentia
3109 3800 3399 3855 evidenter
3428 3815 3497 3855 ex
3519 3815 3708 3856 essen-

2121 3891 2349 3946 tialibus
2381 3900 2621 3946 constat.
2649 3891 2757 3947 Sed
2790 3906 2916 3946 cum
2941 3891 3010 3946 de
3040 3890 3165 3945 istis
3193 3906 3291 3945 vos
3312 3891 3497 3947 dicitis
3530 3906 3598 3946 ex
3630 3892 3709 3947 si—

2125 3983 2385 4038 mositate
2440 3992 2498 4039 et
2553 3984 2743 4039 albore
2790 3992 2848 4040 et
2915 3983 3193 4039 similibus
3234 3994 3527 4049 constare,
3561 3994 3711 4040 certe

2120 4082 2314 4128 contra
2362 4074 2696 4130 exsistentiaa
2738 4074 2964 4129 modum
3019 4083 3297 4130 statuetur
3360 4075 3711 4145 particularis

2125 4163 2451 4220 exsistentia
2479 4181 2576 4221 seu
2616 4166 2888 4231 essentia;
2919 4166 3027 4220 erit
3056 4166 3225 4237 igitur
3249 4181 3281 4221 e
3311 4181 3424 4220 non
3443 4166 3708 4221 essentia-

2125 4253 2273 4310 libus
2292 4256 2554 4322 essentia,
2582 4265 2639 4312 et
2658 4271 2690 4311 e
2709 4273 2821 4311 non
2842 4256 3241 4313 exsistentibus
3272 4257 3617 4313 exsistentia.
3650 4257 3707 4313 Si

2116 4361 2252 4401 vero
2294 4362 2491 4403 eorum
2523 4348 2839 4404 absurditas
2872 4348 3102 4404 evidens
3133 4358 3220 4405 est
3253 4349 3557 4405 admodum
3600 4349 3704 4405 im—

429 4439 646 4514 peritis,
680 4438 882 4493 frustra
906 4437 1073 4506 igitur
1104 4434 1269 4490 talem
1305 4430 1800 4505 argumentationis
1831 4429 2155 4517 inanitatem
2184 4435 2497 4504 molientes,
2533 4437 2673 4492 nihil
2696 4437 2857 4493 vobis
2878 4436 3013 4507 ipsis
3045 4437 3380 4507 profecistis.

1038 4571 1289 4627 ΚΕΦᾹΛ.
1321 4573 1396 4625 Z'.

501 4670 590 4735 Εἰ,
626 4666 814 4738 ἐπειδὴ
862 4667 920 4718 ἐν
949 4663 1027 4737 τῷ
1060 4663 1180 4734 Θεῷ
1209 4663 1369 4733 Λόγῳ
1406 4661 1615 4731 ὑπέστη
1641 4660 1670 4713 ὁ
1703 4658 2013 4730 ἄνθρωπος,

430 4766 534 4819 οὑκ
587 4761 1035 4834 ἓχεῃὺπόστασιν
1081 4758 1218 4811 ἰδίαν
1247 4759 1275 4810 ὁ
1330 4755 1650 4826 ἄνθρωπος,
1700 4753 1817 4817 πῶς
1861 4753 1911 4805 εἰ
1958 4754 2017 4806 ὲν

432 4855 582 4927 αὐτῷ
614 4854 739 4924 ἔφυ,
773 4853 887 4923 ἔχει
912 4850 1074 4921 φύσιν
1106 4848 1245 4902 ἰδίαν
1271 4850 1300 4901 ὁ
1332 4847 1619 4919 ἄνθρωπος
1647 4862 1662 4911 ;
1696 4845 1789 4899 καὶ
1819 4846 1868 4898 εί
1903 4843 2015 4914 ἔχει

435 4949 599 5019 φύσιν
622 4946 755 5000 ἰδίαν
775 4946 803 4998 ὁ
823 4944 1134 5013 ἄνθρωπος,
1161 4940 1278 5004 πῶς
1309 4940 1408 5010 οὑχ
1432 4939 1547 5003 ἔξει
1564 4938 1661 4991 καὶ
1680 4936 1979 4990 ὑπόστασιν
1998 4952 2014 5000 ;

437 5043 511 5095 ’Ἦ
537 5040 678 5094 ἔστω
709 5037 813 5106 φὺς
840 5035 944 5100 ἔξω
975 5052 1078 5089 που
1119 5032 1215 5088 τοῦ
1246 5031 1381 5085 Θεοῦ
1425 5032 1599 5100 Λόγου
1622 5046 1638 5061 ·
1675 5028 1916 5092 ὑποστὰς
1962 5026 2020 5080 δὲ

435 5133 665 5205 ὕστερον
690 5134 747 5184 ὲν
768 5130 942 5198 αὐτῷ,
976 5126 1094 5191 πῶς
1114 5127 1171 5179 δὲ
1211 5126 1307 5180 καὶ
1330 5123 1492 5195 φύσις
1522 5122 1617 5176 τοῦ
1650 5121 1710 5187 ἐξ
1746 5120 1904 5194 ἡμῶν
1926 5121 2021 5175 άν-

436 5210 679 5297 Θρώπου,
723 5222 829 5294 πρὸ
866 5221 967 5290 τῆς
1020 5217 1373 5281 ὑποστάσεως
1411 5217 1512 5287 τῆς
1555 5215 1728 5281 ίδίας;
1764 5214 1887 5268 Τῶν
1916 5213 2020 5284 φύ-

438 5333 577 5372 σεων
608 5315 717 5370 τῶν
743 5330 802 5367 τε
834 5314 1036 5385 ὁμοίων
1064 5312 1161 5366 καὶ
1185 5310 1457 5382 ἀνομοίων
1490 5307 1925 5379 διακρινομένων
1961 5323 2021 5359 τε

437 5409 535 5465 καὶ
566 5407 894 5479 ὲνουμένων,
925 5407 985 5459 οὑ
1008 5406 1175 5476 λόγῳ,
1198 5403 1333 5458 άλλά
1358 5404 1575 5473 φύσεως
1595 5400 1836 5472 ἀριθμῷ,
1855 5400 2023 5470 ἤγουν

437 5500 513 5564 ὡς
537 5497 851 5571 ἁριθμητῆς
891 5497 1132 5566 ἑκάστης
1168 5494 1259 5563 ἀφ’
1293 5494 1490 5563 ἑτέρας
1540 5489 1731 5561 ὁμοίας
1793 5488 1890 5543 καὶ
1924 5489 2023 5541 div-

438 5592 628 5662 ομοίου
678 5587 1085 5659 διωρισμένης,
1136 5585 1236 5656 τὴν
1285 5586 1343 5637 ἐν
1388 5585 1501 5644 τοῖς
1536 5577 1658 5636 οὖσι
1690 5580 1800 5635 τῶν
1837 5597 1896 5633 τε
1933 5581 2026 5632 άν-

440 5686 643 5755 ομοίων
665 5681 937 5743 σύνθεσιν,
956 5678 1173 5733 καὶτῶν
1195 5675 1398 5747 ὁμοίων
1417 5673 1713 5746 διάκρισιν,
1734 5673 1768 5743 ἡ
1788 5671 2026 5725 ὑπόστα-

445 5797 529 5843 σις
576 5779 708 5850 ἡμῖν
760 5775 1006 5845 πέφυκεν
1039 5770 1407 5840 ἐξαγγέλλειν,
1436 5766 1715 5838 διορισμός
1767 5785 1850 5830 τις
1889 5762 2024 5819 οὖσα

443 5870 646 5943 κυρίως
680 5868 771 5922 καὶ
806 5866 1106 5929 ἀπόστασις
1137 5863 1323 5936 ἑτέρου
1359 5862 1503 5926 τινὲς
1529 5860 1622 5931 ἀφ’
1658 5858 1847 5929 ἐτέρου
1877 5876 1887 5887 ·
1921 5860 2023 5914 κάν

2039 4542 2093 4602 D

2754 4571 2907 4628 CAP.
2947 4570 3063 4626 Vll.

2192 4664 2274 4734 Si,
2304 4661 2568 4736 quoniam
2608 4663 2664 4718 in
2708 4662 2823 4719 Deo
2850 4663 3032 4721 Verbo
3061 4662 3315 4719 subsistit
3360 4662 3549 4731 homo,
3596 4680 3709 4721 non

2119 4758 2290 4813 habet
2327 4757 2747 4813 subsistentiam
2779 4756 2949 4811 homo
2983 4754 3291 4826 propriam,
3324 4754 3627 4825 quomodo,
3659 4755 3706 4809 si

2121 4851 2177 4906 in
2207 4850 2429 4907 Christo
2458 4857 2564 4915 est,
2592 4849 2762 4905 habet
2791 4848 3074 4920 propriam
3126 4848 3291 4903 homo
3318 4846 3611 4903 naturam?
3638 4847 3709 4903 Et

2121 4945 2169 5001 si
2200 4944 2370 4999 habet
2410 4950 2668 4998 naturam
2720 4943 3002 5012 propriam
3054 4941 3242 5005 homo,
3271 4939 3553 5010 quomodo
3595 4953 3705 4993 non

2124 5035 2351 5092 habebit
2372 5044 2429 5091 et
2450 5035 2870 5090 subsistentiam
2897 5034 3036 5089 ‘Ised
3060 5033 3326 5089 subsistat
3353 5040 3506 5086 extra
3533 5030 3704 5084 Deum

2121 5128 2398 5192 Verbum',
2439 5137 2498 5182 et
2544 5127 2853 5182 subsistens
2888 5134 3082 5195 postea
3135 5123 3190 5177 in
3239 5123 3357 5186 illo,
3422 5123 3703 5192 quomodo

2123 5227 2322 5272 natura
2376 5215 2617 5271 hominis
2646 5232 2678 5270 a
2723 5214 2885 5269 nobis
2911 5212 3154 5275 oriundi,
3202 5210 3469 5280 praecedit
3519 5211 3709 5266 subsi-

2124 5309 2387 5365 stentiam
2421 5307 2745 5379 propriam?
2768 5306 2992 5361 Naturis
3022 5304 3295 5360 similibus
3326 5313 3423 5360 aut
3467 5303 3711 5359 dissimi—

2123 5401 2272 5456 libus
2336 5399 2615 5457 distinctis
2661 5410 2718 5455 et
2779 5397 3091 5462 uniticatis,
3154 5412 3264 5451 non
3323 5396 3541 5452 ratione
3612 5396 3711 5452 sed

2125 5502 2337 5547 natura:
2400 5506 2670 5557 numero,
2722 5489 2777 5545 id
2838 5498 2944 5553 est,
3024 5498 3286 5560 tanquam
3365 5489 3410 5545 si
3479 5504 3713 5562 queque

2127 5594 2325 5640 natura
2381 5583 2745 5639 numerabilis
2791 5583 2860 5639 ab
2933 5583 3040 5637 alia
3098 5582 3263 5638 simili
3324 5589 3419 5638 aut
3474 5580 3712 5638 absimil'

2127 5676 2588 5742 discerneretur,
2654 5678 2711 5733 in
2771 5677 2995 5732 entibus
3069 5677 3407 5731 absimilium
3483 5678 3718 5747 conjun—

2128 5768 2372 5823 ctionem
2437 5774 2494 5821 et
2572 5765 2840 5823 similium
2919 5767 3332 5823 distinctionem
3405 5765 3712 5823 subsisten-

2130 5858 2205 5915 tia
2275 5858 2438 5915 nobis
2519 5858 2803 5920 ostendit.
2881 5873 3079 5913 ncmoc
3162 5876 3287 5914 cum
3353 5858 3427 5913 sit
3492 5858 3723 5939 cmpriu
