4116 6440
545 376 676 442 1551

1813 383 2124 445 LEONTII
2166 383 2569 444 ΒΥΖΛΝΤίΝῐ

3672 384 3793 450 1552

542 494 937 548 determinatio
977 505 1031 549 et
1081 497 1363 567 separatio
1400 498 1544 552 alius
1584 500 1827 569 cujusvis
1873 500 1942 553 ab
1988 500 2097 553 alio

2240 516 2299 552 τε
2339 500 2501 570 ὃμοια
2518 500 2732 569 τύχοιεν
2755 500 2883 553 ὄντα
2904 500 3003 572 τὴν
3034 500 3217 570 φύσιν,
3249 501 3349 555 κάν
3378 516 3436 553 τε
3474 498 3695 568 ἀνόμοια
3718 502 3797 570 εἰη

534 591 638 642 etsi
659 585 861 642 similia
892 589 1173 659 contingat
1201 591 1327 645 talia
1349 607 1493 655 esse,
1513 592 1816 647 secundum
1842 603 2121 659 naturam,

535 692 589 737 et
612 682 885 737 absimilia
904 683 1014 737 sint
1040 699 1161 752 quze
1190 683 1458 739 diﬂerunt
1483 686 1695 741 naturis
1720 686 1867 740 aliud
1892 687 1961 740 ab
1990 687 2120 753 alio,

535 790 644 828 non
680 773 895 827 ratione
946 776 1173 830 omnino
1195 819 1209 842 ,
1263 775 1356 830 sed
1392 775 1506 846 ipsa
1540 777 1883 831 exsistentia.
1923 778 2122 833 Subsi-

535 867 768 921 stentias
794 867 943 921 enim
977 876 1223 922 servatas
1253 867 1558 924 secundum
1592 869 1741 940 quod
1767 870 2122 941 distinguun-

537 968 647 1024 tur,
675 960 730 1014 in
769 976 837 1014 eo
869 960 1121 1015 uniticari
1157 960 1505 1031 impossibile
1534 969 1640 1017 est.
1662 962 1713 1017 Si
1744 962 1909 1034 igitur
1940 962 2122 1017 subsi.

533 1052 732 1107 stentia
780 1052 853 1107 sit
898 1053 1257 1122 particularis
1300 1053 1537 1119 homini,
1582 1055 1865 1126 quomodo
1919 1054 1974 1108 in
2007 1054 2122 1109 Deo

532 1145 720 1200 Verbo
768 1161 872 1216 per
919 1146 1187 1201 unionem
1236 1146 1403 1201 homo
1437 1155 1542 1214 est,
1594 1147 1640 1201 si
1693 1147 1873 1217 reipsa
1920 1146 2123 1201 habeat

531 1238 679 1308 quod
705 1246 927 1309 separet
953 1239 1103 1293 hunc
1127 1238 1196 1293 ab
1220 1238 1359 1293 illo?
1400 1239 1545 1294 sicut
1568 1239 1735 1310 igitur
1761 1239 1829 1293 ab
1860 1238 2121 1293 omnibus

529 1331 652 1387 aliis
669 1342 824 1387 extra
854 1331 1254 1388 exsistentibus
1274 1331 1596 1387 hominibus
1617 1340 1907 1403 separatur
1928 1330 2117 1397 homo,

531 1424 585 1479 id
619 1433 705 1480 est
728 1440 828 1495 per
864 1425 1307 1490 subsistentiam,
1343 1434 1556 1480 natura:
1589 1432 1779 1480 autem
1827 1424 2120 1479 inconfuse

530 1518 650 1573 alia:
673 1518 797 1574 aliis
828 1518 973 1573 uniri
998 1529 1223 1589 possent
1254 1518 1309 1573 in
1337 1517 1701 1573 subsistentia
1738 1516 1975 1589 quadam
2008 1532 2117 1571 non

529 1610 873 1680 accipientes
917 1612 1039 1666 alia:
1071 1611 1142 1666 ab
1196 1611 1321 1665 aliis
1376 1611 1635 1682 proprias
1681 1610 1966 1677 rationes;
2005 1624 2120 1664 non

528 1703 676 1757 enim
708 1703 825 1759 ha:c
862 1712 1074 1757 natura:
1103 1702 1247 1757 ratio
1277 1703 1442 1758 modo
1472 1702 1743 1758 distincto
1773 1710 1830 1757 et
1851 1701 2117 1757 determi-

529 1804 661 1849 nato
693 1795 763 1850 ab
792 1794 943 1849 omni
978 1804 1179 1850 natura
1206 1793 1493 1860 subsistit,
1532 1803 1594 1848 ut
1624 1793 2115 1849 subsistentiarum

2235 591 2303 641 τὰ
2341 590 2663 661 διεστηκότα
2695 594 2816 655 ταῖς
2848 591 3074 660 φύσεσιν
3103 592 3376 663 ἀλλήλων,
3407 593 3467 645 οὑ
3499 590 3640 663 λόγῳ
3666 592 3795 645 πάν-

2234 697 2361 744 τως,
2392 682 2506 735 ἀλλ’
2548 683 2685 753 αὐτῇ
2705 686 2771 754 τῇ
2800 682 3054 754 ὑπάρξει.
3080 683 3191 746 Τάς
3220 682 3554 745 ὑποστάσεις
3574 683 3677 753 γάρ
3704 700 3800 736 σω-

2235 772 2469 841 ζομένας
2499 774 2642 827 κατὰ
2662 774 2824 829 τοῦτο
2853 775 2976 828 καθ’
3006 774 3034 828 ὃ
3065 774 3419 847 διορίζονται,
3448 776 3692 845 ἐντούτῳ
3714 778 3802 830 καί.

2234 864 2488 918 ὲνοῦσθαι
2532 866 2813 921 ἀδύνατον.
2843 869 2903 921 Εἰ
2938 863 3032 921 οὖν
3081 868 3307 936 γέγονεν
3335 869 3637 934 ὑπόστασις
3670 871 3801 939 ἰδικὴ

2231 957 2310 1037 τῷ
2334 958 2629 1031 ἀνθρώπῳ,
2662 961 2780 1025 πῶς
2817 964 2875 1014 ὲν
2898 961 2977 1031 τῷ
3007 961 3127 1031 Θεῷ
3150 963 3309 1031 Λόγῳ
3326 961 3413 1015 διά
3435 964 3533 1033 τῆς
3566 963 3802 1029 ὲνώσεως

2233 1053 2261 1103 ὁ
2294 1051 2586 1121 ἅνθρωπός
2644 1054 2817 1114 ἐστιν,
2861 1055 2908 1107 εἰ
2942 1055 3115 1118 ὅντως
3135 1055 3248 1125 ἔχοι
3279 1054 3439 1108 τοῦτο
3478 1056 3540 1108 τὸ
3586 1057 3804 1128 χωρίζον

2234 1143 2399 1199 αὑτὸν
2449 1145 2545 1198 ἀπ’
2574 1144 2743 1199 αὑτοῦ
2774 1165 2788 1213 ;
2816 1146 3004 1218 ὥσπερ
3032 1147 3125 1200 οὑν
3161 1148 3259 1201 καὶ
3305 1147 3413 1201 ἀπὸ
3452 1149 3670 1203 πάντων
3700 1150 3803 1204 τῶν

2230 1235 2408 1291 ἄλλων
2436 1238 2544 1291 τῶν
2564 1239 2719 1303 ἐκτὸς
2735 1240 2902 1293 αὑτοῦ
2934 1239 3262 1309 ὑφεστώτων
3291 1240 3619 1311 ἀνθρώπων,
3644 1242 3805 1311 ἡγουν

2229 1330 2326 1401 τὴν
2362 1330 2685 1397 ὑπόστασιν,
2713 1331 2907 1401 φύσεις
2954 1332 3011 1386 δὲ
3046 1333 3141 1385 καί
3194 1331 3447 1387 ένοῦσθαι
3490 1334 3805 1405 ἀσυγχύτως

2231 1420 2494 1491 ἀλλήλαις
2521 1421 2775 1475 δύνανται
2819 1422 2879 1475 ἐν
2907 1423 3205 1477 ὑποστάσει
3234 1425 3343 1477 τινὶ
3380 1425 3454 1496 μὴ
3486 1426 3805 1497 ἀναιρούμε-

2228 1529 2317 1567 ναι
2343 1513 2436 1567 ὑπ’
2466 1512 2714 1585 ἀλλήλων
2740 1515 2865 1578 τοὺς
2898 1515 3133 1579 οἰκείους
3164 1514 3379 1583 λόγους.
3409 1517 3484 1569 Οὑ
3519 1518 3630 1589 γὰρ
3659 1517 3806 1573 τοῦτο

2232 1608 2452 1679 φύσεως
2490 1611 2650 1678 λόγος
2698 1611 2760 1665 τὸ
2812 1612 3250 1685 διακεκριμένως
3297 1616 3391 1668 καί
3440 1615 3806 1688 διωρισμένως

2234 1701 2346 1757 ἀπὸ
2379 1704 2561 1773 πάσης
2602 1704 2819 1773 φύσεως
2868 1706 3259 1778 ὑφεστηκέναι,
3295 1708 3485 1780 ὥσπερ
3527 1710 3640 1763 τῶν
3684 1711 3804 1765 ὑποο

2234 1795 2479 1849 στάσεων
2509 1812 2521 1825 ·
2561 1796 2679 1860 πῶς
2731 1796 2832 1849 οὑκ
2880 1796 2946 1851 ἂν
2992 1797 3289 1862 ἀκωλύτως
3335 1801 3422 1870 εἴη
3464 1801 3715 1872 ἡνωμένη
3742 1803 3804 1872 τῇ

529 1888 707 1953 ratio;
735 1886 1016 1956 quomodo
1044 1902 1157 1941 non
1188 1886 1632 1957 independenter
1661 1896 1811 1942 esset
1841 1887 1997 1940 unita
2028 1900 2111 1939 na-

2230 1886 2391 1957 φύσει
2439 1888 2534 1941 τοῦ
2571 1887 2706 1942 Θεοῦ
2761 1889 2938 1959 Λόγου
2971 1891 3003 1961 ἠ
3031 1890 3249 1962 φύσιςή
3282 1865 3625 1964 ἀνθρωπεία,
3652 1865 3805 1965 φύσις

532 1988 667 2034 tura:
692 1979 790 2035 Dei
829 1978 999 2035 Verbi
1033 1987 1232 2033 natura
1261 1978 1529 2044 humana,
1557 1995 1684 2035 eum
1726 1978 1851 2034 talis
1876 1986 2120 2044 maneat,

526 2082 582 2128 et
611 2072 761 2143 quod
799 2080 887 2127 est
917 2071 1353 2127 ostenditetiam
1382 2071 1437 2126 in
1470 2070 1715 2127 unione?
1738 2086 1849 2124 non
1882 2068 2032 2124 enim
2062 2076 2124 2124 ut

525 2164 886 2222 subsistentia
912 2163 1290 2220 subsistentia
1332 2163 1489 2219 unita
1516 2178 1637 2219 esse
1686 2171 1893 2234 potest,
1928 2176 2121 2217 serva-

526 2258 598 2314 tis
627 2257 845 2312 duabus
863 2253 1267 2319 subsistentiis,
1288 2253 1345 2308 id
1371 2263 1456 2309 est
1479 2253 1955 2323 separationibus,
1986 2250 2121 2306 illud

522 2366 647 2408 esse
674 2348 1094 2406 distinctionem
1125 2348 1195 2404 ab
1228 2347 1357 2403 aliis
1387 2346 1840 2418 signiﬁcantibus
1863 2359 1963 2416 per
1997 2358 2117 2399 ma-

524 2444 670 2499 xime
703 2443 1097 2513 particularem
1121 2440 1521 2512 proprietatem
1551 2440 1607 2494 in
1630 2438 1903 2510 singulis;
1934 2436 2114 2507 siqui-

523 2536 649 2593 dem
674 2536 827 2592 enim
875 2534 1025 2605 quod
1060 2533 1386 2590 distinctum
1426 2539 1533 2596 est,
1591 2548 1704 2587 non
1732 2530 1881 2602 quod
1917 2530 2121 2586 distin-

524 2630 670 2687 ctive
707 2628 949 2685 sumitur
977 2638 1032 2683 et
1063 2626 1229 2683 alicui
1260 2626 1476 2691 unitur,
1514 2624 1594 2681 sic
1631 2625 1821 2680 dicere
1848 2641 1957 2679 non
1990 2639 2119 2695 pos-

523 2738 743 2779 sumus.
806 2721 1151 2777 Alterutrum
1195 2719 1347 2775 enim
1398 2717 1716 2773 necessario
1778 2717 2114 2788 accipietur,

523 2823 620 2869 aut
666 2828 779 2868 non
814 2811 988 2875 uniri,
1033 2820 1259 2866 autnon
1298 2809 1569 2880 distingui
1604 2824 1775 2863 unum
1816 2808 1885 2863 ab
1916 2808 2113 2862 altero.

521 2906 714 2975 Neque
753 2906 810 2960 in
851 2905 955 2961 ista
989 2904 1153 2959 istam
1202 2902 1392 2959 dicere
1435 2910 1523 2957 est
1576 2900 2020 2963 subsistentiam,
2068 2899 2114 2955 si

524 2998 790 3053 unionem
825 2997 1195 3059 instituimus,
1239 2995 1477 3055 servatis
1503 2994 1557 3049 in
1598 2992 1707 3049 illis
1730 2992 2011 3048 distinctis
2044 2992 2113 3046 ab

525 3090 764 3146 invicem
798 3088 1267 3161 prOprietatibus.
1316 3085 1615 3155 Quomodo
1661 3099 1795 3156 ergo
1828 3084 1887 3138 in
1932 3082 2115 3138 subsi-

522 3182 781 3239 sistentia
832 3182 1021 3249 Verbi,
1062 3181 1360 3236 humanam
1420 3177 1750 3236 convenisse
1805 3176 2114 3233 subsisten-
2139 3214 2182 3271 ο

521 3273 655 3328 tiam
687 3274 982 3329 dicemus?
1012 3273 1067 3328 Si
1097 3272 1245 3327 enim
1276 3271 1331 3327 id
1360 3270 1505 3327 foret
1534 3270 2109 3341 unquam.eonvenis-

522 3375 609 3420 set
657 3365 825 3421 simul
871 3362 1233 3419 subsistentia
1268 3362 1323 3417 in
1373 3378 1472 3417 sua
1523 3362 1793 3417 totalitate
1843 3377 2024 3432 neque
2050 3377 2118 3415 ex

521 3456 824 3527 parte_sed
859 3472 957 3529 per
992 3454 1508 3527 juxtapositionem,
1556 3461 1619 3508 ut
1673 3452 1729 3507 in
1775 3451 1940 3507 domo
1974 3452 2116 3521 lapi-

523 3550 625 3605 des
656 3561 713 3606 et
741 3551 800 3606 in
844 3550 1017 3605 choro
1044 3548 1333 3603 saltatorio
1357 3547 1612 3618 juvenes,
1644 3554 1701 3600 et
1742 3560 1854 3600 non
1882 3543 2116 3598 mansis-

522 3653 608 3699 set
641 3642 877 3713 amplius
901 3649 1153 3711 separata
1182 3640 1255 3695 ita
1281 3649 1341 3695 ut
1361 3647 1510 3695 esset
1537 3639 1701 3693 etiam
1730 3638 1953 3693 demum
1986 3636 2118 3691 sub-

521 3734 797 3788 sistentia.
836 3732 1026 3787 Solum
1061 3732 1210 3785 enim
1243 3731 1299 3785 in
1345 3729 1679 3799 corporibus
1723 3727 2115 3798 partialishmc

522 3825 899 3882 subsistentia:
926 3824 1061 3878 unio
1104 3822 1327 3877 videtur
1357 3837 1509 3877 mera
1543 3836 1645 3875 nec
1688 3818 1911 3890 proprie
1962 3817 2110 3872 exsi-

521 3932 695 3985 stens,
732 3935 844 3974 non
868 3916 1173 3975 secundum
1210 3916 1540 3972 totalitatem
1583 3912 1974 3975 subsistentia,
2012 3910 2108 3965 sed

521 4011 825 4069 secundum
871 4009 1360 4083 juxtapositionem
1419 4006 1840 4078 superﬁcierum
1896 4000 1991 4059 aut
2032 4004 2111 4058 le-

519 4104 672 4159 vium
719 4102 1141 4175 particularum,
1194 4109 1289 4155 aut
1340 4097 1801 4154 coadunationem
1844 4096 2104 4165 partium,

510 4209 615 4273 aut
644 4216 738 4271 per
767 4210 1013 4255 extrema
1034 4206 1216 4253 atoma
1248 4194 1503 4250 localiter
1527 4202 1775 4263 coaptata
1804 4208 1818 4258 ;
1849 4190 1929 4245 sie
1956 4189 2104 4244 enim

2225 1981 2411 2035 τοιάδε
2462 1981 2720 2052 μένουσα,
2753 1984 2849 2037 καὶ
2876 1983 2904 2036 ὃ
2946 1985 3158 2054 πέφυκε
3207 1985 3464 2041 δεικνῦσα
3513 1988 3611 2042 καὶ
3659 1990 3716 2043 ὲν
3742 1991 3803 2060 τῇ

2224 2072 2419 2127 ένώσει
2452 2091 2466 2140 ;
2501 2074 2577 2127 υὺ
2610 2075 2719 2147 γὰρ
2776 2074 2851 2138 ὡς
2890 2075 3188 2145 ὑπόστασις
3225 2077 3527 2132 ὑποστάσει
3560 2081 3802 2151 ἡνωμένη

2224 2164 2365 2218 εἶναι
2390 2165 2451 2219 οὑ
2487 2165 2714 2222 δύναται
2740 2168 3065 2240 σωζομένων
3100 2171 3269 2241 ἄμφω
3291 2171 3400 2225 τῶν
3427 2172 3802 2238 ὑποστάσεων,

2223 2256 2404 2309 εῐτουν
2462 2259 2856 2313 ἀποστάσεων’
2895 2261 2989 2315 καὶ
3033 2261 3167 2316 αὐτὸ
3204 2263 3367 2317 τοῦτο
3414 2265 3693 2337 χωρισμὸν
3720 2267 3806 2320 τὸν

2222 2351 2319 2420 ἀφ’
2353 2351 2558 2423 ἐτέρων
2586 2352 2970 2423 σημαινουσῶν
2996 2352 3085 2407 διὰ
3112 2352 3207 2407 τοῦ
3231 2356 3555 2410 ἰδικωτάτου
3591 2357 3807 2429 ἰδιώμα-

2222 2456 2315 2506 τος
2349 2442 2460 2496 τῶν
2489 2444 2613 2498 καθ’
2640 2444 2873 2499 ἕκαστα.
2907 2445 3081 2517 Εἴπερ
3108 2447 3216 2518 γὰρ
3246 2446 3308 2499 τὸ
3360 2447 3799 2520 διακεκριμένον,

2224 2536 2285 2589 οὑ
2314 2534 2392 2606 τῷ
2425 2536 2861 2607 διακεκριμένως
2890 2554 2949 2590 τε
2981 2533 3121 2591 εἶναι
3147 2538 3243 2592 καί.
3276 2538 3523 2609 ἡνῶσθαί
3550 2558 3692 2604 τινι,
3717 2542 3805 2595 οὑ-

2221 2646 2299 2682 τω
2358 2629 2541 2697 λέγειν
2584 2630 2645 2683 οὑ
2696 2629 3004 2701 δυνάμεθα·
3036 2631 3269 2701 θάτερον
3323 2633 3434 2705 γάρ
3488 2635 3802 2703 ἀναγκαίως

2220 2721 2666 2792 ἀναιρεθήσεται,
2689 2722 2721 2794 ἦ
2741 2722 2802 2775 τὸ
2832 2724 2906 2793 μὴ
2938 2724 3236 2795 ἡνωμένον,
3269 2726 3386 2796 ἧτὺ
3425 2726 3499 2798 μὴ
3531 2728 3805 2798 διακεκρι-

2224 2811 2385 2881 μένον
2415 2807 2555 2867 slva:
2586 2812 2811 2884 θάτερον
2838 2814 3062 2886 θατέρου
3091 2831 3106 2845 ο
3135 2817 3253 2870 οὑδὲ
3289 2819 3346 2871 ἐν
3377 2818 3503 2890 τῇδε
3537 2820 3696 2889 τήνδε
3722 2818 3804 2872 λέ-

2219 2920 2338 2974 γειν
2363 2902 2461 2975 τὴν
2491 2904 2788 2959 ὑπόστασιν
2820 2904 2967 2959 ἔστιν
2987 2946 3001 2970 ,
3025 2907 3220 2961 ’ἐνωσιν
3248 2909 3356 2962 τῶν
3401 2911 3458 2962 ὲν
3492 2910 3685 2975 αὑταῖς
3714 2911 3803 2965 ἀπ’

2217 2994 2467 3066 ἀλλήλων
2492 2995 2852 3066 διακριτικῶν
2880 2997 3184 3068 ἰδιωμάτων
3212 3000 3537 3070 σωζομένων
3564 3002 3802 3055 ὑποτιθε-

2218 3086 2432 3158 μένους.
2464 3087 2589 3149 Πῶς
2616 3084 2712 3141 οὖν
2738 3088 2795 3141 ὲν
2822 3089 2887 3160 τῇ
2913 3088 3209 3144 ὑποστάσει
3245 3090 3341 3144 τοῦ
3374 3090 3557 3161 Λόγου
3606 3093 3803 3166 ἀνθρω-

2216 3179 2378 3235 πείαν
2410 3179 2831 3251 συνεληλυθέναι
2862 3182 3164 3236 ὑπόστασιν
3188 3182 3453 3254 έροῦμεν;
3489 3185 3557 3239 Ei.
3586 3185 3694 3257 γάρ
3714 3186 3801 3239 καὶ

2217 3266 2286 3344 ἦν
2306 3288 2458 3338 ποτε,
2476 3270 2705 3342 συνῆλθε
2727 3272 2783 3325 δὲ
2799 3273 2946 3344 ὅμως
2969 3273 3265 3338 ὑπόστασις
3277 3274 3402 3329 καθ’
3427 3277 3560 3347 ὅλην
3588 3277 3800 3348 ἑαυτὴν,

2215 3362 2312 3417 καὶ
2344 3361 2448 3415 οὑκ
2471 3361 2579 3416 ἀπὸ
2606 3361 2803 3434 μέρους
2832 3364 2926 3416 καί
2958 3364 3100 3417 κατά
3137 3364 3443 3436 παράθεσιν
3472 3366 3552 3431 ώς
3591 3370 3648 3421 ὲν
3673 3369 3799 3437 οἴκῳ

2213 3453 2372 3519 λίθοι,
2394 3452 2489 3507 καὶ
2516 3455 2565 3506 οἰ
2596 3455 2655 3507 ὲν
2678 3454 2825 3527 χορῷ
2858 3453 2991 3520 νέοι,
3023 3454 3125 3508 οὑκ
3151 3455 3368 3526 ἔμεινεν
3399 3456 3480 3511 ἔτι
3511 3459 3801 3529 ἀφεστῶσα

2212 3547 2411 3619 δηλαδὴ
2439 3548 2529 3602 ἵνα
2609 3547 2875 3614 ὡσαύτως
2906 3548 3209 3613 ὑπόστασις
3235 3550 3444 3605 λοιπόν.
3500 3554 3682 3606 Μόνον
3697 3550 3799 3623 γὰρ

2214 3644 2272 3695 ὲν
2316 3640 2565 3712 σώμασιν
2602 3643 2636 3711 ἡ
2666 3642 2867 3714 μερικὴ
2914 3642 3014 3713 τῆς
3047 3642 3399 3709 ὑποστάσεως
3438 3645 3582 3719 αῦτη
3610 3647 3799 3709 ένωσις

2214 3734 2409 3804 ὁρᾶται
2446 3733 2576 3805 ψιλὴ
2611 3734 2706 3786 καί.
2734 3733 2794 3787 οὑ
2824 3733 3029 3805 κυρίως
3059 3734 3194 3788 οὑσα
3219 3752 3233 3767 ο
3265 3737 3386 3790 οὑδὲ
3424 3741 3571 3795 κατά
3597 3740 3659 3793 τὸ
3684 3739 3797 3793 ὅλον

2213 3823 2314 3892 τῆς
2346 3822 2719 3887 ὑποστάσεως,
2758 3822 2897 3893 ἀλλά
2927 3824 3067 3877 κατὰ
3097 3825 3404 3896 παράθεσιν
3434 3828 3793 3899 ἐπιφανειῶν,

2213 3914 2246 3984 ἢ
2273 3913 2479 3984 μορίων
2506 3914 2873 3977 λεπτοτάτων,
2907 3914 2940 3985 ἦ
2982 3916 3303 3989 συμπλοκὴν
3331 3919 3546 3991 μερῶν,
3580 3921 3614 3990 ἣ
3658 3919 3792 3975 κατά

2211 4003 2427 4073 πέρατα
2456 4003 2701 4068 τοπικῶς
2734 4004 3088 4060 συνάπτουσα
3114 4007 3182 4061 τὰ
3214 4008 3397 4078 ἄτομα
3433 4025 3445 4038 ·
3482 4010 3663 4076 οὑτως
3691 4012 3795 4083 γὰρ

2208 4094 2354 4160 λίθος
2394 4095 2547 4167 λίθῳ,
2578 4096 2674 4149 καὶ
2720 4096 2901 4150 ἔλαιον
2944 4096 3120 4162 ὕδατι,
3158 4099 3256 4153 καὶ
3294 4101 3447 4171 μίτος
3481 4104 3627 4174 μίτῳ
3660 4120 3672 4132 ·
3707 4107 3794 4157 καὶ

2208 4188 2380 4241 ταῦτα
2413 4190 2512 4260 μὲν
2550 4192 2678 4260 περὶ
2704 4189 2920 4245 τούτου.

518 4298 718 4369 lapidis
748 4296 939 4367 lapidi,
972 4295 1155 4350 oleum
1189 4307 1363 4362 aquae,
1399 4298 1456 4345 et
1491 4289 1643 4343 (ilum
1691 4286 1782 4342 ﬁlo
1813 4289 2101 4341 uniuntur.
2136 4284 2204 4339 Et
2232 4283 2322 4339 illa
2347 4284 2569 4354 quidem
2591 4285 2659 4341 de
2692 4286 2797 4341 hoc
2822 4296 3167 4357 argumento.

588 4388 877 4456 Quomodo
907 4400 1092 4442 autem
1125 4394 1273 4440 esset
1302 4390 1503 4438 natura
1534 4390 1661 4437 ante
1686 4378 2100 4436 subsistentiam

2283 4378 2356 4431 Τὸ
2384 4379 2439 4431 δὲ
2470 4378 2585 4442 πῶς
2615 4380 2699 4449 εἴη
2736 4380 2801 4433 ἂν
2831 4378 2995 4450 φύσις
3024 4381 3129 4452 πρίι
3165 4383 3264 4452 τῆς
3286 4383 3646 4452 ὑποστάσεως
3696 4385 3792 4456 τῆς

517 4480 930 4552 particularem,
960 4478 1014 4532 in
1040 4478 1145 4532 hoc
1197 4491 1296 4530 vos
1329 4489 1518 4529 errare
1560 4471 1837 4543 superﬂue
1870 4486 1901 4525 a
1931 4470 2094 4525 nobis

517 4573 725 4628 dictum
747 4579 853 4625 est.
874 4567 992 4623 Non
1020 4568 1167 4625 enim
1194 4567 1247 4622 id
1262 4567 1419 4622 vobis
1442 4566 1684 4621 diximus
1708 4563 2100 4636 praeexstitisse

515 4664 730 4720 scilicet
772 4662 1147 4718 subsistentia:
1181 4660 1570 4731 particularem
1614 4659 1913 4713 humanam
1937 4664 2102 4710 natu-

514 4772 631 4811 ram
662 4756 902 4817 Domini,
934 4753 1030 4809 sed
1057 4768 1087 4808 e
1123 4763 1315 4808 contra
1344 4752 1508 4807 simul
1545 4752 1689 4806 illam
1717 4750 1997 4807 exstitisse
2036 4764 2101 4803 ac

513 4849 847 4905 substitisse.
877 4847 1079 4902 Verum
1101 4862 1210 4900 non
1236 4847 1289 4900 in
1320 4845 1641 4916 particulari
1675 4845 1856 4914 aliqua
1890 4854 2100 4898 natura:

514 4943 771 4998 humana:
815 4941 986 4997 solius
1020 4940 1397 5003 subsistentia,
1432 4947 1562 5009 puta
1605 4938 1660 4991 in
1691 4952 1842 4991 mero
1873 4935 2098 4990 homine

511 5035 944 5107 cognoscimus,
1003 5032 1099 5088 sed
1149 5033 1203 5086 in
1246 5030 1657 5103 prmexsistenti
1702 5028 1867 5083 Verbi
1919 5027 2099 5082 subsi-

511 5126 754 5191 stentia;
793 5126 849 5180 in
902 5142 1010 5196 qua
1065 5125 1286 5195 propria
1340 5132 1397 5179 et
1438 5120 1791 5193 particularia
1826 5119 2080 5174 humanae

509 5228 723 5275 naturae
748 5220 1021 5282 adunaus,
1052 5227 1108 5271 et
1138 5218 1193 5271 in
1231 5230 1505 5271 concursu
1540 5213 1828 5281 utriusque
1862 5220 2096 5273 naturae,

511 5326 678 5364 unam
710 5324 1000 5379 personam
1038 5307 1293 5361 similiter
1319 5320 1387 5359 ex
1419 5312 1653 5371 utraque
1688 5310 1907 5364 natura,
1942 5309 1997 5355 et
2030 5314 2097 5353 ex

511 5402 803 5473 utriusque
833 5403 1086 5457 essentne
1103 5398 1443 5453 coacervatis
1456 5395 1893 5460 characteribus,
1912 5403 2097 5450 osten-

511 5495 594 5550 dit
616 5511 673 5549 se
706 5508 850 5548 unus
874 5510 904 5548 e
935 5508 1122 5547 saneta
1170 5490 1408 5555 Triade;
1444 5488 1538 5558 qui
1580 5487 1935 5551 subsistentia
1968 5486 2094 5557 qui-

510 5586 634 5642 dem
687 5585 870 5655 reipsa
891 5593 983 5657 est
1008 5601 1115 5638 una
1147 5593 1380 5647 tantum,
1414 5590 1470 5637 et
1523 5581 1624 5635 ista
1671 5596 1782 5634 non
1830 5580 2091 5636 humana.

509 5678 771 5733 Naturam
819 5678 965 5731 enim
1012 5676 1182 5731 habet
1229 5686 1287 5749 et
1324 5674 1691 5745 proprietates
1723 5673 1956 5737 divinas,
1993 5687 2093 5726 ne-

510 5784 618 5837 que
660 5769 866 5823 divinis
914 5769 1092 5823 solum
1124 5764 1327 5821 fruitur
1373 5765 1826 5836 proprietatibus.
1878 5762 2094 5833 Adjeeit

511 5857 658 5910 enim
676 5856 989 5912 divinorum
1011 5857 1399 5913 characterum
1423 5854 1734 5911 collectioni
1757 5854 2092 5923 assumptio-

2203 4469 2360 4533 ἰδίας,
2377 4470 2603 4541 ἀπορεῖν
2622 4472 2649 4521 ὑ
2659 4472 2787 4541 μᾶς,
2811 4472 3079 4541 περιττῶς
3101 4473 3295 4546 ἐλέχθη
3314 4476 3451 4546 πρὸς
3467 4480 3638 4549 ἡμᾶς.
3663 4479 3791 4533 Οὐδὲ

2208 4562 2317 4631 γὰρ
2356 4561 2515 4614 τοῦτο
2564 4562 2693 4633 ὑμῖν
2724 4564 3028 4636 εἰρήκαμεν
3079 4566 3154 4630 ὡς
3184 4571 3502 4641 προῦπῆρξε
3530 4571 3633 4642 τῆς
3662 4572 3791 4625 ὑπο-

2206 4654 2450 4716 στάσεως
2477 4655 2510 4723 ἡ
2544 4653 2687 4724 ἰδικὴ
2721 4656 2877 4724 φύσις
2920 4658 3233 4728 ἀνθρωπεία
3254 4660 3347 4714 τοῦ
3377 4662 3671 4731 Δεσπότου,
3700 4663 3789 4716 άλ-

2201 4743 2271 4798 λά
2290 4745 2597 4799 τούναντίον
2619 4746 2735 4817 ἃμα
2759 4766 2819 4801 τε
2844 4750 3005 4818 φῦναι
3025 4753 3116 4804 καὶ
3135 4753 3433 4823 ὑποστῆναι
3455 4755 3653 4825 αὑτήν
3680 4754 3786 4809 ἀλλ’

2202 4837 2301 4890 οὑκ
2327 4838 2385 4890 ὲν
2416 4836 2557 4908 ἰδικῇ
2584 4855 2691 4892 τινι
2722 4840 2894 4912 αὑτῆς
2924 4842 3092 4913 μόνης
3115 4842 3248 4914 οὑσῃ
3273 4845 3599 4912 ὑποστάσει,
3624 4849 3786 4918 ἤγουν

2200 4927 2357 4998 ψιλοῦ
2370 4927 2658 5000 ἀνθρώπου
2686 4932 3049 5003 γινώσκομεν,
3066 4935 3243 4988 ἀλλ’ὲν
3256 4940 3321 5007 τῇ
3338 4940 3787 5009 προῦφεστηκυίᾳ.

2202 5021 2373 5089 αὑτῆς
2398 5025 2463 5093 τῇ
2485 5021 2582 5075 τοῦ
2617 5023 2795 5092 Λόγου
2832 5026 3154 5080 ὑποστάσει·
3187 5031 3244 5081 ὲν
3347 5033 3443 5085 καὶ
3470 5031 3543 5085 τὰ
3567 5033 3669 5101 τῆς
3696 5034 3785 5087 ἀν·
3814 5034 3815 5037 “

2201 5111 2483 5183 θρωπείας
2535 5113 2755 5183 φύσεως
2788 5115 2897 5169 ἴδια
2944 5118 3040 5171 καὶ
3078 5118 3348 5190 ἰδιώματα
3378 5123 3626 5192 συνάψας
3651 5166 3665 5188 ,
3696 5122 3784 5175 καὶ

2200 5206 2257 5257 ὲν
2292 5208 2359 5277 τῇ
2393 5207 2671 5279 συνδρομῇ
2718 5208 2826 5261 τῶν
2858 5210 3187 5281 ἀμφοτέρων
3220 5213 3455 5281 φύσεων,
3497 5216 3559 5269 ἓν
3617 5216 3781 5285 πρόσ-
3834 5228 3837 5229 ⁷

2198 5314 2348 5350 ωπον
2381 5297 2583 5368 ὁμοίως
2635 5300 2729 5352 καὶ
2752 5299 2813 5365 ὲξ
2864 5302 3136 5373 ἑκατέρας
3184 5306 3422 5373 φύσεως,
3455 5309 3553 5360 καὶ
3588 5310 3652 5360 ὲκ
3678 5306 3779 5359 τῶν

2198 5390 2258 5454 ἐξ
2308 5390 2582 5461 ἑκατέρας
2612 5392 2802 5456 οὑσίας
2837 5394 3221 5465 σωρευθέντων
3240 5400 3779 5469 χαρακτηριστικῶν,

2198 5483 2402 5549 ἔδειξεν
2428 5484 2620 5536 έαυτὺν
2646 5485 2847 5554 ὁμοίως
2880 5487 3007 5539 ὄντα
3034 5492 3060 5541 ό
3090 5483 3170 5552 εἷς
3199 5493 3295 5559 τῆς
3329 5491 3491 5561 ἁγίας
3528 5492 3772 5560 Τριάδοςο

2196 5576 2254 5639 ὃς
2288 5576 2585 5640 ὑπόστασις
2618 5577 2717 5646 μὲν
2739 5579 2905 5643 ὅντως
2937 5581 3055 5634 ἐστὶ
3089 5582 3187 5652 μία
3224 5584 3362 5652 μόνη
3388 5584 3483 5637 καὶ
3514 5584 3654 5653 αὑτὴ
3681 5583 3775 5634 οὐκ

2197 5668 2558 5742 ἀνθρωπίνη·
2594 5668 2756 5737 φύσιν
2811 5689 2872 5724 τε
2932 5671 3043 5743 γὰρ
3102 5674 3196 5726 καί
3257 5674 3525 5747 ἰδιώματα
3572 5670 3775 5745 ἔχειτὰ

2197 5762 2318 5815 θεῖα
2345 5778 2359 5792 ο
2396 5762 2497 5815 οὑκ
2529 5765 2586 5815 ὲν
2621 5761 2787 5826 θείοις
2815 5762 2870 5815 δὲ
2926 5764 3086 5834 μόνον
3123 5768 3272 5820 ἐστὶν
3316 5767 3606 5836 ἰδιώμασιν
3634 5782 3649 5797 ο
3680 5782 3773 5816 πε-

2199 5852 2442 5925 ρισσεύει
2466 5854 2576 5924 γὰρ
2606 5856 2698 5908 καὶ
2728 5858 2842 5920 τοῖς
2870 5856 3020 5927 παρά
3041 5859 3105 5913 τὸ
3143 5860 3286 5917 θεῖον
3322 5850 3771 5931 χαρακτηρίσιιαέ
