4116 6452
373 459 513 526 1553

1326 455 1728 519 ADVERSUS
1766 453 2322 517 NESTORIANOS.
2345 458 2580 518 —LIB.
2622 458 2707 519 II.

3510 456 3649 522 1554

373 585 429 622 σι
458 564 771 636 συναχθεῖσι
800 567 868 637 τῇ
899 563 1203 636 προσλήψει
1234 564 1333 636 τῆς
1354 565 1681 636 καινοτέρας
1714 563 1955 635 φὺσεως.

2077 580 2190 620 tem
2246 567 2578 623 recentioris
2621 576 2853 622 natum.
2914 568 3414 624 Demonstrandum
3463 580 3648 627 autem

373 660 714 734 Προσεκτέον
751 658 810 712 δὲ
842 658 1020 729 τούτῳ
1068 656 1258 728 σαφῶς
1290 658 1387 712 καὶ
1417 658 1511 712 ἐπὶ
1540 657 1648 712 τῶν
1683 657 1904 728 μὺδρων
1938 675 1952 691 ·

373 757 465 808 καὶ
518 753 628 824 γὰρ
675 750 1116 824 προῦφεστὼσης
1164 753 1285 805 κατ’
1319 751 1456 806 ἰδίαν
1504 751 1804 805 ὑπόστασιν
1859 751 1959 819 τῆς

376 845 559 917 μάζης
586 844 682 899 τοῦ
717 844 967 916 σιδήρου,
1010 839 1129 897 εἶτα
1159 845 1241 905 εἰς
1288 845 1525 915 κάμινον
1568 844 1957 914 εἰσαγομένης,

374 938 547 1009 πυρὸς
586 939 751 1008 φύσις
797 938 935 1007 αὑτῇ
1002 938 1381 1005 ὲπιγεννᾶται,
1434 935 1560 990 οὔτε
1598 935 1793 1008 πρώην
1833 935 1960 993 οὒτε

376 1029 483 1100 ἰδίᾳ
514 1029 648 1082 ποτὲ
700 1028 1063 1095 ὑποστάντος,
1090 1028 1209 1082 ἀλλ’
1249 1029 1310 1082 ὲν
1372 1028 1510 1099 αὑτῇ
1550 1044 1563 1059 ο
1605 1028 1671 1082 ὲκ
1709 1028 1808 1098 μὲν
1861 1026 1961 1097 τῆς

374 1122 610 1192 καμίνου
642 1121 949 1193 τεχθέντος,
984 1121 1144 1186 ἐκτὸς
1168 1121 1225 1176 δὲ
1249 1121 1424 1192 αὑτῆς
1454 1122 1513 1175 ὲν
1536 1122 1605 1192 τῇ
1639 1120 1755 1192 ἰδέᾳ
1776 1119 1962 1191 δικαίᾳ

372 1212 541 1266 αὑτοῦ
575 1212 675 1286 τὴν
726 1213 1027 1269 ὑπόστασιν
1054 1213 1299 1285 ἔχοντος,
1331 1216 1427 1269 καὶ
1470 1214 1534 1269 τὸ
1565 1215 1623 1268 ὲν
1646 1217 1711 1286 τῇ
1742 1214 1961 1286 καμίνῳ

376 1304 491 1376 πῦρ
516 1306 618 1359 οὑκ
654 1306 1131 1377 ἀπομειὼσαντος.

961 1421 1215 1477 ΚΕΦΑΛ.
1280 1423 1363 1477 H'.

446 1532 508 1585 Εἰ
531 1532 667 1595 ὅλως
696 1530 907 1603 ὑπέστη
938 1533 966 1585 ό
1011 1531 1071 1597 ἐξ
1095 1532 1257 1603 ἡμῶν
1284 1533 1571 1607 ἄνθρωπος
1600 1538 1660 1591 ὲν
1703 1536 1780 1608 τῷ
1805 1535 1926 1607 Θεῷ
1946 1576 1961 1600 ,

377 1622 497 1687 ⁴ιὶῶς
531 1623 631 1676 οὑκ
655 1623 896 1694 ἔρρωται
930 1624 1024 1676 καὶ
1058 1622 1206 1677 ἔστιν
1235 1626 1267 1694 ὴ
1300 1625 1707 1691 ὑπόπασιςτοῦ
1726 1626 1786 1693 ἐξ
1805 1628 1963 1699 ήμῶν

375 1714 665 1786 ἀνθρώπου
702 1719 759 1769 ὲν
789 1717 855 1787 τῇ
906 1717 1205 1770 ὑποστάσει
1236 1715 1332 1772 τοῦ
1373 1718 1508 1772 Θεοῦ
1543 1720 1753 1788 Λόγου;
1785 1721 1881 1775 καὶ
1914 1723 1962 1773 εἰ

379 1808 456 1878 μὴ
480 1806 718 1877 ἔρρωται
746 1810 839 1862 καὶ
866 1808 1016 1862 ἐστιν
1043 1810 1077 1879 ή
1108 1810 1406 1874 ὑπόστασις
1438 1812 1533 1865 τοῦ
1573 1811 1632 1877 ἐξ
1673 1814 1832 1881 ἡμῶν
1864 1813 1961 1866 ἁν-

2067 656 2175 711 hoe
2201 656 2352 711 clare
2382 657 2439 712 in
2466 657 2637 713 ferris
2666 658 3040 714 candentibus
3076 677 3086 711 :
3130 660 3337 715 etenim
3387 664 3647 731 praeexsi-

2067 747 2232 802 stenti
2268 749 2570 803 secundum
2596 750 2876 821 prepriam
2897 750 3313 806 subsistentiam
3342 750 3473 806 ferri
3504 767 3648 807 mas-

2065 854 2160 899 sa3,
2193 838 2393 894 deinde
2433 840 2487 894 in
2513 839 2696 894 focum
2729 841 2987 909 inductae,
3009 843 3151 913 ignis
3174 851 3370 897 natura
3406 842 3645 899 innasci—

2065 937 2177 992 tur,
2210 946 2392 1000 neque
2420 943 2582 987 antea
2612 948 2790 1003 neque
2820 935 3112 1005 separatim
3149 935 3521 1001 subsistentis,
3551 937 3648 992 sed

2067 1021 2122 1075 in
2150 1022 2270 1091 ipsa
2300 1038 2502 1079 massa.
2537 1022 2674 1079 Cum
2722 1040 2849 1080 vero
2879 1041 2911 1080 e
2936 1025 3061 1082 foco
3108 1027 3307 1083 educta
3340 1038 3444 1094 est,
3494 1039 3648 1085 extra

2065 1128 2125 1168 se
2156 1114 2212 1168 in
2238 1130 2368 1169 vera
2398 1115 2573 1172 forma
2604 1116 2746 1187 ignis
2766 1117 3183 1174 subsistentiam
3202 1120 3393 1185 habet,
3420 1130 3477 1177 et
3508 1122 3652 1194 ignis

2067 1204 2121 1259 in
2150 1205 2271 1262 foco
2295 1223 2406 1267 non
2431 1208 2739 1265 diminutus
2764 1220 2870 1265 est.

2695 1420 2850 1477 CAP.
2888 1423 3025 1479 Vill.

2140 1535 2195 1591 Si
2248 1535 2305 1591 in
2336 1534 2609 1591 totalitate
2641 1535 2890 1591 substitit
2922 1536 3019 1607 qui
3053 1553 3084 1593 e
3127 1537 3291 1594 nobis
3334 1548 3458 1595 erat
3488 1539 3653 1597 homo

2068 1628 2123 1681 in
2156 1628 2290 1693 Deo,
2322 1626 2601 1697 quomodo
2626 1642 2738 1682 non
2759 1626 2988 1693 dicitur,
3026 1643 3131 1684 nec
3160 1638 3247 1685 est
3275 1630 3441 1685 etiam
3468 1631 3651 1687 subsi-

2070 1719 2276 1775 stentia
2305 1720 2552 1775 hominis
2581 1736 2610 1773 e
2638 1718 2803 1775 nobis
2838 1720 3059 1775 oriundi
3079 1721 3133 1775 in
3165 1722 3522 1778 subsistentia
3554 1724 3652 1778 Dei

2071 1810 2277 1866 Verbi?
2301 1818 2357 1865 et
2380 1810 2425 1865 si
2456 1824 2564 1864 non
2602 1810 2809 1866 dicitur
2838 1825 2943 1866 nec
2973 1819 3057 1867 est
3083 1811 3440 1868 subsistentia
3477 1814 3658 1868 homf-
3692 1799 3704 1808 ’

374 1897 600 1970 θρώπου
624 1901 681 1953 έν
708 1899 788 1972 τῷ
817 1900 937 1970 Θεῷ
983 1900 1177 1972 Λόγῳ,
1210 1901 1327 1965 πῶς
1347 1902 1470 1973 οὑχί
1507 1902 1786 1956 ἀπόλωλεν
1829 1904 1963 1956 ὑπο-

2077 1903 2157 1959 nis
2183 1918 2214 1957 e
2245 1902 2408 1958 nobis
2442 1902 2666 1958 oriundi
2714 1903 2771 1957 in
2811 1903 2924 1958 Deo
2958 1903 3163 1970 Verbo,
3210 1906 3493 1975 quomodo
3540 1923 3653 1962 non

377 1991 551 2043 στᾶσα
581 1989 615 2059 ἢ
642 1989 764 2044 οὐδὲ
787 1990 924 2054 ὅλως
946 1989 1043 2061 τὴν
1067 1991 1244 2063 ἀρχὴν
1275 1992 1514 2064 ὑπέστη;
1549 1988 1696 2065 *Δρα
1718 1994 1826 2064 γὰρ
1854 1995 1962 2047 πᾶν

374 2082 405 2135 ὃ
439 2099 522 2145 τις
552 2081 697 2135 εἴποι
729 2077 870 2136 εἶναι
904 2082 1000 2137 καὶ
1036 2082 1372 2153 ὑφεστάναι,
1434 2085 1528 2157 ήδη
1562 2088 1654 2139 καὶ
1690 2086 1795 2159 ἰδία
1823 2082 1962 2141 εἷναί

377 2194 510 2248 φησι
537 2195 551 2245 ;
582 2177 792 2231 Οὑκοῦν
825 2179 949 2231 ἐπεὶ
982 2175 1123 2239 εἶναί
1153 2197 1333 2251 φαμεν
1374 2181 1469 2234 καὶ
1496 2181 1862 2252 ὑφεστηκέναι
1905 2184 1963 2235 ὲν

376 2268 453 2338 τῷ
488 2270 763 2342 ἀνθρώπῳ
807 2273 961 2342 χεῖρα
1006 2272 1101 2325 καὶ
1131 2270 1269 2325 ποῦν
1303 2272 1399 2326 καὶ
1431 2272 1601 2344 ὄνυχα
1664 2274 1757 2326 καὶ
1785 2269 1960 2345 ἧπαρ,

377 2362 476 2433 ἠδη
503 2363 598 2416 καί
623 2363 729 2434 ἰδίᾳ
758 2359 901 2417 εἶναι
927 2365 1123 2428 ταῦτα,
1159 2364 1255 2419 καὶ
1277 2364 1715 2437 διακεκριμένως
1730 2364 1966 2419 ἕκαστον

376 2456 581 2510 τούτων
611 2456 757 2528 ἔχειν
775 2458 1076 2512 ὑπόστασιν
1097 2457 1396 2530 δοξάσομεν
1419 2476 1433 2524 ;
1458 2457 1568 2514 Kal
1585 2458 1708 2513 νοῦν
1733 2458 1792 2513 δὲ
1820 2453 1963 2513 εἶναι

377 2550 435 2601 tv
459 2549 604 2621 ψυχῇ
626 2590 642 2614 ,
677 2551 769 2603 καὶ
802 2551 860 2604 έν
890 2548 969 2621 τῷ
1000 2551 1213 2620 σώματι
1241 2552 1613 2623 ὑφεστηκέναι
1662 2552 1722 2606 τὸ
1766 2551 1965 2623 χρῶμα

375 2639 644 2710 λέγομεν·
687 2636 799 2711 ἆρα
832 2637 926 2694 οὖν
978 2642 1075 2695 καὶ
1129 2640 1460 2706 ὑποστάσεις
1503 2639 1671 2696 τῶνδε
1730 2642 1967 2714 ζητήσο-

381 2748 521 2803 μεν;
570 2733 680 2787 Kal
714 2734 834 2799 πῶς
872 2734 939 2789 ἂν
969 2728 1071 2789 ὧδε
1101 2734 1164 2789 τὸ
1194 2734 1255 2789 ἐν
1288 2752 1394 2790 τινι
1440 2735 1736 2807 λεγόμενον
1778 2731 1919 2791 εἶναι
1948 2774 1963 2801 ,

380 2825 541 2897 ὑμεῖς
571 2825 707 2898 ἡμῖν
739 2826 870 2892 ίσως
896 2827 1274 2901 ἑρμηνεύσετε
1304 2846 1320 2898 ;
1366 2829 1528 2883 Ἀλλὰ
1556 2831 1616 2883 τὸ
1640 2830 1712 2885 τὰ
1739 2829 1967 2885 τοιαῦτα

378 2916 582 2987 λέγειν,
613 2917 756 2989 τάχα
783 2919 839 2973 δὲ
867 2919 961 2972 καὶ
980 2919 1042 2973 τὺ
1075 2918 1341 2983 τοιούτοις
1369 2919 1691 2989 ἀντιλέγειν,
1740 2920 1966 2991 ἀλογίαν

377 3012 412 3082 ἢ
445 3010 731 3084 λογιότητα
767 3013 968 3085 πολλὴν
1007 3014 1464 3087 ὲπιμαρτὺρεται.

975 3288 1226 3341 ΚΕΦΛΛ.
1274 3288 1349 3341 Θ’.

456 3422 520 3478 Εἰ
548 3422 607 3475 έν
633 3420 714 3494 τῷ
740 3421 861 3493 Θεῷ
878 3422 1038 3493 Λόγῳ
1063 3422 1245 3491 λέγεις
1269 3422 1573 3491 ὑφεστάναι
1600 3424 1692 3479 τὸν
1716 3425 1777 3491 ἐξ
1810 3425 1969 3497 ἡμῶν

382 3515 690 3586 ἄνθρωπον,
728 3516 844 3578 πῶς
868 3514 1019 3584 αὑτῷ
1041 3514 1119 3583 τῷ
1141 3514 1442 3585 ὑφεστάναι
1471 3557 1487 3582 ,
1530 3518 1631 3589 οὑχ
1669 3518 1970 3573 ὑπόστασιν

383 3607 563 3677 δηλοῖς
599 3607 746 3678 ἔχειν
784 3607 876 3661 τὸν
900 3608 1254 3677 ὑποστάντα;
1287 3608 1412 3661 Ὀτι
1452 3609 1552 3679 μὲν
1598 3610 1905 3681 ὑφέστηκεν
1942 3613 1971 3665 ὁ

384 3699 669 3772 ἄνθρωπος
698 3702 757 3753 ὲν
785 3700 863 3772 τῷ
892 3699 1011 3770 Θεῷ
1038 3700 1221 3771 Λόγῳ,
1266 3700 1469 3772 μᾶλλον
1505 3701 1660 3771 ὑμῶν
1710 3702 1923 3774 βοῶμεν
1954 3718 1969 3732 ’

383 3792 527 3858 ἀλλ’,
556 3792 631 3856 ὡς
663 3792 861 3856 ἔοικεν,
912 3790 1245 3845 ἐπελάθεσθε
1288 3792 1418 3863 περὶ
1466 3791 1590 3845 ὅτου
1637 3793 1776 3863 πρὸς
1826 3794 1975 3864 ἡμᾶς

382 3882 721 3954 διεφέρεσθε,
752 3884 844 3935 καὶ
865 3881 996 3936 ἄλλο
1021 3882 1119 3935 νῦν
1142 3884 1446 3951 ἐγκαλεῖτε.
1494 3884 1567 3938 Τὸ
1586 3882 1694 3956 γὰρ
1723 3885 1827 3957 ἰδίᾳ
1851 3885 1974 3940 καθ’

389 3974 534 4043 ὑμᾶς
565 3974 932 4044 ὑφεστηκέναι
952 3973 1045 4027 τὸν
1068 3972 1360 4042 ἑνούμενον
1383 3974 1533 4039 ἆπαξ
1560 3977 1736 4033 εἰπεῖν
1765 3974 1977 4048 ἀνθρώ·

388 4084 512 4131 πον,
540 4068 601 4120 οὑ
624 4066 1037 4137 καταδεχόμεθα
1059 4083 1071 4097 ·
1106 4068 1193 4121 ἵνα
1224 4068 1297 4139 μὴ
1323 4067 1419 4121 δύο
1445 4068 1698 4122 ἐντεῦθεν
1717 4069 1816 4134 τὰς
1845 4070 1977 4124 ὑποο

388 4160 606 4224 στάσεις
663 4161 979 4230 σωζομένας
1034 4162 1092 4214 ὲν
1150 4161 1228 4231 τῷ
1276 4161 1533 4226 ἰδιάζοντι
1585 4162 1825 4235 ἑκατέρᾳ.
1869 4162 1978 4216 τῶν

390 4252 764 4307 συνελθουσῶν
814 4252 959 4325 λόγῳ
1003 4258 1460 4326 παραστήσαντες
1492 4292 1506 4317 ,
1552 4254 1651 4324 τὴν
1680 4255 1875 4309 ἕνωσιν
1914 4256 1980 4308 ὲκ

391 4344 612 4417 βάθρων
645 4345 1063 4417 ἀνατρέψωμεν.
1127 4346 1193 4400 Εἰ
1236 4346 1346 4416 γὰρ
1391 4346 1488 4400 καὶ
1527 4346 1635 4418 ἰδίᾳ
1666 4347 1978 4416 ὑφεστῶτος

389 4440 653 4509 ἑκατέρου
683 4438 792 4491 τῶν
826 4439 884 4491 ὲν
923 4436 1169 4509 Χριστῷ,
1199 4436 1388 4506 λέγετε
1427 4438 1650 4493 δυνατὸν
1685 4435 1827 4494 εἶναί
1857 4456 1978 4494 τινα

389 4530 586 4589 ἕνωσιν
634 4531 852 4599 αὑτοίς;
901 4532 972 4585 Ἢ
1016 4531 1137 4586 καθ’
1167 4531 1235 4602 ἢν
1280 4531 1377 4585 καὶ
1410 4530 1576 4586 Δαὸὶδ
1604 4532 1682 4604 τῷ
1732 4532 1979 4605 πολεμίῳ

2070 1997 2235 2067 periit
2263 1995 2484 2066 quando
2505 1996 2789 2066 supposita
2811 2003 2897 2051 est
2919 1995 3052 2062 Deo,
3070 2004 3165 2050 aut
3182 2012 3290 2051 non
3326 1997 3571 2053 totaliter
3602 1999 3653 2053 in

2070 2087 2348 2158 principio
2375 2087 2670 2143 substitit?
2715 2089 2858 2145 Num
2889 2091 3251 2168 enim‘omne
3283 2093 3433 2163 quod
3459 2094 3658 2163 aliquis

2071 2179 2282 2236 diceret
2316 2195 2439 2236 esse
2467 2188 2526 2236 et
2564 2182 2890 2249 subsistere,
2921 2184 3035 2255 jam
3068 2200 3291 2254 quoque
3320 2186 3545 2256 proprie
3572 2201 3661 2241 es-

2071 2288 2129 2328 se
2161 2271 2347 2327 dicet?
2388 2288 2542 2345 ergo,
2584 2289 2710 2330 cum
2757 2291 2879 2331 esse
2911 2275 3151 2331 dicimus
3182 2281 3241 2331 et
3268 2276 3570 2332 subsistere
3602 2277 3657 2332 in

2068 2366 2297 2420 homine
2336 2381 2563 2420 manum
2595 2374 2651 2421 et
2684 2366 2903 2437 pedem,
2940 2382 3182 2439 unguem
3225 2375 3282 2423 et
3324 2368 3504 2439 jecur,
3546 2369 3657 2440 jam

2073 2470 2293 2527 quoque
2322 2458 2544 2528 proprie
2566 2473 2690 2513 esse
2725 2458 2836 2525 illa,
2866 2466 2923 2513 et
2952 2458 3213 2516 distincte
3242 2459 3503 2531 quodque
3533 2460 3658 2515 illo-

2072 2562 2196 2601 rum
2235 2547 2441 2604 habere
2476 2549 2893 2605 subsistentiam
2937 2550 3301 2621 putabimus?
3333 2561 3388 2607 et
3416 2558 3659 2606 mentem

2073 2654 2195 2694 esse
2246 2639 2299 2693 in
2351 2641 2558 2706 anima,
2605 2648 2663 2697 et
2714 2640 2770 2696 in
2804 2657 3039 2713 corpore
3082 2644 3383 2699 subsistere
3415 2644 3659 2700 colorem

2075 2730 2349 2793 dicimus:
2379 2749 2511 2787 num
2566 2732 2733 2803 igitur
2764 2733 3158 2791 subsistentias
3186 2750 3380 2790 eorum
3409 2734 3656 2806 inquire-

2076 2825 2237 2880 mus?
2270 2834 2326 2879 et
2355 2824 2636 2896 quomodo
2688 2825 2779 2881 hic
2816 2825 3047 2896 aliquid,
3097 2825 3245 2897 quod
3280 2826 3336 2881 in
3360 2826 3546 2896 aliquo
3570 2825 3658 2880 di-

2075 2917 2221 2972 citur
2245 2932 2387 2981 esse,
2420 2930 2519 2971 vos
2558 2917 2718 2972 nobis
2762 2918 2972 2987 pariter
3006 2918 3391 2988 explicabitis?
3418 2918 3515 2974 sed
3543 2918 3659 2977 haec

2077 3007 2209 3062 talia
2254 3008 2463 3071 dicere,
2516 3023 2752 3079 moxque
2806 3008 3007 3063 talibus
3038 3008 3442 3075 contradicere,
3479 3007 3661 3065 stulti-

2078 3099 2207 3155 tiam
2237 3107 2291 3154 et
2318 3099 2663 3155 dialecticam
2694 3100 2921 3155 multam
2954 3108 3210 3156 testatur.

2731 3278 2881 3335 CAP.
2916 3279 3007 3334 IX.

2148 3416 2206 3472 Si
2240 3415 2297 3469 in
2330 3415 2446 3470 Deo
2482 3414 2662 3471 Verbo
2686 3413 2829 3468 dicis
2860 3412 3168 3468 subsistere
3195 3412 3477 3467 hominem
3510 3426 3662 3467 eno-

2073 3508 2162 3564 bis
2209 3507 2529 3571 oriundum,
2582 3504 2867 3576 quomodo
2901 3504 3007 3559 hoc
3057 3503 3175 3574 ipso
3205 3502 3354 3573 quod
3384 3501 3659 3568 subsistit,

2074 3618 2185 3657 non
2209 3599 2624 3656 subsistentiam
2657 3598 2908 3654 ostendis
2937 3596 3142 3651 habere
3174 3596 3326 3650 illum
3349 3595 3444 3666 qui
3475 3595 3662 3650 subsi-
3718 3663 3728 3671 .

2076 3694 2216 3750 stit?
2266 3692 2549 3747 hominem
2596 3690 2821 3762 quidem
2854 3690 3157 3746 subsistere
3213 3689 3269 3745 in
3308 3689 3423 3745 Deo
3455 3687 3661 3753 Verbo,

2076 3802 2179 3841 nos
2231 3785 2405 3856 magis
2437 3799 2602 3855 quam
2634 3799 2735 3839 vos
2778 3783 3118 3850 clamamus;
3157 3781 3276 3848 sed,
3312 3788 3376 3835 ut
3417 3780 3662 3846 videtur,

2077 3895 2189 3933 non
2223 3876 2701 3948 eomprehenditis
2732 3875 2789 3931 in
2837 3891 3005 3947 quoa
3052 3874 3217 3931 nobis
3266 3874 3556 3940 diﬂ‘eralis,
3608 3882 3666 3930 et

2079 3968 2228 4026 aliud
2253 3984 2402 4024 nunc
2431 3968 2694 4039 objicitis.
2717 3967 2957 4033 Etenim,
2983 3965 3232 4037 proprie,
3263 3973 3324 4021 ut
3348 3980 3448 4021 vos
3474 3964 3662 4030 vultis,

2080 4064 2386 4120 subsistere
2416 4062 2635 4118 unitum
2670 4060 2841 4116 semel
2867 4059 3053 4115 dicere
3093 4058 3399 4125 hominem,
3430 4073 3541 4112 non
3570 4057 3667 4112 ad-

2078 4157 2373 4222 mittimus,
2400 4172 2493 4224 ne,
2522 4154 2661 4210 duas
2707 4153 2942 4225 proinde
2985 4152 3373 4209 subsistentias
3421 4159 3668 4207 servatas

2080 4250 2138 4305 in
2164 4251 2382 4305 ratione
2407 4256 2703 4318 utramque
2750 4245 3198 4302 convenientium
3238 4243 3517 4313 propriam
3547 4240 3667 4297 etiis

2081 4344 2263 4399 ciente
2294 4348 2637 4412 praestantes,
2667 4354 2699 4394 a
2745 4338 3120 4394 fundamentis
3155 4336 3416 4393 unionem
3446 4348 3667 4391 everta-

2083 4450 2227 4490 mus.
2266 4433 2323 4489 Si
2362 4433 2511 4488 enim
2558 4430 2780 4502 proprie
2808 4429 3063 4486 subsiStit
3087 4437 3388 4498 utrumque
3415 4427 3469 4481 in
3503 4425 3669 4482 Chri-

2083 4537 2190 4591 sto,
2224 4524 2479 4581 dieitisne
2523 4521 2844 4594 possibilem
2864 4536 2987 4578 esse
3014 4522 3159 4576 inter
3180 4527 3479 4588 utrumque
3505 4518 3663 4572 unio-

392 4623 561 4677 αὑτοῦ
614 4623 809 4678 Γολιὰθ
864 4623 1006 4677 κατὰ
1062 4623 1161 4693 τὴν
1234 4623 1558 4695 συμπλοκὴν
1646 4623 1740 4678 τοῦ
1815 4624 1970 4678 πολέ-

2084 4618 2251 4674 nem?
2279 4634 2349 4672 an
2389 4615 2585 4672 eodem
2618 4613 2784 4669 modo
2830 4629 2941 4683 quo
2972 4613 3143 4669 David
3174 4612 3401 4667 inimico
3433 4626 3533 4666 suo
3566 4609 3675 4665 Go-

396 4735 520 4787 μου,
577 4716 673 4770 καὶ
725 4717 825 4786 τὴν
881 4717 1165 4788 ἐνέργειαν
1222 4717 1323 4787 τῆς
1377 4718 1590 4772 ἐκείνου
1642 4718 1978 4789 ἀναιρέσεως

391 4808 674 4881 ἡνωμένος
718 4803 786 4880 ἦν
845 4824 1021 4877 φατες
1088 4809 1157 4861 Ἦ
1196 4808 1318 4861 καθ’
1377 4808 1445 4881 ἢν
1509 4809 1711 4879 Ἰωσὴφ
1756 4812 1814 4863 ὲν
1879 4811 1977 4864 Αἰ-

390 4902 588 4973 γύπτῳ
651 4899 733 4955 ὢν
764 4941 778 4968 ,
830 4899 909 4971 τῷ
968 4900 1229 4971 Βενιαμὶν
1288 4901 1505 4971 ἥνωτο;
1584 4901 1655 4953 Ἢ
1726 4902 1850 4955 καθ’
1914 4903 1981 4974 ἢν

385 4996 421 5065 ἡ
451 4994 706 5066 ἐνέργεια
736 4992 832 5047 τοῦ
877 4991 1141 5065 μουσικοῦ
1175 4994 1242 5064 τῇ
1277 4992 1509 5065 κιθάρᾳ;
1545 4995 1617 5046 'll
1650 5010 1771 5048 τινα
1802 4996 1981 5049 τοιάν-

384 5089 443 5143 δε
473 5088 840 5158 ὑφεστηκέναι
860 5085 954 5141 οὖν
984 5087 1202 5151 πάντως
1226 5105 1240 5154 ;
1278 5087 1368 5141 Ἐν
1395 5092 1548 5160 κοινῇ
1569 5088 1627 5141 δὲ
1651 5090 1746 5142 καὶ
1780 5090 1879 5161 μιᾷ
1908 5092 1972 5161 τῇ

386 5182 689 5236 ὑποστάσει
718 5183 811 5237 τόν
839 5200 901 5235 τε
934 5182 1106 5251 Λόγον
1134 5183 1229 5235 καὶ
1265 5182 1365 5253 τὴν
1396 5182 1575 5253 σάρκα
1604 5183 1723 5254 ἅμα
1751 5182 1971 5249 δοξάζο-

391 5293 491 5346 μεν
538 5276 700 5347 ήμεῖς
721 5291 734 5303 '
766 5276 924 5343 ὑμεῖς
943 5275 1000 5328 δὲ
1034 5276 1082 5328 εἰ
1120 5276 1215 5329 καλ⁸
1249 5274 1325 5346 μὴ
1352 5277 1465 5338 τοῖς
1504 5276 1683 5348 ήμῶν,
1709 5276 1843 5329 ἀλλὰ
1863 5279 1975 5340 τοῖς

388 5384 453 5436 γε
489 5365 797 5436 ὑμετέροις,
821 5365 937 5427 πῶς
960 5364 1062 5418 οὑκ
1094 5364 1488 5434 ὲπισκήπτετε,
1512 5365 1569 5416 ἐν
1598 5365 1672 5434 τῷ
1705 5364 1864 5436 Λόγῳ
1894 5365 1979 5419 λέ-

389 5472 581 5525 γοντες
602 5456 700 5510 καὶ
726 5454 883 5512 αὐτοὶ
914 5453 1005 5509 τὸν
1036 5452 1324 5524 ἄνθρωπον
1356 5447 1526 5519 εἷναι;
1552 5452 1624 5505 Τὸ
1656 5452 1766 5525 γὰρ
1788 5452 1847 5507 ἐν
1870 5469 1978 5506 τινι

390 5548 683 5619 λεγόμενον
719 5545 892 5613 εἶναι,
927 5548 1027 5617 τὴν
1072 5544 1267 5598 ἕνωσιν
1307 5544 1403 5615 τὴν
1451 5544 1589 5616 πρὸς
1625 5544 1787 5598 αὑτὸν
1839 5562 1981 5616 μαρ-

397 5641 620 5713 τύρεται
647 5657 661 5671 ·
690 5640 753 5695 τὸ
774 5640 831 5693 δὲ
869 5639 974 5711 ἰδίᾳ
1000 5638 1266 5707 ἐκατέρου
1303 5637 1484 5706 λέγειν
1532 5638 1640 5689 τῶν
1690 5635 1973 5707 ὑποκειμέ·

394 5752 505 5789 των
538 5732 676 5789 εἶναι
700 5736 800 5807 τὴν
834 5734 1133 5787 ὑπύστασιν
1163 5771 1179 5798 ,
1221 5732 1319 5802 τὴν
1365 5730 1503 5803 πρὸς
1539 5730 1744 5802 ἄλληλα
1780 5729 1986 5784 τούτων

396 5828 678 5883 διάστασιν
717 5828 906 5897 σαφῶς
938 5826 1192 5895 ὁμολογεῖ
1222 5842 1236 5856 ·
1277 5823 1452 5877 ταυτὰ
1484 5823 1542 5876 δὲ
1573 5823 1689 5894 ἅμα
1726 5822 1855 5895 περὶ
1888 5820 1981 5877 τοῦ

402 5921 566 5989 αὑτοῦ
596 5920 775 5991 λέγειν
802 5919 834 5992 ἢ
868 5920 1085 5991 φρονεῖν
1111 5959 1124 5985 ,
1158 5916 1278 5971 λίαν
1308 5915 1623 5988 ἁσὺμϐατα.

2084 4710 2241 4774 liath,
2273 4725 2372 4780 per
2399 4722 2597 4781 pugnae
2626 4705 2968 4773 conﬂictum,
2995 4715 3052 4761 et
3079 4705 3191 4760 vim
3220 4704 3461 4775 impetus
3486 4703 3672 4773 hujus,

2090 4802 2280 4858 unitus
2308 4802 2481 4857 fuerit
2521 4799 2753 4856 dicitis?
2781 4815 2853 4854 an
2889 4814 2957 4853 eo
3006 4797 3174 4853 modo
3224 4813 3335 4869 quo
3357 4795 3562 4865 Joseph
3618 4795 3673 4848 in

2086 4894 2319 4967 [Egypto
2370 4894 2658 4965 Beniamin
2717 4892 2910 4948 unitus
2961 4891 3210 4946 fuit‘lan
3260 4889 3453 4945 eodem
3508 4888 3673 4942 modo

2087 5006 2199 5061 quo
2228 4988 2427 5044 musici
2451 4987 2617 5043 ardor
2650 4986 2707 5041 in
2727 5002 2827 5041 sua
2852 4985 3067 5041 cithara
3094 4984 3117 5037 ?
3144 4998 3211 5037 an
3236 4982 3477 5052 aliquam
3509 4979 3674 5033 talem

2088 5082 2393 5137 subsistere
2418 5079 2647 5134 omnino
2673 5074 3053 5133 contenditis?
3079 5073 3133 5127 in
3169 5069 3452 5128 communi
3487 5077 3663 5124 auten

2083 5180 2140 5228 et
2167 5186 2275 5225 una
2313 5167 2672 5224 subsistentia
2720 5166 2964 5221 Verbum
3012 5172 3068 5218 et
3115 5177 3335 5217 carnem
3385 5159 3547 5215 simul
3573 5175 3676 5213 nos

2085 5271 2448 5333 reputamns;
2485 5276 2584 5314 vos
2620 5275 2753 5313 vero
2785 5257 2889 5313 etsi
2936 5272 3045 5311 non
3082 5255 3313 5321 nostris,
3356 5254 3453 5309 sed
3498 5262 3554 5308 et
3583 5268 3668 5308 ve-

2087 5356 2217 5415 stris
2245 5351 2540 5409 sententiis
2556 5348 2834 5420 quomodo
2850 5364 2959 5402 non
2985 5346 3226 5411 hmretis.
3244 5345 3424 5415 ipsum
3454 5345 3510 5399 in
3532 5345 3669 5399 Ver-

2088 5449 2159 5504 bo
2202 5462 2300 5501 vos
2327 5443 2516 5499 dicitis
2568 5452 2623 5497 et
2668 5441 2951 5495 hominem
2981 5438 3148 5495 esse?
3195 5436 3401 5508 aliquid
3436 5437 3583 5492 enim
3620 5436 3674 5490 in

2091 5540 2277 5609 aliquo
2310 5552 2431 5591 esse
2462 5535 2507 5590 si
2535 5535 2773 5600 dicatur,
2812 5531 2942 5586 unio
2968 5532 3261 5601 utriusque
3292 5528 3674 5601 signiﬁcatur;

2092 5632 2135 5687 si
2160 5631 2381 5685 dicatur
2402 5637 2585 5682 autem
2620 5626 2844 5697 proprie
2869 5640 2990 5680 esse
3022 5624 3438 5679 subsistentiam
3466 5623 3675 5678 utrius-

2090 5738 2197 5794 que
2233 5721 2667 5791 suppositorum,
2700 5718 2986 5772 distinctio
3011 5718 3156 5772 inter
3180 5725 3480 5786 utrumque
3530 5715 3677 5770 clare

2089 5816 2431 5879 Ostenditur;
2464 5812 2657 5867 eadem
2696 5828 2824 5865 vero
2851 5812 3013 5866 simul
3046 5814 3111 5865 de
3133 5810 3326 5865 eodem
3363 5810 3548 5866 dicere
3586 5819 3684 5862 aut

2090 5912 2354 5981 cogitare,
2399 5907 2631 5963 nimium
2662 5906 2961 5963 absurdum
2998 5905 3241 5961 videtur.
