4116 6450
388 417 526 486 ιεδπ

1350 426 1750 491 ADVERSUS
1792 423 2433 489 NESTORIANOS.—
2460 428 2609 489 LIB.
2651 429 2734 491 ΙΙ.

3528 430 3668 497 1558

389 535 489 589 τοῦ
518 534 735 606 Πατρὸς
763 536 1237 609 μαρτυρούμενος,
1256 537 1349 594 δύο
1364 539 1535 595 ὄντων
1565 543 1661 595 καὶ
1678 540 1971 612 διαφόρων,

2103 540 2255 605 "iliis,
2290 557 2429 613 quos
2457 543 2662 607 dicitis,
2694 542 3041 601 autChriStis
3059 544 3349 616 adjicietis,
3378 554 3474 601 aut
3498 544 3669 617 igitur

384 627 614 692 εἰκότως
634 626 732 681 τὸν
748 627 848 681 ἑνα
875 628 984 681 τῶν
1016 628 1140 682 καθ’
1172 630 1317 701 ὑμᾶς
1353 631 1498 685 Υίῶν
1521 632 1555 702 ἢ
1578 631 1833 701 Χριστῶν
1864 646 1975 683 πα-

388 717 738 789 ραγράψετε·
770 719 803 791 ἢ
836 720 930 774 οὖν
978 721 1071 775 τὸν
1119 721 1519 794 βαπτιζόμενον
1565 725 1627 778 τὸ
1668 722 1976 790 τηνικαῦτα

384 810 603 882 ὁρατὸν,
632 810 667 882 ἢ
696 811 791 865 τὸν
825 814 889 865 ὲκ
919 812 1015 866 τοῦ
1062 814 1278 885 Πατρὸς
1319 815 1425 885 πρὸ
1461 815 1675 870 αἰώνων
1702 815 1935 888 ἀόρατον
1957 856 1972 877 ,

386 906 685 973 ἀναγκαῖον
733 906 881 976 ὑμᾶς
927 908 1377 980 παραιτήσασθαι
1418 926 1431 939 ·
1489 908 1586 963 ἕνα
1636 908 1746 977 γάρ
1810 908 1974 979 μόνον

388 995 554 1052 αὑτοῦ
582 992 722 1051 εἶναι
752 998 883 1052 Υίόν
923 1016 1059 1070 φησι
1094 1000 1289 1064 ἑνικῶς
1320 1002 1348 1054 6
1373 1001 1562 1073 Πατήρ
1592 1017 1606 1032 ·
1629 1000 1709 1055 ἔτι
1742 1000 1849 1071 μὴν
1884 1000 1979 1054 καὶ

388 1088 650 1160 αἰσθητὸν
689 1090 812 1144 ἐπεὶ
862 1091 958 1145 καὶ
1002 1091 1293 1157 δεικτικῶς
1340 1093 1498 1165 ἡμῶν
1533 1094 1647 1158 τοῖς
1675 1093 1978 1165 ὀφθαλμοῖς

390 1181 628 1250 ἐμήνυεν
658 1182 686 1235 6
710 1182 902 1255 Πατὴρ
931 1183 1021 1237 τὸν
1049 1185 1336 1256 ἀγαπητὸν
1358 1186 1553 1240 ἑαυτοῦ
1586 1187 1717 1240 Υίόν
1741 1202 1755 1216 ·
1790 1187 1851 1250 ὃς
1883 1187 1980 1241 καὶ

389 1273 565 1341 Δόγος
593 1274 826 1349 ἀόρατος
852 1276 1227 1351 ὡμολόγηται.
1266 1279 1336 1332 Ἦ
1357 1278 1718 1352 οὖνψευδὴςὴ
1752 1279 1845 1334 τοῦ
1868 1280 1983 1333 Πα-

391 1365 523 1437 τρὸς
553 1369 852 1439 μαρτυρία,
903 1369 938 1441 ἢ
992 1371 1259 1442 περιδεῶς
1298 1372 1364 1427 ἑκ
1394 1371 1489 1426 τοῦ
1528 1372 1713 1443 λογίου
1755 1374 1881 1440 δόξα
1909 1372 1979 1443 ’ἢ

394 1456 562 1528 ἄμφω
584 1459 611 1510 6
637 1459 799 1525 αὐτὸς
819 1456 888 1533 ἦν
918 1465 946 1517 6
970 1463 1420 1537 μαρτυρούμενος
1437 1466 1587 1533 Υἱὸς,
1609 1465 1868 1539 αἰσθητὸς
1890 1465 1983 1520 καὶ

395 1548 642 1621 ἀόρατος.

1002 1649 1260 1705 ΚΕΦΑΛ.
1288 1652 1389 1705 lB'.

467 1738 531 1793 Εἰ
559 1741 702 1795 κατά
738 1740 905 1811 φύσιν
958 1743 1128 1815 μηδὲν
1156 1743 1408 1815 διαφέρει
1457 1745 1521 1799 τὸ
1576 1744 1735 1817 σῶμα
1772 1745 1983 1818 Πέτρου

396 1829 491 1885 τοῦ
522 1831 777 1903 σώματος
798 1834 1038 1902 Παύλου,
1067 1835 1188 1899 πῶς
1218 1835 1286 1891 ἄν
1316 1836 1438 1891 καθ’
1462 1837 1763 1892 ὑπόστασιν
1783 1839 1843 1893 οὐ
1868 1839 1986 1893 δια-

2079 633 2417 703 baptizatum
2446 643 2502 691 et
2527 644 2657 690 tunc
2689 636 2989 703 visibilem,
3018 645 3111 692 aut
3135 653 3203 693 ex
3230 639 3393 693 Patre
3420 639 3670 709 genitum

2079 734 2205 781 ante
2238 729 2434 783 saecula
2465 728 2823 793 invisibilem,
2848 745 3075 785 necesse
3103 739 3188 784 est
3216 746 3317 786 vos
3347 731 3666 801 implorare.

2080 817 2260 873 Unum
2297 820 2446 874 enim
2478 821 2655 875 solum
2701 836 2860 876 suum
2908 836 3033 877 esse
3072 821 3274 876 Filium
3323 822 3487 878 unice
3532 822 3671 878 dicit

2079 910 2263 966 Pater.
2299 911 2496 967 Adhuc
2528 920 2585 968 et
2611 912 2905 970 visibiliter
2941 923 2996 981 et
3022 924 3213 985 aperte
3238 915 3447 971 nostris
3491 915 3672 972 oculis

2081 1002 2345 1059 indicavit
2375 1004 2537 1059 Pater
2559 1004 2821 1060 dilectum
2856 1022 3018 1062 suum
3060 1007 3282 1069 Filium,
3315 1007 3409 1077 qui
3444 1016 3499 1061 et
3533 1007 3670 1061 Ver-

2081 1095 2214 1150 bum
2258 1095 2536 1151 invisibile
2581 1098 2924 1167 agnoscitur.
2974 1099 3119 1171 Ergo
3162 1108 3258 1154 aut
3305 1099 3539 1154 mendax
3586 1109 3673 1154 est

2080 1185 2260 1241 Patris
2290 1187 2689 1255 testimonium,
2717 1189 2803 1244 vel
2834 1205 2867 1244 e
2908 1189 3181 1259 stupende
3209 1190 3433 1245 oraculo
3465 1187 3672 1262 glorifi-

2082 1276 2257 1343 catio;
2291 1286 2388 1332 aut
2417 1286 2651 1348 uterque
2678 1279 2823 1334 idem
2849 1289 2935 1335 est
2964 1280 3135 1337 Filius
3171 1282 3549 1337 testimonium
3578 1296 3673 1337 ac-

2082 1368 2314 1440 cipiens,
2343 1370 2623 1427 sensibilis
2653 1378 2710 1428 et
2738 1371 2995 1428 visibilis.

2720 1638 2873 1695 CAP.
2916 1638 3036 1696 ΧΠ.

2156 1729 2213 1787 Si
2246 1729 2553 1786 secundum
2604 1737 2858 1786 naturam
2905 1731 3044 1786 nihil
3076 1730 3264 1787 dill‘ert
3292 1733 3441 1789 Petri
3475 1749 3700 1805 corpus.

2088 1835 2119 1875 a
2145 1836 2375 1892 corpore
2405 1821 2580 1886 Pauli,
2614 1822 2892 1893 quomodo
2924 1823 3229 1879 secundum
3263 1824 3678 1881 subsistentiam

397 1924 594 1993 φέροι;
628 1925 689 1978 Εἰ
716 1924 773 1979 δὲ
814 1925 950 1997 μηδὲ
987 1927 1111 1982 καθ’
1155 1928 1456 1985 ὑπόστασιν
1504 1930 1757 2003 διαφέρει
1787 1971 1802 1996 ,
1834 1930 1895 1985 τὸ
1926 1931 1983 1985 δὲ

2103 1930 2196 1969 ton
2226 1914 2509 1971 differret?
2535 1915 2621 1971 sin
2653 1924 2838 1971 autem
2871 1932 2981 1971 non
3018 1918 3323 1973 secundum
3368 1920 3680 1975 subsisten-

400 2016 544 2087 μήτε
572 2019 640 2089 τῇ
668 2016 852 2087 φύσει,
890 2019 1030 2090 μήτε
1060 2022 1126 2091 τῇ
1153 2019 1453 2075 ὑποστάσει
1475 2021 1756 2092 διαφέρον,
1788 2022 1984 2077 ταυτὸν

398 2108 466 2162 ἃν
493 2109 582 2179 εἴη
607 2109 749 2164 κατὰ
770 2110 970 2176 πάντα,
996 2110 1116 2175 πῶς
1140 2111 1241 2166 οὐκ
1273 2111 1424 2166 ἔσται
1458 2112 1666 2184 Πέτρου
1700 2112 1794 2167 καὶ
1838 2112 1987 2166 Παύ-

395 2200 516 2266 λου,
550 2198 610 2254 ἓν
638 2200 700 2255 τὸ
724 2200 884 2273 σῶμα
909 2204 1004 2256 καὶ
1036 2202 1233 2257 ταυτὸν
1262 2202 1405 2257 κατὰ
1432 2204 1610 2258 πάντα
1635 2242 1652 2267 ,
1688 2204 1827 2277 ὅπερ
1856 2203 1987 2257 ἁδύ-

397 2309 587 2360 νατον;
634 2293 797 2346 Ἀλλὰ
824 2293 1044 2364 πρῶτον
1079 2293 1178 2366 μὲν
1218 2294 1313 2349 κα)⁸
1362 2294 1523 2365 σῶμα
1572 2293 1827 2362 σώματος
1866 2296 1985 2349 δια-

402 2383 559 2456 φέρει
596 2383 742 2438 κατὰ
773 2385 935 2455 φύσιν
967 2386 1065 2456 τὴν
1092 2384 1250 2453 ἰδίαν,
1279 2379 1348 2459 ἦς
1384 2385 1480 2441 νῦν
1518 2387 1617 2459 τὴν
1646 2387 1832 2459 κοινὴν
1854 2389 1988 2459 ἡμῖν

400 2475 833 2547 άντεισηγάγετε
863 2477 913 2531 οἰ
930 2476 1170 2531 τοσαῦτα
1188 2477 1293 2549 πρὸ
1311 2477 1542 2549 βραχέος
1562 2480 1676 2542 τοῖς
1704 2479 1987 2547 εἰσάγουσι

402 2563 503 2635 τὴν
554 2565 745 2636 κοινὴν
783 2565 948 2637 φύσιν
978 2568 1071 2621 ἑτιτί⁷
1110 2565 1205 2621 τοῦ
1250 2566 1541 2639 ἀνθρώπου
1599 2568 1988 2638 καταχέαντες.

403 2658 481 2713 Οὐ
507 2659 618 2730 γὰρ
632 2659 854 2725 ταυτὸν,
884 2658 1010 2714 οὕτε
1036 2658 1116 2731 τῷ
1146 2660 1390 2732 ἀριθμῷ,
1416 2657 1540 2713 οὔτε
1566 2660 1715 2732 πάσῃ
1745 2660 1991 2732 ποιότητι

403 2753 611 2822 φυσικῇ
630 2752 741 2805 πᾶν
769 2750 932 2822 σῶμα
960 2767 973 2781 ·
1002 2751 1162 2822 εἰπερ
1204 2752 1280 2823 μὴ
1310 2750 1506 2808 ταυτὸν
1556 2754 1619 2823 τῇ
1653 2751 1813 2822 φύσει
1859 2752 1994 2824 μηδὲ

402 2844 514 2906 πᾶς
539 2842 691 2907 λίθος
712 2841 810 2896 καὶ
840 2842 1010 2912 φυτὸν
1033 2843 1129 2897 καὶ
1152 2842 1223 2897 τὰ
1250 2844 1417 2899 λοιπά
1439 2860 1453 2874 °
1481 2842 1578 2897 καὶ
1610 2846 1718 2915 γὰρ
1747 2842 1995 2915 ἀλλήλων

402 2933 682 3007 φθαρτικὰ
702 2934 874 2989 πολλὰ
898 2936 1042 3006 φυτὰ
1071 2936 1168 2990 καὶ
1205 2935 1344 2991 λίθοι
1376 2952 1391 2968 ·
1426 2937 1521 2989 καὶ
1549 2937 1699 3007 ὅμως
1723 2935 1863 2989 λίθοι
1899 2934 1996 2989 καὶ

403 3028 579 3097 φυτά·
619 3026 743 3081 οὔτε
771 3027 881 3100 γὰρ
923 3030 1077 3083 πᾶσα
1114 3027 1251 3100 σάρξ
1282 3030 1315 3099 ἡ
1343 3028 1483 3098 αὑτὴ
1514 3026 1652 3100 σάρξ
1676 3045 1689 3058 ο
1715 3028 1830 3080 ἀλλ’
1860 3028 1993 3098 ἄλλη

406 3118 508 3191 μὲν
540 3119 829 3187 πετεινῶν,
860 3120 996 3191 άλλη
1025 3121 1082 3175 δὲ
1110 3119 1311 3192 ἰχθύων
1340 3119 1436 3174 καὶ
1465 3120 1730 3190 ἑρπετῶν,
1764 3120 1861 3174 καὶ
1888 3118 1994 3172 σώο

2088 2007 2221 2063 tiam
2258 2007 2464 2074 differt,
2511 2017 2568 2064 et
2617 2010 2763 2080 quod
2806 2027 2986 2081 neque
3020 2021 3238 2078 natura,
3278 2028 3461 2083 neque
3492 2013 3679 2067 subsi-

2087 2100 2289 2156 stentia
2337 2100 2601 2157 diﬁcrens
2626 2110 2739 2167 est,
2794 2102 2940 2158 idem
2992 2104 3064 2158 sit
3108 2104 3412 2160 secundum
3461 2104 3677 2170 omnia,

2087 2191 2367 2261 quomodo
2412 2209 2523 2247 non
2565 2193 2672 2248 erit
2700 2193 2846 2250 Petri
2879 2205 2935 2251 et
2966 2195 3121 2251 Pauli
3171 2212 3341 2251 unum
3390 2212 3594 2267 corpus
3625 2206 3683 2253 et

2089 2283 2234 2337 idem
2279 2286 2584 2340 secundum
2634 2288 2841 2352 omnia,
2873 2289 3021 2359 quod
3072 2289 3414 2361 impossibile
3442 2290 3559 2345 est?
3586 2291 3682 2345 sed

2090 2376 2328 2446 primum
2356 2379 2578 2449 quidem
2604 2396 2805 2451 corpus
2836 2398 2866 2436 a
2894 2397 3126 2452 corpore
3158 2383 3345 2438 difl‘ert
3375 2383 3684 2439 secundum

2092 2480 2345 2525 naturam
2382 2472 2794 2541 particularem,
2827 2475 2917 2530 cui
2958 2492 3108 2532 nunc
3135 2492 3487 2533 communem
3520 2476 3692 2533 nobis

2093 2570 2346 2616 naturam
2380 2564 2674 2631 confertis,
2706 2582 2835 2622 cum
2881 2568 3046 2639 paulo
3094 2578 3223 2626 ante
3269 2570 3396 2625 talia
3437 2570 3689 2642 jactastis

2094 2652 2257 2707 nobis
2280 2653 2675 2713 inducentibus
2694 2673 3046 2715 communem
3072 2668 3327 2716 naturam
3354 2660 3411 2715 in
3435 2660 3686 2716 homine.

2096 2744 2217 2801 Non
2260 2747 2406 2802 enim
2462 2748 2609 2804 idem
2655 2760 2761 2813 est,
2809 2768 2992 2822 neque
3040 2769 3298 2819 numero,
3343 2770 3527 2825 neque
3574 2764 3689 2811 tota

2098 2849 2374 2896 structura
2404 2857 2567 2899 omne
2593 2860 2825 2914 corpus;
2855 2846 3134 2916 siquidem
3169 2863 3279 2902 non
3307 2848 3451 2904 idem
3477 2858 3562 2905 est
3593 2866 3691 2905 na-

2098 2940 2222 2987 tura
2246 2948 2427 3002 neque
2454 2933 2595 3004 lapis
2624 2950 2802 3005 neque
2836 2937 3043 3006 planta,
3074 2947 3230 2993 etc...
3258 2938 3473 2994 Etenim
3504 2938 3691 2995 multa

2100 3023 2337 3079 invicem
2387 3040 2446 3080 se
2480 3026 2777 3082 destruunt
2811 3028 3011 3097 plantae
3054 3037 3111 3083 et
3162 3030 3399 3099 lapides,
3449 3038 3507 3086 et
3555 3030 3690 3087 item

2099 3114 2315 3185 lapides
2349 3126 2401 3170 et
2436 3116 2670 3186 plantze;
2714 3139 2733 3170 ι
2768 3119 2957 3189 Neque
2997 3121 3144 3175 enim
3192 3122 3373 3177 omnis
3422 3137 3550 3178 caro
3593 3139 3690 3179 ea-

407 3229 558 3283 ματα
584 3212 826 3281 ἐπίγεια,
864 3214 957 3267 καὶ
984 3213 1214 3284 σώματα
1241 3211 1541 3285 ἐπουράνια
1573 3225 1587 3241 ⁸
1620 3212 1723 3265 οὐκ
1756 3212 1862 3281 ἄρα
1900 3208 1995 3265 οὖν

2103 3208 2225 3263 dem
2254 3224 2403 3274 caro,
2437 3210 2533 3264 sed
2575 3211 2682 3265 alia
2722 3212 2947 3282 quidem
2978 3214 3284 3279 volucrum,
3312 3215 3415 3271 alia
3445 3232 3578 3271 vero
3602 3216 3692 3288 pi-

404 3305 495 3361 διὰ
520 3305 580 3358 τδ
604 3305 864 3377 διάφορον
895 3304 998 3376 τῆς
1032 3306 1251 3375 φύσεως
1270 3345 1284 3371 ,
1318 3304 1536 3375 ἀνάγκη
1573 3303 1835 3388 διαφόρου
1864 3303 1998 3356 ὑπο-

408 3400 653 3464 στάσεως
675 3399 861 3463 αὑτοῖς
890 3398 972 3462 εἰς
994 3398 1270 3470 διάκρισιν
1290 3414 1309 3429 ἠ
1350 3397 1431 3451 ἔτι
1466 3397 1572 3470 μὴν
1595 3398 1643 3450 εἰ
1678 3397 1798 3451 τόδε
1827 3397 2000 3451 αἴτιον

408 3492 511 3562 Ιτίῆς
530 3492 721 3563 χρείας
749 3491 860 3545 τῶν
918 3491 1274 3545 ὑποστάσεων
1336 3490 1395 3544 ἐν
1442 3487 1686 3561 Χριστῷ,
1722 3489 2001 3561 διαφόρων

408 3583 588 3638 οὐσῶν
618 3583 727 3638 τῶν
761 3582 980 3653 φύσεων
1009 3624 1024 3648 ,
1067 3583 1385 3652 ἀναγκαίως
1417 3583 1517 3637 οὐκ
1560 3581 1719 3640 ἔσται
1768 3583 2002 3655 διαφορά

413 3677 791 3732 ὑποστάσεων.
838 3676 988 3747 Πλὴν
1038 3675 1275 3730 δεδόσθω
1334 3676 1465 3747 ὑμῖν
1517 3675 1641 3729 καθ’
1699 3676 2002 3731 ὑπόστασιν

412 3769 634 3833 πάντως
678 3768 962 3841 διαφέρειν
990 3784 1005 3799 ·
1049 3767 1161 3821 εἴτε
1204 3767 1457 3839 διαφέροι
1496 3768 1639 3824 κατὰ
1680 3767 1846 3838 φύσιν
1890 3767 2003 3821 εἴτε

414 3860 511 3914 καὶ
562 3859 639 3933 μὴ
690 3861 871 3914 πάντα
896 3859 971 3914 τὰ,
1006 3858 1237 3930 σώματα
1259 3873 1273 3888 '
1310 3859 1449 3913 ἀλλὰ
1481 3859 1641 3931 δῆλον
1668 3900 1683 3925 ,
1713 3860 1789 3924 ὡς
1814 3859 1883 3914 τὰ
1927 3858 2003 3932 μὴ

414 3955 672 4026 ἡνωμένα
706 3954 961 4024 ἀλλήλοις
991 3968 1005 3983 ⁸
1041 3953 1101 4007 οὑ
1151 3952 1260 4026 γὰρ
1311 3953 1407 4007 καὶ
1446 3954 1504 4007 ἑν
1541 3952 1622 4025 τῷ
1667 3953 1862 4026 μύδρῳ
1885 3952 2005 4007 διά.-

415 4062 574 4117 φοροι
609 4043 944 4109 ὑποστάσεις
973 4044 1208 4115 ὁρῶνται
1235 4060 1249 4075 ο
1279 4044 1373 4098 καὶ
1394 4045 1489 4098 ἐπὶ
1517 4044 1610 4099 τοῦ
1639 4044 1846 4115 Κυρίου
1873 4042 2003 4115 ἄρα,

414 4140 466 4196 εἰ
507 4138 606 4210 μὲν
644 4139 814 4211 χωρὶς
842 4138 1087 4202 ἑνὼσεως
1122 4138 1301 4191 αὐτῶν
1332 4155 1516 4208 φαμεν
1557 4138 1626 4192 τὰ
1661 4138 1784 4192 κατ’
1817 4137 2003 4201 αὑτὸν,

412 4232 584 4296 ὖντως
609 4232 729 4285 δέον
756 4231 789 4303 ἢ
818 4231 914 4285 καὶ
937 4229 1156 4300 φύσεων
1183 4232 1278 4285 καὶ
1301 4230 1657 4285 ὑποστάσεων
1680 4229 1882 4284 εἰδέναι
1906 4228 2007 4299 τὴν

414 4323 699 4396 διαφοράν,
732 4322 766 4395 ἢ
809 4321 1029 4387 πάντως
1053 4340 1116 4393 γε
1150 4323 1260 4377 τῶν
1295 4323 1672 4378 ὑποστάσεων.
1718 4321 1827 4376 Καὶ
1847 4321 2007 4376 τοῦτο

415 4417 475 4471 δὲ
497 4417 762 4488 δῆλονὸτι
790 4418 839 4471 εἰ
877 4416 952 4489 μὴ
980 4411 1049 4488 ἦν
1077 4417 1187 4471 τῶν
1224 4416 1441 4488 φύσεων
1462 4416 1752 4489 ἐξαλλαγὴ
1790 4433 1805 4449 ο
1850 4418 1901 4470 εἰ
1945 4415 2005 4469 δὲ

417 4511 512 4566 καὶ
538 4510 683 4565 κατὰ
704 4510 869 4581 φύσιν
892 4510 1262 4583 διαφερόντων
1293 4509 1453 4565 τινῶν
1477 4510 1534 4563 ἑν
1561 4509 1712 4581 αὑτῷ
1748 4509 1848 4565 καὶ
1871 4508 2006 4563 ἑνω-

2101 3301 2277 3357 scium
2312 3310 2367 3355 et
2397 3303 2773 3372 serpentium;
2805 3313 2861 3359 ct
2901 3320 3134 3376 corpora
3166 3308 3450 3363 terrestria
3481 3315 3539 3362 et
3567 3324 3695 3364 cor-

2103 3408 2236 3463 pora
2283 3394 2529 3449 caelestia
2564 3396 2607 3453 ".
2654 3416 2670 3446 ι
2702 3396 2823 3453 Νοη
2856 3398 3024 3469 igitur
3053 3415 3153 3469 per
3185 3410 3398 3455 naturae
3427 3401 3695 3457 differen-

2103 3485 2258 3549 tiam,
2290 3487 2593 3545 necessitas
2624 3488 2738 3543 illis
2767 3498 2854 3543 est
2874 3489 3185 3547 differentis
3223 3493 3599 3550 subsistentia:
3622 3495 3693 3551 ad

2103 3577 2540 3635 distinctionem.
2589 3579 2728 3645 lmo,
2755 3580 2799 3636 si
2824 3581 2941 3636 haec
2986 3589 3072 3638 est
3117 3599 3281 3639 causa
3326 3601 3427 3640 cur
3459 3601 3600 3656 opus
3624 3585 3698 3642 sit

2105 3671 2478 3728 subsistentiis
2508 3673 2564 3729 in
2594 3673 2833 3740 Christo,
2868 3690 2992 3730 cum
3022 3674 3350 3732 differentia
3383 3677 3497 3733 sint
3537 3686 3699 3733 natu-

2106 3781 2217 3831 rae,
2265 3765 2581 3822 necessario
2630 3783 2744 3825 non
2780 3768 2889 3823 erit
2940 3767 3259 3825 differentia
3307 3770 3697 3828 subsistentia—

2106 3851 2251 3910 rum.
2300 3855 2694 3911 Verumtamen
2761 3858 3101 3913 concedatur
3156 3859 3316 3915 vobis
3386 3860 3695 3916 secundum

2106 3946 2522 4002 subsistentiam
2571 3948 2813 4003 totaliter
2855 3948 3100 4015 diﬂ‘erre,
3148 3950 3265 4005 sive
3308 3951 3569 4007 differant
3613 3968 3703 4007 sc-

2107 4041 2351 4097 cundum
2391 4051 2670 4107 naturam,
2714 4044 2830 4099 sive
2878 4059 3010 4109 non,
3050 4045 3235 4100 omnia
3283 4061 3539 4117 corpora.
3592 4047 3702 4104 Sed

2108 4133 2338 4189 evidens
2372 4143 2456 4189 est
2489 4134 2583 4189 illa
2620 4151 2731 4190 non
2763 4151 2887 4191 esse
2921 4137 3075 4193 unita
3108 4138 3216 4193 alia
3242 4153 3369 4192 cum
3397 4139 3560 4205 aliis;
3589 4156 3702 4195 non

2108 4224 2256 4281 enim
2278 4225 2334 4281 in
2356 4225 2507 4281 ferro
2528 4226 2800 4283 candente
2834 4227 3155 4285 differentes
3184 4230 3558 4286 subsistentia:
3583 4247 3706 4287 cer-

2109 4324 2340 4371 nuntur.
2375 4316 2444 4370 Et
2474 4316 2531 4370 in
2564 4317 2801 4372 Domino
2840 4317 3028 4389 igitur,
3061 4318 3107 4373 si
3157 4319 3225 4375 de
3272 4319 3421 4375 illius
3451 4320 3707 4391 proprie-

2111 4402 2321 4465 tatibus
2364 4407 2485 4463 sine
2525 4410 2731 4465 unione
2778 4410 3081 4481 loquimur,
3128 4412 3308 4482 reipsa
3343 4421 3565 4482 oportet
3610 4421 3709 4469 aut

2112 4508 2436 4557 naturarum
2463 4509 2519 4557 et
2542 4501 3025 4557 subsistentiarum
3047 4519 3279 4559 noscere
3306 4503 3704 4571 differentiam,

418 4621 505 4659 σιν
528 4604 929 4676 ὁμολογοῦμεν,
967 4605 1017 4658 εἰ
1044 4604 1142 4659 καὶ
1171 4602 1478 4674 ἀσύγχυτον
1497 4644 1511 4669 ,
1541 4602 1625 4666 τίς
1652 4605 1684 4673 ἡ
1718 4602 1878 4674 χρεία
1913 4600 1996 4656 δύ(

2114 4601 2210 4649 aut
2229 4593 2457 4650 omnino
2478 4593 2997 4660 subsistentiarum;
3020 4602 3076 4650 et
3100 4596 3203 4649 hoc
3222 4606 3306 4650 est
3328 4597 3709 4666 perspicuum,

419 4700 775 4756 ὑποστάσεων
801 4717 817 4768 ;
846 4699 962 4754 ἀλλ’
991 4698 1169 4764 οὕτως
1207 4698 1305 4770 μὲν
1325 4698 1473 4753 τάδε.
1507 4697 1618 4751 Ποῦ
1653 4697 1711 4752 δὲ
1732 4699 1884 4769 ὅμως
1898 4695 2008 4751 τινὶ

415 4795 630 4851 δέδοται
668 4794 767 4850 καὶ
802 4792 866 4847 τὸ
914 4791 1075 4864 σῶμα
1128 4791 1341 4846 Παύλου
1366 4791 1610 4862 ἡνῶσθαι
1642 4790 1780 4862 πρὸς
1810 4789 1873 4844 τὸ
1899 4789 2004 4841 Πέ-

416 4904 572 4958 τρου,
592 4888 679 4943 ἵνα
708 4886 769 4940 τὸ
795 4886 982 4956 ὅμοιον
1001 4883 1101 4958 ἔχῃ
1119 4883 1243 4938 τάδε
1276 4882 1413 4956 πρὸς
1439 4882 1537 4955 τὴν
1563 4882 1850 4956 Κυριακὴν
1875 4883 2009 4935 ἑνω-

419 4996 507 5033 σιν
528 5018 544 5043 ,
571 4979 739 5051 ἡνίκα
765 4981 794 5033 6
828 4979 926 5051 μὲν
958 4979 1167 5045 τοῖςὲκ
1214 4977 1522 5047 περιτομῆς
1564 4977 1623 5028 ἑν
1673 4978 1737 5045 τῇ
1777 4974 2012 5043 Ἰουδαίᾳ

420 5073 517 5125 καὶ
547 5072 904 5143 Παλαιστίνῃ,
964 5073 992 5125 6
1023 5072 1080 5126 δὲ
1112 5073 1227 5135 τοῖς
1277 5072 1334 5123 ἑν
1390 5066 1641 5140 Κορίνθῳ
1692 5066 1871 5119 ἔθνεσι
1916 5066 2013 5118 καὶ

432 5160 630 5236 Ἀχαΐᾳ
659 5164 755 5216 καὶ
784 5162 1102 5235 Μακεδονίᾳ
1134 5159 1525 5231 συνηυλίζετο;
1558 5158 1633 5211 Οὐ
1676 5157 1784 5228 γάρ
1821 5155 2010 5211 τοιαύ-

420 5270 522 5322 την
548 5252 735 5320 δεξιὰν
757 5252 1049 5316 κοινωνίας
1083 5252 1220 5324 πρὸς
1244 5250 1343 5323 τὴν
1372 5249 1551 5319 σάρκα
1575 5247 1871 5302 δεδωκέναι
1904 5265 2010 5316 φα-

425 5344 526 5415 μὲν
544 5344 637 5399 τὸν
662 5344 858 5412 Λόγον,
882 5343 999 5397 οἵαν
1032 5343 1241 5413 Πέτρος
1262 5339 1658 5412 ἀφοριζόμενος
1679 5340 1759 5403 εἰς
1781 5337 1880 5411 τὴν
1907 5355 2010 5392 πε-

424 5435 677 5509 ριτομὴν,
705 5435 812 5507 1τῷ
841 5434 1044 5506 Παύλῳ
1076 5432 1533 5504 ἀποστελλομένῳ
1567 5432 1705 5503 πρὸς
1747 5430 1817 5485 τὰ
1855 5430 2007 5502 έθνη.

436 5527 580 5581 Ἀλλ’
618 5528 817 5583 ἕνωσιν
864 5528 1041 5600 άληθῆ
1095 5525 1476 5598 πιστεύομεν,
1532 5522 1630 5579 καὶ
1674 5522 2013 5596 συνύπαρξιν

362 5631 375 5643 '
424 5619 605 5677 αὐτῶν
634 5622 715 5687 εἰς
742 5623 872 5687 τοὺς
906 5621 1037 5693 ἑξῆς
1071 5621 1275 5686 αἰῶνας
1332 5620 1572 5690 φυσικὴν
1616 5617 1684 5672 δι’
1720 5618 2015 5672 ὑποστατι-

426 5712 530 5784 κῆς
559 5712 810 5778 ἑνώσεως
845 5732 859 5746 ⁸
892 5716 941 5769 εἰ
966 5714 1062 5770 καὶ
1092 5713 1300 5785 ταύτην
1339 5713 1501 5785 ὑμεῖς
1545 5710 1796 5784 φανερῶς
1841 5713 2017 5779 ἀπηρ-

428 5806 690 5875 νήσασθε,
709 5808 806 5862 καὶ
833 5808 986 5863 οὐδὲν
1016 5810 1235 5873 ἑαυτοῖς
1256 5805 1510 5879 λείψανον
1542 5805 1639 5878 τῆς
1667 5801 2016 5875 Χριστιανῶν

502 5926 524 5957 ⁸
563 5925 736 6005 lCor.
778 5944 865 5990 xv,
905 5928 999 5987 '59.

2115 4688 2223 4744 nisi
2250 4696 2399 4744 esset
2434 4696 2759 4744 naturarum
2795 4690 3206 4745 transmutatio.
3234 4689 3290 4744 Si
3321 4698 3507 4745 autem
3552 4690 3713 4746 difl‘e—

2119 4779 2357 4836 rentium
2402 4780 2458 4835 in
2493 4780 2588 4835 illo
2633 4780 3002 4851 quorumdam
3039 4782 3301 4837 unionem
3328 4782 3707 4849 admittimus,

2118 4873 2369 4943 quamvis
2422 4872 2791 4939 ineonf'usam,
2838 4890 2960 4945 quae.
3004 4877 3308 4931 necessitas
3337 4876 3446 4931 erit
3476 4875 3711 4930 duarum

2120 4966 2639 5022 subsistentiarum?
2663 4967 2757 5023 sed
2788 4968 2863 5023 ita
2879 4968 3104 5038 quidem
3132 4969 3248 5024 hzec
3272 4988 3286 5035 ;
3318 4968 3595 5039 quomodo
3610 4983 3713 5022 au-

2124 5067 2233 5114 tem
2261 5058 2425 5114 simul
2454 5059 2811 5115 contenditur
2838 5059 2907 5114 ab
2940 5060 3125 5130 aliquo
3151 5075 3355 5129 corpus
3382 5057 3528 5113 Petri
3563 5057 3713 5112 uniri

2120 5151 2341 5221 corpori
2379 5150 2569 5217 Pauli,
2611 5161 2673 5207 ut
2710 5151 2918 5221 aliquid
2965 5152 3166 5207 habeat
3201 5151 3378 5205 simile
3412 5149 3714 5207 Dominica‘.

2124 5243 2365 5309 unionis,
2405 5259 2531 5298 eum
2580 5244 2671 5298 ille
2719 5244 2972 5314 regiones
3014 5243 3071 5298 in
3123 5242 3362 5298 circuitu
3414 5242 3560 5299 circa
3611 5242 3711 5299 Ju-

2120 5334 2293 5391 daeam
2319 5341 2376 5391 et
2402 5334 2769 5399 Palestinam,
2798 5335 2889 5390 hic
2910 5351 3039 5391 vero
3067 5335 3419 5399 Corinthum,
3447 5335 3713 5391 Achaiam

2119 5437 2176 5483 et
2225 5426 2598 5483 Macedoniam
2656 5427 2956 5483 incoleret?
3006 5443 3118 5483 non
3169 5428 3319 5483 enim
3370 5428 3479 5484 tale
3533 5427 3717 5484 fmdus

2123 5519 2539 5575 communitatis
2568 5520 2721 5575 carni
2752 5519 2973 5575 dedisse
2994 5519 3243 5575 Verbum
3261 5520 3520 5587 dicimus,
3550 5520 3713 5591 quale

2123 5611 2321 5666 Petrus
2366 5620 2653 5681 separatus
2703 5611 2759 5665 in
2812 5611 3143 5677 circuitum,
3194 5612 3365 5668 Paulo
3409 5611 3477 5667 ad
3525 5621 3717 5683 gentes

2126 5704 2326 5771 misso;
2353 5704 2447 5759 sed
2473 5703 2736 5759 unionem
2766 5719 2951 5759 veram
2977 5705 3277 5771 credimus,
3302 5714 3359 5760 ct
3382 5704 3715 5762 coexsisten-

2129 5798 2258 5855 tiam
2296 5797 2351 5855 in
2397 5797 2757 5870 sequentibus
2789 5799 3003 5856 smeuh's
3052 5799 3355 5856 naturalem
3400 5814 3498 5871 per
3530 5798 3717 5856 subsi-
