4116 6446
498 404 636 473 1559

1763 418 2093 481 lLEONTII
2133 424 2537 487 BYZANTINI

3609 431 3751 498 1560

493 516 802 576 stentialem
833 518 1113 574 unionem.
1148 520 1204 576 Si
1247 537 1345 579 vos
1381 524 1527 580 illam
1561 535 1751 597 aperte
1782 541 2055 584 recusave-

2176 533 2461 599 εὐσεϐείας
2514 537 2592 600 είς
2643 535 2736 591 τὸν
2780 536 2880 608 τῆς
2939 538 3255 611 οἰκονομίας
3319 538 3477 611 λόγον
3546 543 3755 615 ἐφυλά-

492 609 636 666 ritis.
664 608 800 662 nihil
824 609 1137 665 christiana:
1169 613 1392 682 pietatis
1422 617 1694 686 reliquum
1721 617 1776 671 in
1795 618 2067 674 rationein

493 700 887 755 incarnationis
913 701 1071 755 vobis
1098 703 1233 773 ipsis
1252 707 1639 762 conservastis.

1112 817 1263 875 CAP.
1304 821 1443 876 XIII.

560 907 857 976 Postquam
887 908 1202 978 garricrunt
1235 920 1291 967 et
1328 912 1512 968 dicere
1546 914 1753 984 aliquid
1800 915 1904 969 visi
1940 929 2070 973 sunt

486 996 813 1059 astantibus,
863 999 1037 1069 rogati
1084 1012 1145 1053 ut
1189 1001 1483 1056 ostendant
1524 1010 1778 1058 naturam
1823 1003 2069 1061 insubsi-

485 1097 744 1153 stentem,
783 1098 999 1161 tergum
1026 1092 1273 1161 praebent
1297 1095 1587 1163 quaerenti,
1632 1095 1933 1167 dicuntque
1973 1115 2070 1155 na-

486 1187 663 1232 turam
713 1179 897 1250 reipsa
932 1194 1043 1236 non
1079 1196 1200 1237 esse
1244 1183 1731 1252 insubsistentem;
1764 1187 2070 1245 subsisten-

484 1279 569 1325 tes
595 1270 743 1325 enim
771 1271 1009 1327 dicimus
1041 1284 1097 1329 et
1124 1290 1226 1329 nos
1262 1277 1551 1343 essentias,
1585 1279 1758 1334 aiunt.
1793 1277 1901 1335 Sed
1930 1295 2064 1345 non,

483 1360 527 1413 si
560 1361 693 1429 quid
727 1370 814 1415 est
861 1362 1204 1429 subsistens,
1255 1366 1391 1421 illud
1436 1377 1521 1422 est
1563 1369 1959 1437 subsistentia;
2005 1378 2067 1426 ut

481 1450 601 1505 sine
638 1451 811 1506 dubio
844 1469 975 1517 non,
1008 1455 1053 1508 si
1083 1456 1216 1524 quid
1251 1458 1565 1524 essentialc,
1600 1460 1733 1516 illud
1764 1475 1847 1517 est
1878 1479 2066 1520 essen-

443 1602 453 1612 1
483 1542 578 1608 tia,
613 1558 738 1597 cum
770 1556 972 1601 sanctis
1012 1546 1229 1603 Triadis
1271 1549 1658 1608 subsistentias
1689 1563 1803 1609 tres
1827 1571 1948 1611 esse
1979 1557 2064 1611 di—

479 1635 677 1701 cimus,
707 1645 762 1691 et
788 1637 910 1692 illas
941 1640 1293 1706 essentiales;
1319 1651 1376 1697 et
1399 1657 1506 1697 non
1535 1644 1774 1701 dicimus
1796 1646 1851 1701 in
1886 1647 2064 1703 tribus

2175 624 2322 692 ξατε.

2760 825 3017 884 ΚΕΦΑΛ.
3061 828 3159 882 ll".

2258 916 2351 971 Ἐκ
2371 919 2467 972 τοὺ
2495 918 2551 972 δὲ
2588 919 2891 989 φληναφεῖν
2935 920 3030 973 καὶ
3063 920 3243 975 δοκεῖν
3290 936 3343 976 τι
3399 922 3582 992 λεγειν
3636 926 3755 989 τοῖς

2174 1011 2605 1082 παρεπηκὸστν,
2637 1011 3031 1083 ἀπαιτούμενοι
3059 1013 3236 1078 δεῖξαι
3256 1014 3418 1083 φύσιν
3441 1016 3755 1070 ἀνυπόστα-

2170 1120 2284 1167 τον,
2318 1105 2621 1173 παρέχουσι
2670 1103 2769 1173 μὲν
2807 1103 2954 1157 νῶτα
2986 1104 3064 1175 τῷ
3108 1104 3375 1172 αἰτοῦντι,
3427 1106 3648 1177 λέγουσι
3694 1109 3756 1163 δὲ

2168 1194 2251 1248 δτι
2275 1195 2447 1258 ὅντως
2477 1195 2637 1264 φύσις
2664 1193 2765 1250 οὑκ
2806 1195 2957 1250 ἐστιν
3003 1198 3380 1264 ἀνυπόστατος
3408 1213 3423 1230 ⁸
3452 1198 3755 1255 ἑνυποστά-

2165 1303 2294 1350 τους
2324 1286 2433 1358 γάρ
2456 1304 2635 1357 φαμεν
2659 1287 2758 1351 τάς
2790 1289 2978 1353 οὑσίας
3024 1290 3119 1343 καὶ
3164 1293 3347 1361 ἡμεῖς,
3403 1292 3569 1361 φασίν
3590 1308 3606 1325 ο
3631 1294 3755 1349 ἀλλ’

2165 1377 2265 1429 οὑκ
2294 1378 2348 1430 εί
2374 1392 2425 1429 τι
2456 1378 2843 1442 ὲνυπόστατον,
2865 1378 3022 1432 τοῦτο
3050 1380 3144 1433 καὶ
3176 1380 3474 1446 ὑπόστασις
3494 1398 3510 1413 ·
3544 1380 3741 1453 ὥσπερ

2166 1468 2477 1537 ἀμέλειοὺκ
2494 1470 2547 1522 εί
2566 1487 2619 1523 τι
2639 1470 2899 1537 ὲνούσιον,
2916 1469 3075 1525 τοῦτο
3104 1472 3199 1525 καῖ⁹
3230 1472 3387 1526 οὑσία
3418 1492 3431 1505 ·
3477 1474 3600 1527 ἐπεὶ
3631 1475 3749 1534 ίδοὺ

2163 1559 2265 1622 τάς
2300 1560 2400 1630 τῆς
2419 1562 2578 1631 ἁγίας
2604 1563 2832 1632 Τριάδος
2860 1564 3190 1628 ὑποστάσεις
3206 1565 3390 1635 φαμὲν
3408 1568 3556 1637 τρεῖς
3572 1562 3741 1635 εἶναι,

2163 1651 2258 1704 καὶ
2278 1650 2481 1715 ταύτας
2505 1652 2780 1717 ἐνουσίους
2801 1669 2815 1684 ο
2850 1654 2943 1707 καὶ
2979 1654 3041 1707 οὑ
3067 1653 3302 1726 λέγομεν
3323 1656 3460 1726 πρὸς
3477 1661 3600 1721 ταῖς
3626 1675 3742 1730 τρι-

477 1723 857 1781 subsistentiis
907 1734 1030 1782 tres-
1067 1730 1367 1796 essentias,
1418 1732 1670 1801 quamvis
1709 1734 2055 1789 essentialem

2166 1740 2251 1793 σὶν
2277 1740 2633 1805 ὑποστάσεσι,
2662 1744 2758 1795 καὶ
2805 1745 2961 1813 τρεῖς
2982 1743 3174 1807 οὐσίας
3201 1723 3215 1774 λ
3256 1723 3475 1817 ῑκαίπερ
3505 1723 3752 1801 ἑνούσιον

477 1818 833 1894 admittentes
857 1834 1131 1890 quamque
1163 1823 1647 1879 subsistentiarum
1689 1841 1832 1883 esse.
1872 1826 1929 1883 Si
1961 1827 2055 1898 igi-

2166 1837 2523 1907 ὲπιστάμενοι
2573 1837 2683 1890 τῶν
2758 1838 3117 1891 ὑποστάσεων
3168 1838 3423 1910 ἑκάστην.
3476 1839 3538 1895 El
3565 1841 3753 1895 τοίνυν

478 1917 568 1962 tnr
599 1906 894 1963 dicendum
928 1919 1033 1975 est,
1066 1912 1367 1982 inquimus,
1413 1924 1525 1969 tres
1556 1917 1943 1973 subsistentias
1973 1934 2055 1975 es-

2550 1887 3312 2001 tpa_ittv,vrpeii—cwbirbc‘rdcetc
3348 1887 3630 1995 ένουσίους
3682 1930 3745 1987 ὲν

474 2000 733 2055 sentiales
765 2001 819 2056 in
852 2014 959 2056 una
1003 2004 1261 2068 essentia,
1290 2007 1544 2075 sequitur
1570 2007 1858 2062 evidenter
1897 2020 2060 2066 natu-

476 2106 565 2145 ras
593 2106 815 2161 quoque
840 2092 1134 2149 dicendum
1158 2096 1524 2152 subsistentes
1549 2098 1687 2154 duas
1712 2098 1765 2153 in
1800 2117 1906 2156 una
1931 2103 2062 2158 sub-

472 2182 761 2249 sistentia;
815 2191 874 2238 et
930 2183 1005 2238 ita
1066 2199 1247 2255 neque
1297 2196 1547 2244 naturam
1608 2191 2059 2248 insubsistentem

473 2270 732 2338 dicimus,
763 2287 943 2343 neque
974 2274 1111 2331 duas
1138 2276 1527 2333 subsistentias
1569 2294 1689 2334 esse
1729 2279 1867 2335 duas
1894 2290 2059 2335 natu-

475 2378 565 2419 ras
597 2364 895 2432 docemus;
951 2374 1013 2421 ut
1059 2382 1240 2437 neque
1291 2382 1403 2424 non
1450 2371 1773 2426 essentiales
1819 2371 2060 2429 dicimus

472 2466 673 2511 sanctae
696 2456 917 2519 Triadis
934 2458 1341 2526 subsistentias,
1364 2476 1542 2532 neque
1567 2463 1623 2518 in
1653 2470 1763 2517 tres
1788 2464 2060 2519 essentias

474 2557 590 2604 tres
637 2548 1027 2606 subsistentias
1075 2551 1389 2606 dividimus.
1442 2553 1721 2619 Attamen,
1775 2555 2055 2625 inquiunt,

471 2641 695 2710 quando
721 2641 881 2697 aliter
924 2642 1160 2698 dicimus
1191 2643 1493 2702 coloratum
1538 2659 1737 2715 corpus
1770 2662 1912 2711 esse,
1943 2663 2055 2703 non

472 2731 620 2791 idem
657 2731 864 2786 scimus
889 2747 1010 2787 esse
1041 2748 1241 2803 corpus
1269 2748 1334 2787 ac
1365 2735 1640 2802 colorem;
1672 2750 1783 2790 non
1809 2737 1978 2802 enim,
2007 2738 2055 2793 si

469 2824 605 2894 quid
649 2825 956 2880 coloratum
990 2832 1109 2892 est,
1150 2825 1259 2894 jam
1294 2825 1348 2880 id
1393 2826 1548 2882 color
1589 2836 1675 2883 est
1713 2844 1726 2882 :
1760 2828 1841 2885 sic
1890 2829 2058 2901 igitur

471 2930 604 2982 non,
634 2917 681 2973 si
714 2917 847 2987 quid
889 2926 974 2973 est
1001 2917 1329 2981 subsistens,
1356 2918 1462 2973 hoc
1488 2919 1597 2990 jam
1627 2928 1711 2975 est
1746 2922 2053 2978 subsisten-

470 3009 576 3075 tia;
609 3023 1082 3080 supervacaneum
1105 3010 1290 3081 igitur,
1318 3012 1496 3076 aiunt,
1525 3012 1671 3081 quod
1706 3012 1915 3068 dictum
1939 3022 2050 3081 est;

467 3110 525 3158 et
553 3114 664 3154 non
691 3099 1067 3161 necessarium
1104 3109 1191 3156 est
1234 3100 1469 3158 dicendo
1502 3101 1642 3157 duas
1680 3112 1928 3168 naturas,
1957 3115 2055 3161 aut

467 3190 660 3247 ambas
712 3189 1154 3258 insubsistentes,
1201 3200 1298 3247 aut
1344 3209 1510 3247 unam
1558 3208 1747 3248 earum
1780 3211 2050 3262 asserere,

466 3289 563 3341 aut
587 3282 815 3337 omnino
841 3282 980 3338 duas
1010 3283 1399 3339 subsistentias
1425 3300 1569 3351 esse,
1596 3301 1719 3340 cum
1746 3286 2054 3343 subsisten-

469 3372 545 3431 tia
578 3388 689 3427 non
720 3372 792 3429 sit
817 3373 966 3443 quod
995 3383 1081 3430 est
1109 3375 1437 3441 subsistens,
1467 3384 1527 3431 ut
1561 3377 1925 3433 ostendimus.
1959 3379 2055 3435 llla

467 3465 637 3537 igitur
681 3464 772 3520 isti
813 3465 1092 3523 auditores
1121 3466 1448 3523 deludentes
1485 3467 1766 3534 dicebant,
1796 3469 1906 3525 alte
1947 3485 2057 3525 su-

468 3556 759 3629 percilium
808 3568 1084 3628 gerentes,
1130 3566 1187 3613 et
1234 3558 1307 3614 ob
1360 3568 1471 3615 tam
1518 3559 1795 3615 mirabilia
1842 3560 2055 3630 seipsos

465 3647 1244 3718 Cberubimhnnumerautes.
1273 3650 1410 3706 Vide
1438 3658 1623 3709 autem
1646 3652 1924 3722 quomodo
1955 3668 2054 3723 per

466 3742 586 3798 bac
621 3757 746 3812 quae
791 3741 1050 3797 dixerunt
1101 3754 1199 3796 sua
1246 3742 1468 3813 pr0pria
1502 3742 1908 3809 destruxerint;
1959 3752 2055 3798 aut

465 3831 804 3902 ignorantes,
839 3846 939 3901 per
972 3832 1250 3901 propriam
1286 3831 1681 3903 ignorantiam,
1712 3840 1807 3887 aut
1837 3832 2055 3889 audito-

464 3938 557 3979 res
578 3922 898 3988 irridentes,
930 3922 1218 3993 imperitos
1245 3923 1435 3978 talium
1469 3923 1832 3984 similitudine
1854 3939 2053 3980 vocum

466 4015 783 4071 illudentes.
809 4013 868 4071 Si
896 4015 1045 4071 enim
1073 4015 1369 4086 quamdam
1396 4015 1703 4085 analogiam
1732 4015 1900 4072 liabet
1924 4032 2051 4074 cum

462 4121 695 4176 corpore
726 4114 946 4167 natura,
978 4121 1105 4161 cum
1146 4105 1332 4169 colore
1366 4106 1746 4173 subsistentia,
1775 4116 1833 4163 et
1859 4108 2054 4167 dicunt

461 4198 832 4255 subsistentes
859 4205 1110 4263 naturas,
1142 4206 1203 4252 ut
1246 4212 1477 4268 corpora
1517 4198 1782 4264 colorata,
1822 4215 2052 4258 necesse

460 4300 543 4347 est
574 4291 704 4347 inde
738 4299 991 4347 naturam
1027 4290 1420 4347 subsistentem
1450 4306 1572 4347 esse
1612 4291 2048 4360 subsistentiam,

460 4384 604 4439 sicut
633 4383 801 4453 igitur
829 4390 887 4437 et
915 4383 1067 4438 color
1093 4382 1223 4439 inde
1257 4382 1463 4438 dicitur
1483 4398 1687 4453 corpus
1714 4382 2049 4449 coloratum;

460 4491 571 4530 non
599 4474 749 4531 enim
783 4474 1045 4545 possibile
1082 4484 1168 4531 est
1196 4474 1435 4546 cogitare
1462 4481 1715 4530 naturam
1744 4476 2052 4533 subsisten-

2171 2021 2271 2091 μιᾷ
2301 2019 2504 2092 οὐσίᾳ.
2561 2022 2835 2091 ἐνδέχεται
2878 2020 3122 2092 δηλονότι
3175 2023 3272 2076 καὶ
3324 2022 3516 2091 φύσεις
3566 2022 3755 2093 λέγειν

2166 2115 2567 2179 ἑνυποστάτους
2596 2113 2689 2168 δύο
2716 2115 2775 2168 ὲν
2801 2116 2901 2185 μιᾷ
2928 2114 3226 2169 ὑποστάσει
3258 2131 3274 2149 ο
3305 2117 3401 2170 καὶ
3433 2112 3607 2180 οὕτως
3625 2115 3754 2171 οὑδδ

2168 2208 2330 2275 φύσιν
2368 2204 2750 2261 ἀνυπόστατόν
2772 2223 2972 2277 φαμεν,
3004 2206 3127 2260 οὐδὲ
3152 2206 3247 2261 δύο
3280 2208 3611 2273 ὑποστάσεις
3647 2208 3753 2273 τὰς

2164 2298 2258 2352 δύο
2314 2298 2507 2368 φύσεις
2560 2298 3004 2369 δογματίζομεηιι⁹
3046 2298 3237 2370 ὥσπερ
3278 2300 3403 2355 οὑδὲ
3461 2300 3754 2367 ἀνουσίους

2164 2392 2347 2462 φαμὲν
2372 2392 2471 2455 τὰς
2502 2390 2601 2462 τῆς
2632 2390 2794 2459 ἁγίας
2814 2390 3047 2462 Τριάδος
3089 2390 3418 2455 ὑποστάσεις
3438 2432 3454 2458 ,
3498 2390 3620 2446 οὑδὲ
3667 2396 3756 2459 είς

2163 2486 2313 2555 τρεῖς
2342 2484 2532 2548 οὐσίας
2561 2484 2657 2546 τάς
2679 2485 2831 2553 τρεῖς
2857 2483 3186 2547 ὑποστάσεις
3212 2481 3555 2553 διαιροῦμεν.
3586 2483 3756 2539 Ἀλλά

2166 2574 2295 2647 μὴν,
2327 2573 2484 2645 φασὶ,
2506 2573 2603 2629 καὶ
2623 2571 2796 2637 ἄλλως
2824 2573 3271 2643 ἐγχρωμάτιστον
3298 2571 3546 2642 λέγοντες
3563 2573 3753 2645 σῶμαἰ

2161 2666 2223 2718 οὑ
2246 2665 2441 2719 ταυτὸν
2476 2664 2636 2735 ῐσμεν
2664 2663 2741 2734 τῷ
2781 2662 3107 2735 χρώματιτὸ
3135 2664 3295 2733 σῶμα
3318 2679 3333 2695 ⁶
3359 2665 3460 2719 οὑκ
3485 2665 3540 2718 ετ
3560 2682 3614 2719 τι
3635 2664 3755 2737 γὰρ

2161 2755 2633 2828 ἐγχρωμάτιστον,
2662 2754 2821 2809 τοῦτο
2849 2754 2953 2825 ἤδη
3006 2754 3101 2808 καὶ
3144 2754 3344 2826 χρῶμα
3370 2770 3386 2786 ο
3434 2754 3608 2819 οὑτως
3652 2750 3754 2811 οὖν

2160 2851 2261 2904 οὑκ
2285 2850 2338 2904 εῐ
2359 2866 2412 2903 τι
2454 2849 2855 2914 ὲνυπόστατον,
2901 2847 3063 2903 τοῦτο
3106 2848 3211 2919 ἤδη
3253 2849 3349 2902 καὶ
3402 2846 3703 2912 ὑπόστασις
3730 2865 3753 2893 '-

2160 2941 2416 3014 περιττὸν
2442 2941 2571 3011 ἀρα,
2592 2940 2748 3008 φασὶ,
2769 2939 2829 2993 τὸ
2851 2940 3168 3011 λεγόμενον·
3196 2940 3292 2993 καὶ
3319 2939 3420 2994 οὑκ
3447 2938 3755 3009 ἀναγκαῖον

2158 3032 2252 3087 τὸν
2303 3033 2538 3101 λέγοντα
2569 3032 2663 3085 δύο
2691 3032 2885 3100 φύσεις
2907 3072 2923 3097 ,
2964 3032 2998 3102 ἢ
3035 3031 3443 3095 ἀνυποστάτους
3471 3032 3645 3096 αὑτάς
3663 3071 3679 3097 ,
3707 3031 3749 3106 ἢ

2164 3125 2296 3196 μίαν
2329 3123 2510 3178 αὑτῶν
2536 3122 2715 3191 λέγειν
2739 3163 2753 3187 ,
2784 3123 2818 3193 ἦ
2848 3124 3065 3185 πάντως
3105 3124 3200 3177 καὶ
3229 3123 3323 3177 δύο
3364 3124 3698 3188 ὑποστάσεις
3729 3165 3749 3193 ,

2160 3216 2285 3269 ἐπεὶ
2343 3212 2418 3285 μὴ
2463 3212 2766 3277 ὑπόστασις
2809 3212 2870 3267 τὸ
2913 3214 3277 3268 ὲνυπόστατον
3323 3214 3399 3277 ὡς
3438 3214 3748 3285 ἐδείξαμεν.

2160 3305 2349 3359 Ταῦτα
2374 3303 2666 3375 τοιγαροῦν
2711 3305 2907 3358 ἐκεῖνοι
2948 3304 3077 3367 τοὺς
3119 3305 3541 3376 παρεστηκότας
3576 3322 3752 3374 φενα-

2158 3398 2380 3462 κίζοντα
2409 3397 2618 3465 ελεγον,
2650 3396 2763 3451 ἀνω
2788 3393 2890 3466 τὴν
2920 3394 3092 3465 ὀφρὺν
3123 3394 3360 3465 ἔχοντες,
3397 3398 3493 3449 καὶ
3518 3395 3606 3449 διὰ
3626 3396 3754 3451 τούτ

2154 3507 2265 3553 των
2292 3490 2400 3553 ἀπὸ
2427 3488 2709 3561 Χερουὸὶμ
2740 3488 2969 3551 ἑαυτοὺς
2995 3487 3376 3558 ὀνομάζοντες.
3422 3490 3568 3559 Ὅρα
3595 3488 3653 3543 δὲ
3678 3490 3748 3544 σὺ

2156 3581 2321 3646 αὑτὸς
2342 3582 2491 3645 ὅπως
2517 3580 2585 3635 δι’
2614 3573 2689 3634 ὧν
2715 3580 3005 3651 εἰρήκασι,
3035 3578 3104 3633 τὰ
3134 3580 3315 3634 οίκεῖα
3342 3579 3701 3649 κατέσκαψαν
3728 3596 3746 3613 ’

2155 3672 2189 3743 ἢ
2227 3670 2547 3741 ἀγνοοῦντες
2576 3710 2591 3735 ,
2646 3670 2717 3723 δι’
2750 3670 2977 3739 ἄγνοιαν
3022 3670 3233 3724 οἰκείαν
3259 3687 3273 3703 ο
3305 3670 3339 3742 ἢ
3385 3670 3752 3741 χλευάζοντες

2152 3765 2283 3829 τοὺς
2314 3762 2612 3827 ἀκούοντας
2634 3804 2650 3828 ,
2684 3762 2948 3833 ἀπείρους
2977 3761 3137 3826 ὄντας
3182 3761 3292 3815 τῶν
3336 3761 3596 3816 τοιούτων
3648 3765 3751 3816 καὶ⁸

2153 3857 2432 3929 ὁμοιότητι
2466 3856 2665 3923 λέξεων
2699 3854 3202 3927 παρακρουόμενοι.
3239 3855 3302 3908 Et
3350 3854 3605 3923 ἀναλογεῖ
3635 3855 3750 3925 γὰρ

2154 3950 2235 4023 τῷ
2274 3950 2375 4022 μὲν
2416 3949 2629 4021 σώματι
2660 3951 2692 4019 ἡ
2735 3947 2918 4018 φύσις,
2961 3948 3039 4017 τῷ
3066 3948 3123 4001 δὲ
3150 3948 3404 4019 χρώματι
3430 3949 3465 4019 ὴ
3495 3947 3747 4001 ὑπόστα-

2157 4060 2265 4109 σις,
2289 4043 2386 4097 καὶ
2416 4043 2670 4111 λέγουσιν
2704 4040 3106 4103 ὲνυποστάτους
3143 4038 3245 4102 τάς
3279 4038 3471 4107 φύσεις
3501 4079 3515 4103 ,
3552 4038 3751 4111 ὥσπερ

2153 4127 2251 4188 οὖν
2288 4134 2357 4187 τά
2389 4132 2620 4203 σώματα
2669 4130 3135 4202 ὲγχρωμάτιστα,
3181 4128 3393 4199 ἀνάγκη
3439 4127 3573 4183 ἔνθα
3625 4129 3749 4182 ἐστὶ

2153 4226 2518 4289 ὲνυπόστατος
2539 4223 2722 4293 φύσις,
2757 4223 2850 4275 καὶ
2881 4220 3179 4275 ὑπόστασιν
3212 4214 3353 4274 εἶναι
3382 4238 3397 4254 ο
3424 4219 3613 4289 ὥσπερ
3643 4215 3746 4273 οὖν

2153 4319 2247 4372 καὶ
2271 4316 2473 4389 χρῶμα
2509 4315 2641 4373 ἔνθα
2680 4313 2841 4384 σῶμα
2866 4312 3321 4384 ἐγχρωμάτιστον
3350 4326 3363 4340 ⁸
3384 4309 3509 4364 οὕτε
3530 4310 3640 4383 γάρ
3656 4314 3749 4371 ὲν-

2151 4408 2368 4479 δέχεται
2402 4408 2596 4479 νοῆσαι
2620 4404 2784 4476 φύσιν
2807 4405 3174 4459 ἑνυπόστατον
3202 4404 3330 4459 ἄνευ
3362 4402 3743 4467 ὑποστάσεως.

2152 4502 2217 4554 Et
2251 4497 2344 4556 οὖν
2379 4503 2449 4572 τῇ
2509 4499 2670 4569 φύσει
2719 4498 3035 4567 ἀναγκαίως
3094 4497 3369 4569 διενήνοχέ
3417 4515 3472 4552 τι
3534 4498 3632 4551 καὶ
3674 4500 3746 4570 τῇ

460 4576 572 4621 tem
604 4566 725 4621 sine
766 4565 1143 4621 subsistentia.
1194 4566 1250 4623 Si
1306 4566 1475 4638 igitur
1511 4574 1765 4621 naturam
1802 4568 1948 4623 inter
1991 4578 2049 4627 et

2158 4565 2478 4657 ὑποστάσει,
2521 4565 2977 4656 ’ἐπιδειξάτωσάν
3023 4590 3113 4659 μοί
3145 4606 3198 4643 τι
3229 4565 3506 4661 ’διαφέρον
3540 4589 3641 4660 μὲν

458 4650 877 4715 subsistentiam
910 4657 1121 4728 aliquid
1165 4659 1481 4714 necessario
1524 4657 1764 4724 differat,
1816 4660 2048 4717 demon-

458 4756 637 4807 strent
664 4747 801 4804 mihi
829 4748 978 4820 quod
1006 4750 1191 4804 ditl‘ert
1224 4759 1423 4813 natura
1464 4765 1575 4805 non
1618 4750 1843 4807 dill‘erre
1865 4752 2050 4808 subsi-

458 4840 699 4906 stentia;
750 4848 806 4896 ct
841 4856 951 4896 non
997 4841 1363 4911 simpliciores
1396 4842 1652 4908 illudant,
1685 4842 2051 4899 similitudine

459 4948 658 4988 vocum
688 4932 810 4987 illos
827 4932 1191 5004 decipientes,
1216 4933 1453 4990 dicendo
1482 4953 1495 4989 :
1529 4934 1585 4991 Si
1618 4943 1704 4991 est
1733 4936 2047 4992 subsisten-

462 5026 557 5093 tia,
585 5027 898 5082 essentialis
930 5026 1175 5096 quidem,
1211 5042 1321 5082 non
1365 5038 1549 5089 autem
1583 5028 1816 5091 alterius
1859 5045 2067 5099 essen-q

460 5118 572 5183 tim,
599 5126 685 5173 est
713 5117 879 5173 etiam
910 5127 1105 5173 natura
1130 5119 1438 5176 subsistens
1467 5122 1691 5191 quidem
1721 5136 1833 5177 non
1864 5132 2048 5175 autem

459 5210 690 5266 alterius
716 5209 1108 5265 subsistentia
1134 5210 1370 5269 Mendax
1400 5213 1548 5268 enim
1574 5214 1850 5284 posterius
1875 5231 1890 5267 :
1916 5213 2048 5267 dum

459 5301 507 5356 si
541 5301 673 5372 quid
705 5309 790 5357 est
831 5302 1060 5359 alterius
1087 5304 1364 5369 essentia},
1407 5306 1512 5360 hoc
1537 5305 1764 5360 omnino
1796 5316 1880 5361 est
1914 5305 2050 5361 alte-

463 5393 581 5449 rius
601 5393 1003 5462 subsistentiae;
1036 5395 1081 5450 si
1107 5396 1272 5467 igitur
1288 5395 1553 5452 differunt
1570 5398 1715 5452 inter
1734 5414 1793 5453 se
1815 5407 2047 5463 naturae,

463 5484 768 5540 secundum
825 5496 1079 5542 naturam
1151 5485 1449 5553 differunt;
1508 5488 1773 5546 diﬂ‘erunt
1829 5506 2051 5562 quoque

461 5576 750 5632 evidenter
792 5580 1095 5635 secundum
1140 5578 1574 5636 subsistentiam.
1608 5582 1676 5636 Et
1709 5583 1755 5637 si
1787 5582 2051 5639 ditl‘eren-

464 5667 596 5725 tiam
625 5677 946 5725 naturarum
976 5670 1032 5724 in
1065 5686 1173 5725 una
1203 5679 1399 5725 natura
1427 5671 1537 5726 dici
1576 5672 1913 5743 impossibile
1941 5683 2047 5741 est,

465 5771 575 5817 non
593 5758 765 5828 magis
792 5759 1051 5829 possibile
1084 5760 1363 5817 invenitur
1391 5761 1754 5819 diﬂ'erentiam
1785 5766 2049 5823 exsistere

469 5844 945 5907 subsistentiaruni
975 5850 1028 5904 in
1056 5867 1164 5906 una
1191 5860 1245 5906 et
1274 5851 1462 5907 eadem
1492 5853 1869 5912 subsistentia.

2152 4684 2346 4754 φύσει,
2399 4681 2475 4755 μὴ
2513 4683 2767 4754 διαφέρον
2810 4682 2867 4735 δὲ
2901 4684 2968 4753 τῇ
3001 4682 3300 4735 ὑποστάσει
3326 4697 3340 4712 ⁸
3375 4682 3470 4735 καὶ
3505 4681 3579 4753 μὴ
3612 4680 3746 4750 βου-

2152 4762 2486 4831 κολείτωσαν
2515 4776 2642 4838 τοὺς
2689 4774 3093 4845 ἁπλουστέρους
3119 4816 3134 4839 ,
3171 4775 3451 4845 ὁμοιότητι
3483 4775 3749 4845 φράσεων

2151 4869 2350 4930 αὐτοὺς
2376 4866 2901 4938 παραλογιζόμενοι,
2937 4866 3014 4936 τῷ
3039 4867 3218 4936 λέγειν
3246 4869 3294 4919 εἰ
3328 4866 3476 4920 ἔστιν
3501 4868 3747 4921 ὑπόστα-

2154 4973 2261 5022 σις,
2292 4955 2536 5020 ὲνοὺσιος
2563 4955 2685 5026 μὲν,
2707 4956 2807 5025 οὑχ
2835 4953 3177 5025 ἐτεροούσιος
3203 4954 3280 5021 δὲ,
3310 4955 3424 5008 ἐστι
3452 4956 3547 5009 καὶ
3577 4955 3747 5024 φύσις

2158 5047 2523 5110 ἑνυπόστατος
2552 5047 2671 5117 μὲν,
2693 5047 2793 5116 οὑχ
2818 5046 3282 5115 ὲτεροὺπόστατος
3303 5046 3387 5111 δέ·
3415 5047 3613 5116 ψευδὲς
3630 5047 3745 5117 γάρ

2151 5139 2213 5193 τὸ
2256 5139 2564 5203 τελευταῖον
2595 5155 2610 5172 ο
2644 5139 2878 5208 ἐπείπερ
2928 5139 2985 5192 εἴ
3039 5155 3092 5192 τι
3148 5137 3532 5210 ἐτεροοὺσιον,
3579 5137 3747 5192 τοῦτο

2154 5227 2372 5292 πάντως
2406 5228 2501 5282 καὶ
2547 5228 3029 5299 ἑτεροῦπόστατον.
3064 5228 3127 5281 Εἰ
3154 5228 3338 5282 τοίνυν
3386 5228 3745 5299 διαφέρουσιν

2152 5322 2209 5387 at
2243 5320 2438 5391 φύσεις
2466 5320 2710 5392 ἀλλήλων
2734 5360 2750 5386 ,
2782 5319 2926 5387 κατά
2971 5319 3133 5389 φύσιν
3161 5321 3483 5391 διαφέρουσι
3503 5338 3517 5351 ·
3547 5320 3742 5389 διαφέ-

2156 5431 2310 5485 ρουσι
2343 5412 2593 5485 δηλονότι
2626 5411 2724 5473 καὶ
2743 5411 2867 5479 καθ’
2898 5412 3197 5465 ὑπόστασιν
3224 5429 3236 5443 ·
3280 5412 3375 5465 καὶ
3399 5414 3448 5467 εί
3473 5414 3742 5484 διαφορὰν

2154 5506 2373 5574 φύσεων
2406 5504 2502 5558 ἐπὶ
2532 5506 2663 5577 μιᾶς
2695 5504 2915 5574 φύσεως
2954 5504 3211 5575 λέγεσθαι
3258 5505 3556 5571 ἀδύνατον,
3590 5508 3740 5577 ἀμήα

2152 5616 2317 5671 χανον
2346 5598 2456 5669 ἄρα
2484 5599 2579 5651 καί⁵
2607 5597 2872 5669 διαφορὰν
2913 5597 3273 5654 ὑποστάσεων
3301 5593 3445 5653 εἶναι
3479 5598 3572 5653 ὲπὶ
3605 5601 3741 5670 μιᾶς

2153 5691 2248 5745 καὶ
2270 5691 2370 5761 τῆς
2393 5689 2564 5761 αὑτῆς
2592 5690 2967 5754 ὑποστάσεως.
