4116 6490
404 462 538 531 1561

1391 465 1792 530 ADVERSUS
1826 465 2379 531 NESTORIANOS.
2407 494 2478 506 --
2503 470 2651 534 LIB.
2694 472 2777 535 II.

3555 473 3693 541 i562

476 584 620 656 Ἤδη
670 582 771 654 μὲν
808 578 1028 651 άληθῶς
1064 578 1173 633 εἱσι
1202 578 1272 633 τά
1299 581 1675 652 προ-ταχθέντα
1701 583 1832 653 ὑμῖν
1856 582 1993 654 ἠμέ-

2164 584 2285 642 Jam
2329 584 2554 657 quidem
2600 587 2660 644 in
2706 587 2946 645 veritate
2979 596 3111 646 sunt
3142 603 3265 660 quae
3300 604 3333 645 a
3359 587 3519 646 vobis
3545 592 3701 662 prius

400 695 539 749 τερα
568 675 780 749 προσλή
791 690 955 746 ματα·
986 672 1202 737 τούτοις
1229 672 1288 727 δὲ
1320 674 1381 727 ού
1409 674 1738 746 προσφόρως
1762 675 1999 745 ὑπαντή.

404 786 600 834 σαντες
622 810 638 836 ,
699 767 928 832 ἑαυτοὺς
982 766 1142 838 μόνον
1198 766 1329 838 περὶ
1376 766 1487 821 τῶν
1524 766 1827 822 δοκούντων
1868 770 1999 839 ὑμῖν

404 862 730 919 πεπείκατε.
798 859 861 913 Εί
899 858 1010 931 γὰρ
1058 858 1182 912 ἐπεὶ
1214 856 1293 928 τῷ
1322 857 1423 929 μὲν
1447 858 1700 931 χρώματι
1739 859 2000 929 ἀναλογεῖ

402 956 440 1027 ἡ
470 953 772 1018 ὑπόστασις
802 952 860 1005 ὲν
888 950 967 1022 τῷ
996 950 1096 1020 τῆς
1119 951 1313 1022 ὁμοίας
1336 951 1633 1023 ὀνομασίας
1658 954 1804 1007 κατὰ
1824 951 1997 1024 τύχην

404 1049 853 1119 παραδείγματι,
903 1047 985 1117 τῷ
1033 1047 1092 1102 δὲ
1142 1045 1357 1117 σώματι
1409 1049 1442 1119 ἡ
1484 1048 1647 1119 φύσις
1693 1048 1995 1118 ἀναγκαῖον

400 1142 531 1196 ἔνθα
564 1141 686 1195 ἐστὶ
712 1140 893 1212 σῶμα,
930 1134 1072 1194 εἶναι
1102 1140 1197 1195 καὶ
1225 1139 1425 1212 χρῶμά
1450 1157 1586 1209 φατε
1605 1183 1619 1205 ,
1654 1145 1751 1196 καὶ
1783 1143 1848 1195 ὲκ
1872 1140 1999 1196 τού-

397 1253 494 1289 του
522 1232 616 1288 δύο
632 1230 773 1288 εἶναι
798 1236 897 1296 τὰς
922 1233 1271 1299 ὑποστάσεις,
1287 1234 1410 1288 ἐπεὶ
1427 1234 1520 1287 δύο
1536 1235 1673 1288 είσὶν
1699 1236 1754 1289 αί
1779 1233 1995 1306 φύσεις,

400 1327 666 1396 συνάγετε
692 1365 709 1391 ,
758 1326 934 1396 γνῶτε
969 1326 1053 1381 ὅτι
1083 1324 1241 1381 τοῦτο
1277 1327 1371 1381 καὶ
1402 1328 1564 1397 ἡμεῖς
1597 1345 1779 1398 φαμεν
1805 1343 1819 1357 ·
1855 1328 1993 1382 ὅπου

401 1419 564 1489 σῶμα
610 1412 748 1475 εἶναι
785 1416 1005 1488 λέγεται
1049 1418 1535 1489 ἑγχρωμάτιστον,
1577 1420 1781 1490 χρῶμα
1812 1418 1996 1491 ὑπάρ-

399 1526 520 1581 χειν
567 1510 915 1581 ἀναγκαίως·
974 1509 1166 1582 ὥσπερ
1211 1507 1306 1565 οὖν
1358 1513 1449 1565 καὶ
1486 1511 1799 1566 ὑπόστασιν
1834 1512 1999 1577 εἶναι,

400 1603 534 1657 ὅπου
588 1602 808 1671 λέγεται
851 1603 1017 1672 φύσις
1062 1602 1443 1668 ἐνυπόστατος.
1493 1604 1658 1659 Ἀλλὰ
1691 1605 1754 1657 τὸ
1790 1604 1993 1674 ζητού-

402 1712 602 1766 μενον,
658 1694 811 1749 οῧπω
844 1696 1084 1763 ἐδείξατε
1117 1700 1244 1768 περὶ
1268 1689 1329 1751 οὑ
1362 1699 1455 1751 καὶ¹
1479 1697 1814 1769 διαφέρεσθε
1851 1698 1993 1768 πρὸς

397 1788 432 1859 ἡ
468 1790 575 1859 μᾶς
596 1806 611 1827 ο
648 1789 732 1843 ὅτι
779 1790 913 1843 ὅπου
947 1788 1171 1843 πλείονα
1206 1790 1445 1845 συνιέναι
1475 1790 1730 1859 λέγονται
1761 1790 2000 1862 σώματα

398 1882 832 1952 ὲγχρωμάτιστα
858 1922 874 1947 ,
932 1881 1197 1953 ἰσάριθμα
1242 1882 1360 1936 δέον
1391 1878 1533 1936 εἶναι
1563 1880 1775 1947 τούτοις
1805 1883 1998 1936 καὶτὰ

398 1974 699 2045 χρώματα·
755 1974 853 2031 καὶ
900 1975 960 2028 οὑ
1007 1975 1232 2031 δυνατὸν
1267 1975 1301 2047 ἢ
1332 1974 1414 2031 ἐνὶ
1445 1975 1642 2049 καὶτῷ
1668 1976 1818 2047 αὐτῷ
1843 1975 1999 2047 χρώ-

407 2083 539 2139 ματι
571 2068 797 2123 πλείονα
824 2069 1171 2139 χρώννυσθαι
1204 2068 1466 2141 σώματα·
1500 2070 1690 2141 ὥσπερ
1716 2069 1795 2141 τῷ
1817 2069 2003 2142 λευκῷ

398 2162 499 2231 ἥτε
526 2159 663 2233 χιὼν
692 2160 789 2215 καὶ
817 2161 879 2215 τὸ
905 2160 1047 2231 γάλα
1078 2161 1171 2215 καὶ
1192 2161 1487 2233 ψιμμίθιον
1519 2162 1832 2234 μιγνύμενα
1853 2205 1866 2228 ,
1904 2162 2003 2216 καὶ

399 2254 462 2308 τδ
490 2252 639 2327 ἔριον
680 2255 777 2308 καὶ
808 2255 955 2309 λῖνον
990 2255 1086 2309 καὶ
1119 2256 1331 2325 μέταξα
1364 2259 1423 2310 ἐν
1455 2257 1537 2328 τῷ
1573 2258 1656 2311 ἑνὶ
1683 2256 1868 2329 λευκῷ
1900 2257 2002 2311 πέ-

400 2347 523 2419 πλῳ
552 2347 875 2418 ὑφασμένα·
911 2348 944 2420 ἢ
976 2349 1059 2413 είς
1087 2347 1145 2403 ἓν
1171 2349 1360 2421 ἕτερον
1394 2349 1601 2421 χρῶμα
1630 2349 1857 2404 πλείονα
1887 2347 1996 2403 σώ-

410 2457 557 2508 ματα
605 2435 748 2494 εἶναι
792 2440 1254 2512 συγκεκραμένα·
1310 2435 1423 2495 οἷον
1470 2442 1532 2495 τὸ
1572 2442 1866 2512 ψιμμίθιον
1904 2443 1999 2497 καὶ

402 2530 586 2605 ὣχρα,
622 2534 718 2586 καὶ
751 2531 1057 2603 χάλκανθος
1085 2534 1181 2586 καὶ
1210 2533 1485 2603 κόμμιδας
1515 2534 1572 2587 ὲν
1597 2534 1676 2603 τῷ
1703 2533 1848 2603 φαιῷ
1874 2533 2000 2587 κολι

402 2625 637 2698 λουρίῳ·
672 2627 771 2690 τὰς
798 2627 909 2698 γάρ
941 2625 1034 2680 δύο
1059 2626 1250 2696 φύσεις
1284 2629 1340 2680 ἐν
1370 2628 1467 2698 μιᾷ
1491 2628 1587 2680 καὶ
1615 2629 1680 2698 τῇ
1707 2628 1845 2698 αὐτῇ
1870 2628 2001 2681 ὑπο-

404 2718 592 2781 στάσει
625 2718 862 2789 λέγομεν
894 2718 1248 2789 ὑφίστασθαι·
1282 2721 1382 2790 οὑχ
1407 2720 1482 2783 ὡς
1511 2720 1820 2791 δυναμένης
1846 2720 2001 2776 θατέο

405 2829 510 2881 ρας
539 2813 914 2867 άνυποστάτου
948 2809 1090 2866 εἶναι
1128 2814 1186 2866 ὲν
1216 2812 1377 2882 αὐτῇ,
1419 2811 1537 2865 ἀλλ’
1569 2812 1643 2875 ὼς
1673 2812 2001 2883 ἀμφοτέρων

403 2903 464 2962 ὲν
501 2905 601 2974 μιᾷ
626 2906 785 2976 κοινῇ
816 2902 1135 2975 δυναμένων
1167 2903 1502 2973 ὑφίστασθαι
1533 2903 1868 2957 ὑποστάσει·
1904 2904 2000 2957 καὶ

403 2995 581 3060 οὑτως
627 2997 769 3050 κατὰ
801 2996 903 3066 τὴν
934 2996 1108 3067 αὐτὴν
1142 2995 1241 3050 καὶ
1277 2994 1409 3065 μίαν
1435 2995 1768 3059 ὑπόστασιν,
1804 2994 1999 3049 ἑκατέ-

406 3106 504 3161 ρας
532 3090 903 3143 ὲνυποστάτου
925 3087 1114 3158 οὑσης.
1144 3088 1218 3141 Οὐ
1243 3088 1354 3159 γὰρ
1379 3088 1683 3155 ἀναγκαῖον
1702 3086 1792 3140 διὰ
1812 3086 1873 3139 τὸ
1888 3086 1999 3139 δεῖν

402 3199 458 3236 τι
488 3177 651 3248 εἶναι,
687 3180 907 3242 πάντως
939 3181 1033 3234 καὶ
1066 3180 1172 3250 ἰδίᾳ
1200 3178 1362 3233 τοῦτο
1389 3175 1529 3233 εἶναι
1550 3197 1564 3211 ·
1620 3180 1715 3233 καὶ
1744 3178 1854 3251 γὰρ
1885 3179 1997 3233 τῶν

402 3275 464 3328 ὲν
496 3276 561 3345 τῇ
594 3274 750 3327 πόλει
781 3273 1076 3342 οἰκήσεων,
1113 3271 1343 3341 οὐδεμία
1376 3271 1475 3341 μὲν
1506 3270 1806 3333 ἀδέσποτος
1830 3285 1844 3301 ·
1898 3270 1999 3324 οὑκ

402 3366 721 3437 ἀναγκαίως
749 3366 804 3421 δὲ
834 3367 985 3419 πᾶσα
1009 3364 1408 3434 δεσποζομένη,
1439 3363 1834 3435 μονοδέσποτός
1857 3364 1995 3416 ἐστι·

406 3460 604 3516 πολλαὶ
632 3460 743 3531 γάρ
774 3461 883 3513 εἰσι
917 3456 1012 3511 καὶ
1043 3456 1444 3511 κοινοδέσποτοι
1492 3455 1550 3508 ὲν
1578 3456 1645 3526 τῇ
1675 3455 1863 3508 πόλει·
1903 3453 1999 3508 οὑ-

402 3572 510 3618 τως
539 3551 632 3607 οὖν
676 3553 799 3606 ἐπεὶ
829 3552 930 3623 μέν
960 3552 1099 3604 εἰσιν
1132 3550 1188 3605 αἱ
1222 3548 1444 3620 φύσεις,
1493 3550 1796 3617 ἀναγκαῖον
1827 3546 1999 3611 αὑτὰς

402 3646 499 3700 καὶ
528 3644 902 3715 ὑφεστηκέναι
934 3642 1030 3696 καὶ
1058 3642 1465 3704 ὲνυποστάτους
1497 3634 1673 3693 εῖναι·
1722 3639 1914 3707 ἐπειδὴ
1939 3638 1998 3694 δὲ

400 3739 501 3792 οὑκ
544 3738 653 3809 ἰδίᾳ
685 3736 783 3792 ἀπ’
813 3734 1062 3805 ἀλλήλων
1093 3734 1253 3799 είσὶν,
1290 3732 1539 3795 ἐνὼσεως
1571 3730 1753 3784 αὑτῶν
1785 3728 1998 3800 ὡμολο-

400 3832 659 3901 γημένως
711 3827 1065 3899 γενομένης,
1133 3825 1255 3895 οὐχὶ
1316 3824 1414 3878 καὶ
1468 3824 1577 3895 ίδίᾳ
1623 3821 1997 3894 ὑφεστηκέναι

401 3922 672 3992 ἑκατέραν
704 3920 1003 3989 ἀναγκαῖόν
1033 3919 1171 3971 ἐστι.
1217 3914 1387 3985 Δῆλον
1420 3912 1515 3969 οὖν
1558 3914 1640 3968 ὅτι
1688 3914 1786 3985 οὑχ
1813 3915 1897 3966 ὲτε
1910 3931 1998 3983 ρο-

402 4015 706 4077 ῦπόστατον
737 4007 902 4073 εἶναι,
935 4009 1050 4064 ἀλλ’
1081 4011 1140 4062 ὲν
1175 4008 1278 4081 μιᾷ
1310 4007 1406 4059 καὶ
1431 4008 1498 4077 τῇ
1527 4006 1665 4075 αὑτῇ
1697 4002 1996 4061 ὑποστάσει

399 4106 642 4164 νοεῖσθαι
683 4106 887 4176 ἀμφοῖν
930 4100 1111 4158 αὑτῶν
1143 4099 1207 4154 τὸ
1241 4100 1611 4153 ὲνυπόστατον
1640 4098 1740 4151 δεῖ.
1779 4098 1869 4150 Διὺ
1901 4096 1997 4150 καὶ

400 4194 783 4269 ἀποδεχόμεθα
832 4194 893 4249 τὸ
936 4195 1069 4265 παρ’
1097 4191 1252 4262 ὑμῶν
1297 4191 1356 4241 ἐν
1385 4189 1533 4243 τέλει
1566 4188 1882 4262 εἰρημένον,
1920 4186 1995 4249 ὠς

401 4291 668 4350 ἀδύνατον
715 4290 807 4342 ἐπὶ
843 4289 975 4360 μιᾶς
1007 4286 1104 4343 καὶ
1131 4285 1234 4355 τῆς
1259 4283 1433 4353 αὐτῆς
1464 4282 1840 4349 ὑποστάσεως,
1876 4280 1997 4336 διασ

399 4384 579 4454 φορὰν
611 4381 876 4450 λέγεσθαι
906 4378 1286 4440 ὑποστάσεως.
1340 4375 1476 4429 osa:
1505 4375 1644 4437 ὅλως
1669 4376 1779 4445 γάρ
1812 4388 1994 4443 φαμεν

394 4475 522 4528 οὕτε
554 4474 821 4543 διαφορὰν
856 4471 1212 4526 ὑποστάσεων
1259 4470 1318 4521 ἐν
1347 4469 1414 4539 τῇ
1444 4468 1544 4538 μιᾷ
1572 4466 1869 4522 ὑποστάσει
1897 4462 1992 4523 τοῦ

396 4565 643 4637 Κυρίου·
686 4564 761 4635 μὴ
790 4563 1037 4633 γένοιτοι
1090 4560 1140 4613 εἰ
1188 4559 1284 4615 καὶ
1328 4555 1715 4613 ὑποστατικῶν
1748 4554 1993 4626 μερικῶν

2102 677 2314 747 prolata
2336 684 2466 733 sunt
2488 684 2682 734 nostra
2702 688 3047 751 argumenta.
3074 677 3171 737 His
3191 680 3340 737 enim
3367 696 3480 737 non
3502 698 3706 753 oppor-

2106 779 2236 826 tune
2279 780 2665 838 occurrentes,
2690 786 2790 827 vos
2836 771 2987 843 ipsos
3017 781 3230 828 tantum
3258 774 3326 829 de
3358 782 3543 830 vestra
3574 791 3704 831 sen-

2106 864 2278 920 tentia
2312 866 2681 934 persuasistis.
2710 865 2766 921 Si
2797 867 2969 932 enim,
2997 882 3122 922 cum
3155 868 3463 939 analogiam
3499 869 3705 924 habeat

2103 969 2232 1010 eum
2264 955 2453 1011 colore
2495 955 2876 1022 subsistentia,
2921 953 2979 1011 in
3026 955 3121 1012 illo
3168 958 3422 1028 exemplo
3460 956 3706 1013 fortuita:

2104 1048 2487 1103 similitudinis
2537 1048 2593 1103 in
2648 1048 3005 1117 nominibus,
3056 1049 3275 1120 corpori
3328 1052 3705 1106 necessarium

2103 1140 2235 1196 inde
2276 1151 2363 1196 est
2409 1146 2610 1195 natura
2639 1140 2711 1195 sit
2740 1154 2961 1211 corpus,
2987 1142 3233 1197 colorem
3260 1155 3383 1198 esse
3414 1139 3620 1210 dicitis,
3648 1151 3707 1200 et

2102 1249 2172 1289 ex
2205 1233 2313 1290 hoc
2355 1233 2495 1289 duas
2539 1248 2664 1289 esse
2694 1234 3105 1300 subsistentias,
3134 1249 3261 1292 cum
3296 1235 3420 1293 dum
3456 1237 3567 1292 sint
3601 1253 3705 1293 na-

2105 1332 2266 1390 tune,
2301 1326 2582 1398 colligitis,
2627 1326 2825 1382 scitote
2860 1341 2963 1381 nos
3009 1342 3230 1398 quoque
3280 1328 3417 1384 illud
3458 1327 3645 1384 dicere
3686 1346 3701 1384 :

2104 1418 2210 1476 Ubi
2227 1433 2431 1489 corpus
2447 1432 2567 1474 esse
2584 1417 2796 1474 dicitur
2817 1416 3148 1487 coloratum,
3168 1420 3413 1476 colorem
3436 1422 3706 1477 exsistere

2102 1524 2331 1567 necesse
2382 1520 2497 1579 est;
2550 1509 2695 1567 sicut
2741 1511 2914 1584 igitur
2961 1511 3379 1569 subsistentiam
3431 1513 3706 1578 esse,rubi

2105 1601 2315 1659 dicitur
2346 1610 2545 1659 natura
2576 1604 2912 1661 subsistens.
2965 1604 3074 1661 Sed
3123 1604 3416 1676 quaesitum
3450 1620 3561 1660 non
3607 1620 3707 1675 per

2104 1696 2223 1755 haec
2270 1697 2770 1763 demonstravistis,
2794 1708 2851 1753 et
2896 1714 2926 1753 a
2971 1698 3133 1754 nobis
3168 1699 3526 1769 discrepatis;
3557 1697 3707 1768 quod

2104 1806 2327 1863 nempe,
2360 1792 2455 1847 ubi
2483 1793 2646 1863 plura
2684 1792 2950 1849 dicuntur
2985 1793 3243 1865 conjungi
3279 1806 3511 1863 corpora
3553 1791 3707 1848 colo-

2105 1894 2245 1953 rata,
2278 1900 2511 1941 numero
2542 1885 2784 1956 aequales
2813 1884 2882 1941 iis
2915 1885 3123 1940 debent
3154 1898 3375 1957 quoque
3409 1899 3532 1963 esse
3558 1884 3708 1940 colo-

2109 1995 2227 2046 res;
2262 1987 2319 2035 et
2351 1994 2462 2034 non
2499 1978 2762 2050 possibile
2803 1987 2909 2045 est,
2942 1987 3038 2034 aut
3067 1993 3179 2034 uno
3209 1985 3267 2034 et
3294 1977 3492 2033 eodem
3520 1978 3706 2033 colore

2106 2073 2264 2142 plura
2281 2071 2517 2127 colorari
2535 2088 2788 2143 corpora,
2808 2080 2870 2126 ut
2885 2071 3011 2127 albo
3030 2071 3249 2137 niveus,
3267 2071 3499 2138 lacteus,
3516 2086 3707 2127 cerus-

2105 2180 2233 2221 seus
2252 2164 2407 2219 mixti
2426 2174 2574 2232 sunt,
2592 2174 2649 2221 et
2674 2165 2820 2231 lana,
2842 2164 3017 2219 linum
3034 2172 3091 2219 et
3108 2162 3347 2219 sericum
3364 2162 3422 2217 in
3448 2178 3561 2218 uno
3576 2161 3704 2217 albo

2103 2257 2229 2314 velo
2257 2266 2540 2325 contexta;
2574 2269 2669 2312 aut
2708 2258 2765 2313 in
2811 2274 2983 2313 unum
3032 2258 3203 2313 alium
3255 2256 3499 2314 colorem
3541 2256 3704 2327 plura

2105 2359 2340 2416 corpora
2371 2359 2493 2400 esse
2521 2346 2817 2415 permista;
2849 2353 2910 2401 ut
2935 2361 3240 2412 cerussam,
3270 2346 3519 2412 ocliram,
3548 2345 3705 2402 chal-

2105 2438 2394 2503 canthum,
2427 2438 2657 2508 gummi,
2695 2437 2753 2492 in
2782 2437 2941 2493 fusco
2973 2437 3225 2510 collyrio.
3267 2438 3404 2494 Nam
3436 2438 3575 2494 duas
3600 2454 3704 2493 na-

2106 2540 2259 2586 turas
2305 2531 2360 2585 in
2392 2546 2500 2585 una
2529 2540 2587 2586 et
2613 2530 2809 2586 eadem
2853 2530 3214 2587 subsistentia
3257 2531 3496 2587 dicimus
3520 2532 3706 2587 subsi-

2104 2632 2290 2689 stere;
2326 2638 2437 2677 non
2472 2622 2632 2692 quasi
2667 2623 2933 2678 alterutra
2968 2623 3146 2694 possit
3174 2637 3296 2678 esse
3334 2623 3706 2679 insubsistens

2103 2715 2160 2770 in
2204 2716 2317 2780 illa,
2350 2715 2447 2771 sed
2477 2714 2627 2786 quod
2665 2722 2900 2785 utraque
2946 2716 3005 2771 in
3049 2731 3159 2771 una
3202 2716 3484 2771 communi
3527 2715 3708 2786 possit

2104 2806 2408 2863 subsistere
2438 2807 2819 2864 subsistentia.
2852 2810 2922 2864 Et
2954 2810 3056 2876 ita,
3099 2810 3407 2866 secundum
3453 2809 3702 2867 eamdem

2103 2908 2161 2955 et
2184 2915 2349 2954 unam
2380 2900 2820 2967 subsistentiam,
2855 2909 3089 2973 utraque
3122 2902 3195 2958 sit
3224 2902 3554 2958 subsistens.
3581 2902 3705 2958 Non

2104 2991 2254 3047 enim
2291 2991 2666 3045 necessarium
2692 3000 2778 3047 est
2812 2998 2875 3045 ut
2898 2991 3110 3063 aliquid
3138 2992 3339 3048 debeat
3363 3007 3506 3056 esse,
3535 2992 3703 3049 abso-

2101 3082 2216 3138 lute
2252 3092 2309 3138 et
2341 3084 2563 3153 proprie
2610 3083 2747 3139 illud
2794 3084 2895 3151 sit;
2949 3100 3076 3139 nam
3119 3099 3189 3138 ex
3241 3085 3399 3139 urbis
3444 3084 3704 3140 domibus

2099 3174 2250 3228 nulla
2293 3174 2411 3229 sine
2440 3175 2689 3241 domino,
2736 3191 2849 3230 non
2882 3176 3261 3232 necessarium
3307 3185 3490 3231 autem
3524 3185 3611 3232 est
3643 3187 3703 3233 ut

2100 3265 2281 3320 omnis
2326 3281 2448 3335 quae
2492 3266 3018 3336 dominumhabet,
3053 3284 3225 3324 unum
3270 3269 3558 3324 dominum
3601 3268 3703 3325 ba-

2102 3356 2266 3423 beat;
2298 3357 2550 3428 plurimae
2574 3359 2722 3414 enim
2753 3364 2881 3415 sum
2909 3361 2968 3415 in
3008 3360 3147 3418 urbe
3178 3360 3431 3432 pluribus
3459 3362 3704 3417 dominis

2099 3464 2423 3506 communes
2455 3468 2469 3504 :
2495 3451 2577 3507 sic
2600 3451 2787 3523 igitur,
2812 3453 3035 3523 quando
3056 3465 3186 3510 sunt
3215 3464 3446 3520 naturze,
3478 3461 3701 3525 oportet

2098 3557 2193 3597 eas
2226 3540 2528 3598 subsistere
2557 3550 2614 3599 et
2659 3544 3028 3600 subsistentes
3064 3561 3185 3601 esse
3213 3562 3227 3612 ;
3261 3545 3482 3617 quando
3515 3554 3701 3601 autem

2097 3650 2210 3690 non
2238 3635 2463 3706 proprie
2489 3643 2546 3691 et
2573 3636 2695 3691 alia:
2725 3637 2795 3692 ab
2824 3636 2949 3693 aliis
2988 3647 3140 3703 sunt,
3168 3638 3373 3693 unione
3404 3638 3527 3694 illas
3554 3636 3703 3695 inter

2098 3737 2289 3799 aperte
2323 3730 2488 3797 facta,
2522 3746 2633 3785 non
2663 3730 2831 3786 etiam
2862 3731 3088 3802 proprie
3134 3730 3439 3787 subsistere
3482 3738 3697 3787 utram-

2097 3838 2207 3894 que
2239 3823 2611 3879 neeessarium
2635 3831 2739 3880 est.
2767 3823 3012 3880 Evidens
3044 3840 3178 3896 ergo
3206 3834 3292 3880 est
3321 3840 3432 3879 non
3463 3824 3697 3881 alterius

2098 3931 2221 3972 esse
2261 3916 2656 3983 subsistentia,
2694 3917 2790 3973 sed
2827 3917 2883 3972 in
2919 3933 3027 3971 una
3058 3915 3364 3987 eademque
3391 3916 3699 3973 subsisten-

2101 4007 2174 4063 tia
2221 4009 2517 4080 utriusque
2563 4009 2995 4066 existimandum
3044 4025 3166 4065 esse
3206 4009 3355 4080 quod
3388 4010 3698 4066 subsistens

2096 4116 2201 4159 est.
2233 4104 2362 4160 ldco
2397 4114 2454 4160 et
2489 4105 2770 4175 rejicimus
2805 4103 2954 4175 quod
2999 4120 3029 4157 a
3066 4103 3223 4159 vobis
3257 4104 3311 4158 in
3344 4103 3453 4157 line
3483 4102 3695 4157 dictum

2096 4200 2203 4258 est,
2234 4193 2578 4264 impossibile
2613 4209 2735 4250 esse
2764 4194 2819 4248 in
2857 4208 2967 4248 una
2998 4192 3303 4264 eademque
3334 4192 3696 4253 subsistentia

2096 4286 2467 4342 ditl‘erentiam
2531 4286 2642 4342 dici
2705 4286 3101 4342 subsistentia.
3155 4283 3276 4341 Non
3314 4286 3477 4340 enim
3525 4284 3695 4340 abso-

2094 4378 2209 4437 lute
2248 4378 2484 4434 dicimus
2533 4378 2903 4435 diﬂ'erentiam
2950 4377 3438 4433 subsistentiarum
3487 4392 3545 4430 ιιι
3581 4391 3691 4433 una

2095 4469 2453 4526 subsistentia
2495 4470 2734 4535 Domini,
2771 4471 2878 4525 hoc
2925 4469 3075 4525 enim
3125 4470 3563 4525 demonstratum
3608 4477 3694 4523 est

2044 4628 2049 4633 ,
2094 4580 2214 4620 εεεε
2238 4563 2616 4634 impossibile;
2651 4563 2924 4634 siquidem
2947 4579 3057 4618 non
3086 4562 3477 4618 distinctarum
3504 4577 3692 4617 rerum

401 4659 712 4730 ίδιωμάτων
737 4658 897 4727 ἴσμεν
918 4654 1205 4726 διαφοράν·
1231 4654 1288 4706 οὑ
1311 4653 1419 4723 γὰρ
1440 4651 1795 4705 ὑποστάσεων
1811 4648 1992 4716 διαφό-

2097 4656 2153 4711 ἱιι
2198 4657 2395 4711 eodem
2433 4656 2633 4728 aliquis
2666 4656 2879 4712 diceret
2922 4655 3208 4721 unionem,
3244 4654 3301 4709 in
3344 4670 3454 4725 quo
3489 4654 3691 4710 distin-

401 4768 508 4821 ρων
543 4750 576 4820 ἢ
610 4747 886 4819 διαφορῶν
912 4746 1108 4807 ἕνωσίν
1146 4761 1325 4815 φαμεν
1356 4744 1451 4797 ἐπὶ
1476 4742 1570 4796 τοῦ
1600 4742 1830 4821 Κυρίου·
1863 4737 1989 4793 τοῦς

394 4819 456 4899 το
480 4844 589 4915 γὰρ
624 4839 952 4912 προεδείχθη
984 4838 1078 4892 καὶ
1110 4835 1374 4891 ἀδύνατον
1395 4852 1408 4865 ·
1449 4838 1610 4906 εἴπερ
1647 4835 1722 4905 μὴ
1753 4819 1849 4886 καὶ
1876 4832 1986 4885 τῶν

394 4920 865 5005 διακεκριμένων,
890 4935 946 4985 ὲν
978 4930 1160 5000 ταυτῷ
1181 4946 1265 4992 τις
1293 4929 1443 4997 λέγοι
1473 4928 1573 4999 τὴν
1595 4928 1816 4992 ἕνωσιν,
1854 4927 1911 4979 ὲν
1938 4916 1983 4992 ᾧ

393 5026 491 5096 τὴν
520 5025 796 5093 διάκρισιν
828 5023 958 5096 δρᾷο
1014 5019 1151 5075 ἀλλὰ
1184 5018 1402 5089 φύσεων
1427 5016 1705 5087 διαφόρων
1735 5014 1985 5069 σύνθεσιν

392 5118 540 5170 κατὰ
589 5115 720 5186 μίαν
765 5115 867 5186 τὴν
913 5112 1139 5184 πρώτην
1175 5110 1233 5177 ἐξ
1262 5110 1439 5183 ἀρχῆς
1467 5103 1633 5162 οὖσαν
1664 5107 1757 5160 τοῦ
1784 5106 1982 5174 Λόγου,

392 5211 490 5263 καὶ
519 5209 581 5262 οὑ
618 5209 882 5278 δευτέραν
909 5202 1048 5259 εἶναι
1082 5205 1406 5267 ὑπόστασιν,
1444 5202 1625 5255 είτουν
1659 5198 1719 5265 ἐξ
1744 5200 1983 5254 ὑποστά-

394 5319 533 5371 σεως
565 5302 744 5371 ίσμεν·
781 5300 897 5355 ἀλλ’
927 5298 1102 5361 οὕτως
1137 5297 1237 5367 μὲν
1266 5296 1412 5350 τάδε.

462 5394 536 5449 Τὸ
566 5394 624 5447 δὲ
649 5395 716 5465 δὴ
744 5394 935 5464 ἕτερον
962 5392 1124 5446 πάλιν
1154 5391 1183 5443 ὃ
1211 5386 1588 5458 άπεφήνασθε,
1616 5387 1700 5440 ὅτι
1724 5386 1847 5439 ἐπεὶ
1867 5385 1984 5440 διάη

392 5487 549 5558 φοροί
599 5488 741 5540 εἰσιν
791 5488 846 5538 αἱ
889 5483 1082 5554 φύσεις
1130 5483 1226 5536 ἐπὶ
1261 5484 1359 5551 τῆς
1395 5479 1732 5548 οἰκονομίας,
1764 5478 1979 5547 ἀνάγκη

390 5574 530 5631 εἶναι
557 5577 851 5647 διαφόρους
880 5575 976 5628 καὶ
1001 5574 1100 5638 τὰς
1127 5572 1478 5636 ὑποστάσεις·
1514 5570 1623 5623 τῶν
1650 5570 1708 5623 δὲ
1744 5570 1984 5623 ὑποστά-

393 5686 532 5735 σεων
562 5669 939 5740 διαφερουσῶν
971 5667 1065 5721 ἐπὶ
1093 5664 1196 5736 τῆς
1222 5665 1373 5728 θείας
1399 5662 1607 5730 οὐσίας,
1636 5663 1737 5717 οὑκ
1763 5662 1981 5734 ἀνάγκῃ

390 5760 530 5815 εἶναι
577 5761 869 5833 διαφόρους
922 5760 1019 5814 καὶ
1067 5759 1169 5822 τὰς
1215 5758 1447 5828 φύσεις,
1500 5757 1619 5823 πῶς
1662 5755 1976 5820 δείκνυται;

392 5859 432 5910 ιι
446 5854 616 5925 ρῶτον
641 5854 738 5925 μὲν
770 5853 876 5923 γὰρ
896 5853 952 5904 ὲν
982 5852 1097 5914 τοῖς
1124 5849 1436 5923 ἔμπροσθεν
1466 5849 1529 5902 τὸ
1555 5848 1853 5918 ἀδιάφορον
1869 5848 1979 5901 τῶν

392 5948 607 6017 φύσεων
663 5946 979 6015 ἀναγκαίως
1014 5942 1238 6019 χρῄζειν
1286 5942 1380 5999 τοῦ
1412 5941 1671 6019 διαφόρου
1707 5938 1815 5997 τῶν
1845 5941 1976 5999 ὑπο-

2090 4748 2332 4803 ειίοιιειιι
2357 4747 2544 4816 videt;
2576 4747 2674 4804 sed
2697 4759 3021 4806 naturarum
3050 4746 3429 4803 differentium
3458 4748 3692 4818 conjun-

2089 4840 2329 4896 ctionem
2359 4841 2665 4897 secundum
2696 4857 2861 4897 unam
2886 4842 3119 4912 primam
3152 4857 3183 4896 a
3230 4839 3506 4912 principio
3533 4839 3689 4896 exsi-

2088 4941 2325 4989 stentem
2360 4934 2551 5001 Verbi,
2599 4950 2704 4990 nec
2749 4935 3051 4991 secundam
3094 4949 3216 4989 esse
3247 4932 3684 5003 subsistentiam,

2087 5036 2219 5098 puta
2245 5042 2277 5082 e
2311 5026 2694 5094 subsistentia,
2726 5027 2952 5087 scimus.
2990 5024 3098 5083 Sed
3129 5027 3203 5081 ita
3231 5025 3456 5097 quidem
3484 5024 3609 5080 ista.

2156 5384 2315 5454 Quod
2360 5389 2545 5440 autem
2581 5396 2773 5439 rursus
2818 5380 3208 5454 proposuistis,
3255 5395 3486 5437 necesse
3530 5395 3675 5452 esse,

2082 5493 2208 5534 eum
2242 5477 2562 5533 differentes
2588 5477 2700 5532 sint
2731 5484 2941 5531 naturae
2988 5460 3045 5530 in
3072 5474 3469 5541 incarnatione,
3511 5474 3677 5530 diffe-

2081 5579 2267 5627 rentes
2299 5569 2466 5625 etiam
2509 5570 2619 5624 sint
2648 5578 2707 5625 et
2740 5567 3148 5634 subsistentia;
3192 5566 3675 5629 subsistentiarum

2081 5674 2267 5720 autem
2299 5663 2673 5719 differentium
2719 5662 2776 5718 in
2809 5662 3048 5717 essentia
3091 5660 3301 5727 divina,
3332 5677 3443 5716 non
3478 5677 3674 5717 neces-

2080 5757 2224 5814 sario
2250 5771 2373 5811 esse
2404 5755 2728 5812 diﬂ‘ercntes
2748 5763 2994 5819 naturas,
3018 5754 3299 5825 quomodo
3321 5753 3675 5824 ostenditur}

2080 5848 2261 5920 primo
2309 5848 2456 5903 enim
2506 5845 2771 5917 quidem,
2818 5846 2875 5902 in
2916 5845 3004 5902 his
3051 5861 3174 5917 qua:
3222 5845 3480 5916 superius
3525 5845 3673 5912 dicta

2081 5948 2233 6009 sunt,
2251 5939 2672 5997 similitudinem
2700 5945 3023 6000 naturarum
3052 5936 3365 5997 necessario
3390 5936 3671 6015 requirere
