4116 6488
420 443 558 510 1563

1689 440 2005 503 LEONTII
2043 440 2447 503 BYZANTINI

3555 440 3696 507 1564

420 553 833 612 distinctionem
862 552 1369 619 subsistentiarum,
1402 552 1458 607 in
1501 565 1733 622 corpore
1766 551 1911 607 Petri
1950 559 2007 607 et
2035 617 2040 630 η

2144 554 2377 619 τάσεων,
2410 554 2466 605 ὲν
2492 551 2571 622 τῷ
2599 549 2817 621 σώματι
2846 550 3054 622 Πέτρου
3087 551 3181 607 καὶ
3205 550 3422 607 Παύλου
3449 552 3699 627 ὲλέγετειη

420 648 597 715 Pauli,
639 647 874 703 dixistis.
922 646 1131 701 Deinde
1175 655 1361 701 autem
1404 660 1551 700 nunc
1579 659 1875 714 quamnam
1906 644 2007 698 lia-

2144 638 2232 697 ῐτα
2275 643 2334 695 δὲ
2380 641 2475 696 νῦν
2520 642 2639 695 τίνα
2665 640 2776 713 ἔχει
2805 642 3063 714 ἀφορμὴν
3095 644 3196 713 τῆς
3222 644 3691 715 ἀποκληρώσεως,

420 740 589 796 beant
615 740 881 811 originem
915 738 1250 795 conditionis
1278 738 1383 792 ista
1414 736 1602 792 dicite.
1631 736 1838 794 Scitote
1860 735 2010 790 enim

2145 734 2237 788 άδε
2271 733 2483 789 εἴπατε.
2525 732 2668 788 Ἰσθε
2709 734 2820 805 γὰρ
2848 731 3215 803 γινώσκοντες
3246 737 3323 801 ὡς
3355 736 3571 801 πάντως
3602 736 3705 790 καὶ

420 849 524 888 nos
554 842 614 886 ut
635 834 860 887 omnino
897 832 1239 887 contrarium
1262 828 1659 885 demonstretis
1689 828 2008 898 requirere;

2112 826 2175 880 rb
2225 825 2464 880 ἐναντίον
2516 825 2663 897 ὑμᾶς
2701 826 3085 898 ἀπαιτήσομεν
3124 826 3332 894 δεῖξαι·
3389 829 3472 881 ὅτι
3508 826 3713 900 ὥσπερ

421 934 483 978 ut
528 924 765 989 scilicet,
815 924 861 979 si
898 923 1222 979 differentes
1258 929 1390 977 sunt
1421 930 1658 985 naturae,
1696 919 2016 974 differentes

2148 919 2165 971 l
2192 916 2440 989 διάφοροί
2466 918 2604 970 εἰσιν
2633 917 2691 971 αί
2717 915 2942 986 φύσεις,
2981 916 3230 988 διάφοροί
3260 919 3366 971 είσι
3396 918 3521 972 καθ’
3553 920 3714 989 ὑμᾶς.

420 1031 645 1086 quoque
687 1030 808 1070 esse
842 1015 1147 1070 secundum
1176 1028 1278 1069 vos
1307 1012 1717 1076 subsistentias,
1750 1011 1846 1073 ita,
1888 1025 2014 1065 cum

2144 1012 2214 1066 :al.
2247 1010 2599 1075 ὑποστάσεις,
2638 1008 2815 1074 οὕτως
2844 1009 2940 1064 καὶ
2968 1010 3077 1064 τῶν
3105 1009 3319 1079 φύσεων
3348 1010 3526 1063 οὑσῶν
3547 1012 3704 1065 ἀδια-

421 1116 633 1161 natura:
658 1106 769 1160 sint
800 1106 1030 1171 similes,
1065 1104 1277 1160 similes
1304 1118 1527 1174 quoque
1560 1117 1682 1158 esse
1711 1102 2018 1157 subsisten-

420 1200 548 1255 tias.
577 1198 867 1266 Quomodo
899 1213 1033 1268 ergo
1068 1212 1234 1252 unam
1263 1205 1319 1252 et
1354 1196 1591 1252 similem
1633 1202 1835 1250 sancta:
1861 1194 2020 1249 Tria-

422 1291 509 1347 dis
543 1300 819 1353 naturam,
850 1290 1174 1346 differentes
1210 1296 1400 1344 autem
1423 1286 1813 1343 subsistentias
1843 1286 2022 1341 credi-

422 1384 583 1439 mus?
608 1398 956 1454 consequens
997 1383 1147 1438 enim
1177 1382 1353 1445 foret,
1399 1380 1544 1435 sicut
1584 1380 1640 1433 in
1667 1378 1890 1434 Christo
1919 1377 2025 1433 dif-

423 1476 667 1531 ferentes
716 1483 957 1541 naturae,
1012 1483 1071 1531 et
1114 1488 1306 1528 earum
1355 1469 1728 1527 subsistentias
1773 1470 1941 1525 etiam
1992 1484 2023 1525 a

425 1568 588 1623 vobis
629 1567 892 1622 dicuntur
927 1565 1269 1630 differentes,
1320 1564 1403 1620 sic
1451 1564 1508 1618 in
1548 1562 1750 1617 Triade
1796 1570 2025 1616 naturas

428 1659 659 1725 similes,
692 1667 749 1713 et
791 1674 981 1713 earum
1028 1654 1419 1713 subsistentias
1466 1654 1676 1709 similes
1713 1651 1844 1708 dici.
1888 1652 2028 1718 lmo,

428 1767 557 1806 ecce
582 1766 813 1805 numero
835 1750 1063 1805 omnino
1088 1749 1350 1820 aaquafes,
1377 1746 1684 1803 secundum
1715 1760 1837 1809 vos,
1861 1758 2027 1814 opor-

429 1848 509 1895 tet
550 1855 671 1895 esse
718 1848 947 1894 naturas
990 1846 1047 1894 ci
1080 1836 1501 1900 subsistentias;
1538 1851 1662 1890 cum
1706 1834 1874 1906 igitur
1918 1850 2029 1889 non

2119 1103 2343 1176 φόρων,
2405 1104 2461 1157 αἱ
2512 1102 2843 1167 ὑποστάσεις
2898 1102 3039 1157 είσὶν
3090 1101 3401 1172 ἀδιάφοροι.
3452 1102 3577 1166 Πῶς
3609 1102 3722 1156 oin.

2124 1194 2255 1268 μίαν
2289 1195 2391 1268 μὲν
2422 1194 2518 1249 καὶ
2548 1194 2843 1265 ἀδιάφορον
2886 1194 2987 1266 τῆς
3024 1194 3185 1264 ἀγίας
3214 1195 3447 1265 Τριάδος
3481 1195 3579 1265 τὴν
3603 1194 3709 1262 φύ-

2125 1306 2232 1353 σιν,
2264 1288 2557 1359 διαφόρους
2580 1287 2639 1341 δὲ
2668 1286 2767 1351 τάς
2794 1287 3126 1351 ὑποστάσεις
3152 1286 3516 1357 πιστεύομεν;
3554 1286 3721 1339 ’Δκόοι

2124 1382 2316 1438 λουθον
2347 1379 2855 1453 γάρίὲσται,’ῶσπερ
2885 1376 2960 1435 ῶν
2979 1382 3038 1434 αἱ
3063 1380 3257 1450 φύσεις
3285 1380 3556 1451 διάφοροι,
3586 1378 3714 1432 τού-

2126 1493 2234 1530 των
2264 1474 2361 1528 καὶ
2390 1476 2446 1527 αἱ
2475 1473 2807 1537 ὑποστάσεις
2836 1470 3090 1540 λέγονται
3118 1472 3239 1525 καθ’
3264 1473 3410 1541 ὑμᾶς
3436 1471 3724 1541 διάφοροι,

2127 1565 2304 1630 οὑτως
2351 1565 2447 1620 καὶ
2487 1559 2563 1621 ὧν
2594 1566 2649 1620 αί
2680 1564 2875 1633 φύσεις
2902 1564 3213 1635 ἀδιάφοροι,
3252 1564 3459 1620 τούτων
3490 1564 3588 1618 καὶ
3616 1562 3719 1627 τὰς

2131 1656 2462 1721 ὑποστάσεις
2497 1657 2829 1729 ἀδιαφόρους
2859 1656 3141 1727 λέγεσθαι.
3181 1656 3303 1710 Ἔτι
3335 1656 3444 1730 μὴν
3483 1656 3589 1710 ἰδοὺ
3621 1657 3720 1711 καὶ

2134 1749 2459 1821 ἰσαρίθμους
2510 1749 2731 1812 πάντως
2776 1747 2903 1803 καθ’
2933 1748 3080 1819 ὑμᾶς
3110 1748 3191 1801 δεῖ
3219 1743 3363 1802 εἶναι
3397 1748 3497 1811 τὰς
3525 1746 3733 1816 φύσεις,

2132 1842 2227 1896 καὶ
2274 1842 2374 1906 τὰς
2414 1840 2766 1903 ὑποστάσεις.
2808 1840 2966 1893 Ἐπεὶ
2991 1838 3086 1894 οὖν
3115 1839 3175 1893 οὑ
3205 1839 3370 1910 μόνον
3397 1840 3735 1911 ἀδιάφορος,,

430 1939 645 1985 tantum
690 1929 887 1985 similis
924 1929 1022 1985 sed
1058 1930 1225 1985 etiam
1280 1943 1389 1983 una
1437 1926 1510 1982 sit
1560 1936 1763 1981 sancta:
1810 1924 2027 1981 Triadis

2144 1932 2267 1987 ma:
2299 1934 2395 1986 καὶ
2430 1932 2528 2004 μία
2557 1932 2657 2000 τῆς
2685 1930 2850 2001 άγίας
2877 1930 3107 2003 Τριάδος
3133 1933 3166 2002 ἠ
3198 1931 3362 2002 φύσις
3384 1972 3397 1995 ,
3448 1931 3586 1984 ἔστω
3623 1932 3723 1986 καὶ

429 2031 659 2085 natura,
712 2022 783 2076 sit
827 2021 994 2077 etiam
1040 2019 1402 2075 subsistentia
1430 2034 1538 2073 una
1589 2025 1645 2072 et
1700 2016 1915 2071 similis.
1966 2014 2025 2070 Si

429 2129 561 2169 vero
607 2113 810 2180 dicitis,
864 2128 1118 2183 semper,
1176 2112 1223 2167 si
1267 2120 1354 2166 est
1398 2118 1611 2165 natura:
1659 2109 2009 2173 differentia,

428 2216 485 2259 ct
532 2206 906 2262 subsistentia
960 2205 1331 2260 differentiam
1378 2219 1530 2270 esse;
1572 2203 1619 2258 si
1660 2217 1794 2258 vero
1841 2200 2027 2258 subsi-

430 2298 648 2352 stentia:
722 2306 807 2354 est
888 2297 1239 2361 differentia,
1313 2312 1427 2351 non
1511 2309 1729 2365 semper
1814 2301 2029 2348 natum

431 2388 803 2444 differentiam
851 2406 998 2455 esse,
1050 2404 1117 2444 eo
1156 2388 1307 2459 quod
1354 2388 1539 2442 minus
1572 2402 1739 2457 quam
1788 2385 2030 2440 essentia

432 2479 793 2534 subsistentia
826 2494 886 2534 se
915 2477 1220 2534 extendens
1254 2494 1365 2533 non
1400 2484 1584 2547 potest
1616 2475 1811 2530 iisdem
1844 2474 2033 2529 termi-

432 2571 521 2625 nis
566 2570 620 2624 in
666 2570 813 2625 illam
850 2569 1097 2625 converti
1129 2588 1141 2623 :
1175 2569 1439 2639 primum,
1469 2566 1836 2639 particulares
1874 2575 2033 2621 natu-

436 2677 510 2716 ra:
551 2660 838 2719 evidenter
867 2675 977 2713 non
1020 2660 1285 2730 majorem
1334 2674 1499 2728 quam
1540 2657 1912 2713 subsistentias
1941 2673 2033 2711 ex-

437 2753 768 2816 tensionem,
814 2751 912 2806 sed
968 2751 1237 2806 minorem
1285 2748 1693 2820 quodammodo
1739 2759 2035 2804 censentur

438 2845 681 2911 habere;
719 2844 868 2915 quod
896 2860 1066 2898 unum
1102 2852 1188 2899 est
1214 2844 1389 2914 majus
1411 2850 1496 2897 est
1521 2858 1686 2913 quam
1713 2842 1860 2912 quod
1888 2858 2037 2897 com-

439 2953 608 2992 mune
665 2945 768 2992 est.
806 2936 1157 2992 Concedatur
1190 2952 1322 3007 ergo
1390 2935 1549 2990 vobis
1590 2934 1735 2989 istud
1789 2949 2031 3005 quoque.

438 3030 583 3100 Ergo
614 3030 801 3099 plures
827 3044 948 3084 esse
980 3028 1386 3091 subsistentias,
1418 3042 1528 3082 una
1558 3036 1771 3082 tantum
1812 3041 1936 3081 cum
1962 3025 2037 3081 sit

439 3128 657 3182 natura,
686 3134 909 3174 necesse
941 3125 1059 3184 est;
1092 3132 1358 3171 numerus
1384 3116 1531 3170 enim
1563 3130 1757 3170 eorum
1785 3129 1907 3185 qua
1936 3113 2039 3168 mi-

442 3226 552 3267 nus
572 3210 951 3267 extenduntur
973 3209 1345 3265 abundantior
1366 3215 1451 3263 est
1470 3209 1786 3263 necessario
1808 3222 2040 3262 numero

2128 2026 2163 2096 ἡ
2196 2024 2496 2088 ὑπόστασις
2548 2023 2647 2094 μία
2681 2039 2742 2077 τε
2786 2023 2882 2078 καὶ¹
2923 2024 3240 2093 ἀδιάφορος.
3298 2023 3360 2079 El
3394 2024 3451 2077 δὲ
3485 2025 3720 2092 εἴποιτε,

2127 2118 2212 2173 ὅτι
2250 2118 2386 2183 εἴτις
2418 2118 2518 2190 μὲν
2547 2115 2765 2187 φύσεως
2790 2117 3048 2187 διαφορά,
3086 2117 3307 2181 πάντως
3341 2120 3436 2172 καὶ
3477 2119 3719 2173 ὑποστά-

2131 2208 2273 2273 σεὼς
2303 2210 2472 2263 ἐστιν·
2508 2209 2641 2271 είτις
2672 2207 2731 2260 δὲ
2761 2206 3117 2270 ὑποστάσεως
3138 2207 3397 2279 διαφορὰ,
3416 2209 3476 2262 οὑ
3500 2210 3737 2276 πάντως

2130 2300 2227 2353 καὶ
2274 2297 2525 2368 φύσεως,
2582 2298 2670 2352 διὰ
2715 2298 2777 2351 rb
2810 2297 2897 2351 ἐπ’
2924 2298 3181 2351 ἐλατττον
3212 2297 3377 2353 οὖσαν
3405 2299 3509 2368 τῆς
3536 2300 3728 2364 οὐσίας

2128 2390 2230 2461 τὴν
2266 2388 2562 2443 ὑπόστασιν
2612 2387 2688 2459 μὴ
2721 2388 3103 2458 ἀντιστρέφειν
3143 2388 3279 2459 πρὸς
3303 2388 3473 2461 αὐτὴν
3507 2392 3621 2453 τοῖς
3637 2389 3731 2443 λό-

2131 2498 2272 2551 γοιςο
2290 2479 2505 2551 πρῶτον
2529 2479 2626 2550 μὲν
2639 2480 2695 2532 αἱ
2719 2479 2884 2533 ίδικαὶ
2901 2478 3090 2549 φύσεις
3110 2478 3311 2551 δηλαδὴ
3334 2481 3435 2533 οὑκ
3458 2481 3552 2533 ἐπὶ
3571 2481 3729 2534 πλεῖ-

2135 2591 2258 2628 στον
2281 2572 2390 2626 τῶν
2415 2572 2797 2637 ὑποστάσεων,
2827 2571 2964 2626 ἀλλά
2994 2574 3091 2625 καὶ
3121 2575 3207 2626 ἐπ’
3237 2571 3461 2627 ἔλαττόν
3486 2591 3539 2626 τι
3562 2575 3734 2627 vociv-

2133 2689 2194 2726 ro
2224 2670 2316 2725 ἄν·
2359 2670 2520 2741 μόναι
2550 2668 2608 2721 δὲ
2642 2669 2736 2722 ἐπὶ
2765 2667 2950 2723 πλεῖόν
2982 2668 3122 2721 είσιν
3153 2670 3210 2722 αί
3234 2667 3433 2723 κοιναί.
3470 2667 3721 2723 Δεδόσθω

2133 2764 2176 2818 δ’
2207 2763 2298 2817 οὖν
2330 2763 2461 2833 ὑμῖν
2494 2764 2589 2815 καὶ
2613 2761 2792 2816 τοῦτο.
2838 2761 3056 2815 Οὑκοῦν
3089 2762 3185 2814 καὶ
3216 2761 3434 2825 πλείους
3460 2760 3601 2816 εἶναι
3628 2762 3732 2826 τάς

2137 2856 2488 2921 ὑποστάσεις,
2528 2855 2657 2924 μιᾶς
2686 2852 2853 2923 οὑσης
2884 2854 2988 2923 τῆς
3016 2852 3235 2923 φύσεως
3265 2853 3503 2925 ἀνάγκη.
3530 2853 3589 2907 '0
3621 2854 3733 2924 γάρ

2138 2948 2371 3022 ἀριθμὸς
2421 2948 2530 3000 τῶν
2576 2948 2661 3000 ἐπ’
2689 2946 2912 3001 ἔλαττον
2952 2946 3347 3017 περισσότερος
3376 2946 3487 3000 τῶν
3514 2944 3736 2999 καθολι-

2140 3042 2398 3116 κωτέρων
2427 3040 2610 3094 αὑτῶν
2645 3039 2704 3103 ἐξ
2730 3039 2978 3108 ἀνάγκης
3010 3038 3129 3093 ὲστί
3147 3054 3161 3068 ⁸
3214 3040 3315 3092 καὶ⁸
3339 3040 3373 3111 ἢ
3399 3040 3491 3092 δύο
3515 3039 3741 3093 ἔσονται.

2139 3132 2325 3185 λοιπὸν
2360 3131 2392 3203 ἢ
2424 3131 2644 3194 πλείους
2673 3130 2706 3198 ἢ
2743 3129 2867 3199 μία,
2897 3130 2996 3182 σὺν
3019 3129 3292 3201 ὲπιμορίῳ
3319 3130 3463 3183 κατά
3492 3131 3621 3200 μίαν
3641 3131 3739 3200 φύ-

2146 3242 2228 3278 σιν
2265 3225 2321 3277 αί
2352 3223 2682 3287 ὑποστάσεις
2721 3221 2879 3277 οὖσαι
2906 3238 2920 3253 ο
2973 3222 3165 3276 τούτου
3197 3222 3255 3276 δὲ
3290 3223 3466 3288 οὓτως
3496 3224 3741 3294 ἔχοντος,

443 3320 639 3361 eorum
665 3320 786 3374 quae
816 3314 945 3359 sunt
968 3304 1140 3375 magis
1169 3302 1535 3375 generalium.
1567 3302 1635 3356 Et
1667 3303 1752 3357 vel
1785 3302 1907 3356 duae
1938 3301 2039 3357 de-

2145 3314 2239 3368 δύο
2266 3314 2459 3382 φύσεις
2482 3314 2637 3367 οὖσαι
2662 3285 2722 3368 αί
2745 3314 2840 3366 τοῦ
2865 3314 3163 3379 Δεσπότου,
3188 3314 3221 3384 ἦ
3242 3285 3565 3387 τέσσαρεςῆ
3589 3285 3743 3388 τρείς

444 3411 595 3451 mum
630 3404 815 3461 erunt,
846 3396 932 3451 vel
966 3397 1175 3466 plures,
1212 3394 1299 3449 vel
1335 3409 1467 3458 una,
1502 3408 1628 3448 cum
1675 3405 2040 3447 numerorum

444 3488 717 3560 particula
765 3488 1069 3543 secundum
1120 3501 1287 3541 unam
1334 3494 1590 3540 naturam
1641 3483 2036 3539 subsistentia.

448 3579 529 3635 Re
574 3579 649 3633 ita
691 3594 750 3633 se
798 3578 1057 3643 habente,
1089 3577 1213 3632 duae
1250 3585 1463 3631 natura:
1506 3590 1630 3630 cum
1663 3574 1774 3629 sint
1800 3573 2041 3639 Domini,

448 3681 546 3727 aut
576 3681 836 3741 quatuor,
871 3681 968 3726 aut
1013 3678 1149 3735 trcs,
1193 3678 1289 3723 aut
1318 3667 1455 3723 duas
1490 3665 2045 3722 senii-subsistentias

451 3763 758 3829 habebunt,
789 3772 885 3817 aut
916 3763 1021 3819 tale
1062 3762 1293 3832 aliquid,
1321 3760 1626 3817 secundum
1670 3766 1913 3814 vestram
1942 3772 2046 3812 au:

452 3856 752 3911 thenticam
792 3855 989 3926 legem.
1019 3855 1087 3909 Et
1115 3870 1225 3908 non
1261 3854 1437 3909 solum
1469 3853 1818 3923 eonjunctam
1855 3865 2046 3920 perso-

451 3963 579 4002 nam
612 3948 751 4003 male
785 3947 943 4003 vobis
976 3946 1209 4003 sufficiet
1241 3946 1298 3999 in
1344 3944 1731 4001 subsistentias
1774 3941 2043 4007 dividere,

454 4038 555 4095 sed
588 4039 761 4110 ipsam
791 4054 1067 4110 quamque
1104 4037 1409 4109 simplicem
1434 4044 1492 4091 et
1522 4034 1914 4106 particularem
1953 4048 2046 4088 na.

2146 3401 2179 3470 ἢ
2213 3398 2307 3453 δύο
2335 3401 2507 3471 ἥμισυ
2540 3401 2640 3463 τὰς
2668 3400 3001 3464 ὑποστάσεις
3031 3399 3278 3468 ἕξουσιν,
3321 3403 3355 3472 ἧ
3387 3419 3441 3455 τι
3470 3402 3753 3469 τοιοῦτον,,

2150 3492 2290 3546 κατὰ
2336 3491 2434 3563 τὴν
2474 3491 2802 3558 αὑθεντικὴν
2848 3492 3004 3564 ὑμῶν
3047 3493 3211 3564 τήνδε
3246 3492 3604 3563 νομοθεσίαν·
3646 3497 3746 3549 καὶ

2150 3585 2209 3637 οὑ
2241 3586 2406 3655 μόνον
2440 3584 2502 3636 rb
2531 3583 2789 3637 σύνθετον
2816 3584 3112 3655 πρόσωπον
3145 3583 3333 3647 κακῶς
3361 3585 3491 3654 ὑμῖν
3516 3585 3749 3655 ἀρκέσει

2150 3678 2231 3740 είς
2282 3677 2617 3740 ὑποστάσεις
2664 3677 2933 3748 διαιρεῖν,
2988 3676 3128 3731 ἀλλά
3159 3677 3257 3731 καὶ
3299 3677 3471 3747 αὐτὴν
3506 3677 3750 3747 ἑκάστην

2152 3768 2331 3841 ἀπλῆν
2361 3787 2422 3823 τε
2457 3770 2553 3824 καὶ¹
2588 3770 2764 3840 ίδικὴν
2795 3768 2958 3840 φύσιν
2985 3770 3153 3824 αὑτοῦ
3179 3786 3241 3823 τε
3272 3772 3368 3824 καὶ
3398 3771 3628 3835 παντὸς,
3667 3772 3752 3832 εἰς

2152 3859 2375 3913 πλείονα
2406 3860 2639 3930 ἀριθμὸν
2668 3860 3021 3925 ὑποστάσεις,
3055 3860 3157 3931 τὴν
3197 3860 3372 3931 ίδικὴν
3402 3859 3617 3914 Παύλου
3651 3861 3755 3929 μό-

2153 3967 2247 4003 νου
2281 3950 2446 4021 φύσιν
2478 3950 2911 4018 ἐπιδείκνυσθαι,
2939 3952 3033 4005 δύο
3064 3951 3163 4023 μὲν
3192 3952 3257 4004 ὲκ
3282 3951 3383 4022 τῆς
3406 3951 3549 4006 κατά
3568 3950 3753 4021 ψυχὴν

2154 4039 2391 4108 φύσεως,
2414 4041 2543 4112 τρία
2558 4041 2615 4093 δὲ
2632 4041 2794 4111 τυχὸν
2821 4041 2884 4094 ὲκ
2901 4041 3001 4111 τῆς
3017 4040 3163 4094 κατά
3192 4041 3351 4111 σῶμα
3378 4041 3752 4110 συναγόμενα.
3780 4048 3788 4058 ⁸

451 4147 637 4211 ειη-ειη
669 4134 789 4204 ejus
825 4141 883 4187 et
916 4130 1097 4186 omnis
1135 4131 1401 4203 cujusvis,
1438 4129 1493 4184 in
1519 4128 1906 4185 subsistentias
1930 4130 2121 4200 plures
2147 4148 2417 4201 numero;
2450 4134 2845 4205 particularcm
2873 4134 3047 4190 solius
3077 4134 3233 4190 Pauli
3270 4143 3525 4190 naturam
3556 4142 3755 4190 osten-

456 4226 609 4290 dere,
641 4225 858 4281 duobus
897 4233 1149 4280 constare
1190 4239 1259 4279 ex
1290 4230 1490 4277 natura
1522 4220 1817 4290 spirituali,
1860 4220 2037 4275 tribus
2070 4233 2257 4279 autem
2287 4240 2355 4281 ex
2385 4236 2583 4282 natura
2618 4225 2919 4295 corporali.

529 4320 599 4377 Et
626 4320 716 4374 illa
748 4318 974 4389 quidem
1007 4317 1089 4372 sic
1127 4315 1267 4370 ratio
1297 4313 1476 4384 arguit
1504 4328 1604 4367 vos
1639 4311 2051 4367 inconsiderate

458 4410 849 4485 proposuisse;
885 4409 1126 4465 mundus
1150 4414 1336 4461 autem
1366 4404 1546 4460 omnis
1572 4405 1679 4459 iste
1705 4411 1760 4457 et
1790 4404 2054 4474 pleraque

458 4518 653 4559 eorum
701 4518 825 4572 quae
871 4501 926 4555 in
963 4516 1030 4556 eo
1063 4507 1192 4555 sunt
1226 4497 1654 4553 discordantiam
1696 4504 1895 4551 vestra;
1928 4512 2054 4551 sen-

2230 4319 2341 4372 Καὶ
2388 4318 2560 4372 ταῦτα
2614 4319 2713 4389 μὲν
2758 4318 2932 4381 οὕτως
2983 4319 3011 4371 ό
3049 4317 3208 4386 λόγος
3261 4318 3408 4387 ὑμᾶς
3448 4317 3745 4390 ἀπελέγχει

2161 4408 2453 4477 προπετῶς
2479 4405 2961 4477 ἀποφηναμένους.
3002 4404 3060 4458 '0
3085 4404 3143 4457 δὲ
3173 4406 3377 4476 κόσμος
3401 4408 3548 4470 ἅπας
3568 4408 3758 4463 οὑτοσὶ

2163 4502 2256 4554 καὶ
2286 4499 2355 4552 τὰ
2385 4499 2613 4552 πλεῖστα
2639 4497 2748 4552 τῶν
2776 4499 2835 4551 ὲν
2856 4496 3006 4568 αὑτῷ
3027 4497 3090 4550 τὸ
3112 4495 3415 4551 ἀσύστατον
3435 4499 3536 4569 τῆς
3559 4499 3760 4568 ὑμετὲ-

463 4596 648 4650 tentia:
681 4594 863 4663 reipsa
894 4603 1083 4663 aperte
1113 4591 1505 4647 condemnant.
1540 4588 1597 4644 Si
1626 4605 1739 4643 non
1772 4596 1920 4643 esset
1944 4603 2040 4642 un:

2163 4609 2263 4663 ρας
2314 4591 2476 4660 δόξης
2531 4588 2836 4660 στηλιτεύει
2884 4566 3302 4661 τῷὴπράγματι
3347 4566 3500 4655 αὑτῷ
3544 4566 3757 4659 σαφῶς.

461 4686 794 4759 hypostasis,
819 4701 917 4741 seu
952 4700 1185 4756 persona
1218 4683 1454 4754 alicujus
1484 4681 1753 4751 corporis,
1790 4689 1923 4752 puta
1969 4698 2058 4736 ar-

464 4778 618 4834 boris
638 4793 706 4833 ex
731 4778 944 4832 naturis
967 4786 1206 4847 quatuor
1232 4776 1635 4831 elementorum
1658 4774 1925 4838 conflatm,
1955 4790 2060 4830 nec

466 4887 577 4928 una
620 4870 929 4942 hypostasis
975 4868 1108 4924 ferri
1158 4865 1468 4932 candentis,
1519 4882 1589 4921 ex
1631 4866 1801 4921 variis
1846 4866 2062 4921 naturis

461 4965 704 5039 junctis,
741 4979 849 5019 una
884 4962 1195 5036 hypostasis
1228 4959 1471 5015 hominis
1511 4958 1786 5013 variarum
1834 4968 2062 5014 natura-

468 5075 591 5114 rum
626 5059 931 5122 unitarum,
968 5071 1078 5111 una
1111 5051 1421 5126 hypostasis
1467 5051 1543 5122 (l)
1588 5051 1819 5122 hujusce
1851 5052 2062 5122 templi,

470 5170 579 5210 una
629 5150 941 5225 hypostasis
991 5147 1245 5211 remedii,
1295 5161 1405 5199 una
1454 5143 1766 5215 hypostasis
1814 5143 2063 5198 universi

2163 4684 2225 4736 Εί
2257 4684 2368 4753 γὰρ
2418 4682 2491 4753 μὴ
2527 4682 2628 4752 μία
2676 4682 2710 4752 ἡ
2744 4680 3047 4742 ὑπόστασίς
3085 4681 3236 4733 ἐστιν
3271 4682 3330 4733 ὲν
3360 4680 3497 4752 τῷδέ
3550 4700 3660 4736 τινι
3692 4684 3761 4736 ὲκ

2162 4774 2448 4844 τεσσάρων
2505 4773 2720 4842 φύσεων
2772 4772 3058 4843 στοιχείων
3116 4772 3331 4842 σώματι
3377 4773 3546 4842 φυτοῦ
3593 4774 3763 4844 τυχὸν

2165 4866 2596 4939 συγκροτηθέντι
2621 4906 2635 4931 ,
2698 4865 2796 4920 καὶ
2849 4866 2949 4936 μία
2984 4864 3286 4929 ὑπόστασις
3318 4864 3416 4920 τοῦ
3452 4867 3653 4938 μύδρου
3692 4870 3763 4923 ἐκ

2165 4960 2439 5030 διαφόρων
2467 4958 2683 5027 φύσεων
2712 4956 3168 5028 συμπλακεισῶν,
3204 4958 3301 5011 καὶ
3335 4960 3434 5029 μία
3459 4959 3764 5024 ὑπόστασις

2165 5048 2455 5120 ἀνθρώπου
2509 5051 2573 5102 ὲκ
2600 5047 2877 5119 διαφόρων
2909 5046 3130 5117 φύσεων
3162 5049 3496 5118 ήνωμένων,
3534 5048 3630 5101 καὶ
3661 5048 3763 5118 μία

2169 5141 2469 5204 ὑπόστασις
2523 5138 2679 5194 τοῦδε
2728 5138 2823 5192 τοῦ
2860 5137 3012 5203 ναοῦ,
3054 5142 3151 5193 καὶ
3192 5138 3292 5210 μία
3324 5138 3625 5202 ὑπόστασις
3662 5139 3769 5192 τοῦ

468 5248 636 5320 hujus
664 5244 855 5302 mundi
889 5260 957 5299 ex
992 5242 1159 5298 variis
1188 5238 1481 5297 elementis
1515 5238 1840 5303 constantis,
1871 5237 2036 5292 imme

2172 5232 2494 5305 φαρμάκου,
2529 5231 2626 5285 καὶ
2659 5230 2760 5301 μία
2788 5230 3093 5295 ὑπόστασις
3128 5229 3330 5293 παντὸς
3356 5229 3512 5283 τοῦδε
3542 5229 3637 5283 τοῦ
3668 5231 3764 5284 κό-

472 5342 581 5397 rito
626 5355 797 5395 unum
840 5338 1075 5392 dicimus
1118 5334 1422 5399 hominem,
1462 5332 1741 5397 arborem,
1776 5330 2066 5395 mundum,

2173 5342 2314 5396 σμου
2369 5327 2434 5379 ὲκ
2482 5324 2759 5395 διαφόρων
2804 5323 3022 5393 φύσεων
3071 5320 3409 5387 συνεστῶσα,
3445 5321 3635 5386 κακῶς
3662 5322 3765 5376 ἕνα

472 5441 569 5490 aut
600 5430 811 5504 aliquid
852 5428 1209 5501 praedictum;
1237 5426 1325 5483 vel
1370 5439 1635 5497 negamus
1656 5424 1814 5496 juxta
1843 5432 2040 5478 natura

2173 5418 2264 5473 τὸν
2297 5418 2585 5489 ἄνθρωπον
2647 5415 2680 5488 ἢ
2728 5417 2790 5471 rb
2834 5416 3001 5487 φυτὸν
3051 5415 3083 5485 ἢ
3131 5416 3224 5469 τὸν
3254 5415 3459 5485 κόσμον
3504 5415 3539 5484 ἦ
3571 5432 3624 5467 τι
3653 5415 3766 5470 τῶν

550 5571 630 5643 (l)
654 5570 730 5626 De
756 5567 1126 5643 his_vocibus,
1160 5566 1810 5643 substantia,_pers_ona_,
1866 5577 2067 5643 magna

474 5632 587 5713 fuit
612 5632 865 5713 quaestio:
889 5648 947 5695 et
983 5632 1317 5713 obscuritas,
1357 5637 1413 5691 in
1441 5632 1638 5707 primis
1673 5632 1930 5713 Ecclesia:

480 5702 648 5775 culis:
680 5710 956 5775 siquidem
986 5725 1096 5764 una
1120 5724 1229 5763 vox
1278 5708 1333 5762 in
1387 5702 1576 5775 partes
1622 5703 1932 5759 contrarias
1963 5702 2066 5756 ali-

483 5780 709 5851 quando
732 5777 1172 5851 discerpebatur,
1203 5793 1368 5851 v._g._
1393 5777 1695 5851 ὑπόστασις
1734 5788 1886 5851 nunc
1929 5787 2061 5843 per-

487 5845 648 5914 sona,
684 5866 836 5905 nunc
859 5845 1168 5905 substantia
1227 5845 1537 5901 dicebatur.
1594 5845 1756 5915 Apud
1804 5852 2060 5915 nostrum

492 5913 775 5975 auctOrem
807 5920 1107 5983 ὑπόστασις
1136 5917 1358 5975 videtur
1381 5916 1527 5972 idem
1548 5913 1671 5973 esse
1701 5931 1764 5971 ac
1813 5913 2060 5984 supposi-

2175 5571 2329 5628 tum;
2376 5560 2729 5616 individuum
2794 5556 3050 5630 designat
3102 5556 3220 5612 sive
3274 5555 3545 5630 rationale
3564 5593 3591 5630 ,_
3641 5553 3762 5609 sive

2169 5624 2323 5699 non;
2361 5631 2565 5701 saepius
2594 5640 2779 5687 tamen
2815 5624 3241 5700 per'personam
3288 5624 3629 5701 traducenda
3652 5633 3759 5701 est.

2168 5694 2326 5768 Quod
2389 5694 2571 5756 Latini
2622 5717 2731 5756 una
2780 5694 2915 5756 voce
2948 5694 3200 5769 'persona
3245 5696 3600 5769 exprimunt,
3656 5694 3767 5749 hoc

2165 5764 2342 5899 (graeci
2367 5772 2603 5840 duabus,
2635 5772 2933 5835 ὑπόστασις
2952 5764 3009 5825 et
3032 5764 3343 5841 πρόσωπον,
3364 5764 3572 5821 utalibi
3604 5772 3766 5820 nota»

2207 5852 2336 5899 ll-lll‘.

2207 5844 2336 5899 itur.
