4116 6482
425 464 562 532 1565

421 577 566 637 ειύτω
625 577 935 649 λεγομένων
999 578 1339 651 ὀνομάζομεν
1369 595 1383 610 '

420 671 531 724 τῶν
557 668 772 741 φύσεων
805 670 995 734 ποσὸν,
1023 672 1115 724 καὶ
1144 672 1236 724 τὸν
1265 671 1373 725 τῶν
1395 671 1752 727 ὑποστάσεων
1774 672 2010 743 ἀριθμὸν

425 761 789 824 πλεονάζοντα
818 763 995 831 ἴσμεν·
1028 762 1157 815 οὑδα
1167 761 1331 832 μόθεν
1352 762 1539 816 λοιπὸν
1557 764 1792 834 ἑχόντων
1814 761 2009 827 ἑνικῶς

425 855 928 927 προσαγορεύεσθαι
950 853 1058 909 τῶν
1080 856 1220 909 κατὰ
1239 855 1401 923 φύσιν
1421 856 1720 924 ὴνωμένων
1736 854 2006 908 ὁπωσοῦν*

422 948 555 1001 ὅπου
591 948 752 1016 ὑμεῖς
773 947 971 1000 ταυτὸν
1000 942 1139 1002 εἶναι
1168 949 1330 1016 φύσιν
1359 951 1455 1001 καὶ
1484 948 1780 1002 ὑπόστασιν
1811 947 2010 1000 πολλά-

423 1057 511 1103 κις
558 1038 813 1107 λέγοντες
838 1055 853 1069 ·
906 1038 1010 1093 κᾶν
1060 1040 1353 1110 διαφόρους
1390 1040 1528 1094 δῶτε
1558 1041 1655 1104 τὰς
1682 1040 2011 1103 ὑποστάσεις

421 1130 524 1200 τῆς
572 1130 735 1198 ἁγίας
782 1131 1039 1203 Τριάδος,
1095 1134 1314 1196 πάντως
1360 1133 1457 1187 καὶ
1503 1133 1602 1197 τάς
1647 1131 1871 1202 φύσεις,
1913 1130 2009 1184 καὶ

421 1224 471 1276 εί
502 1222 757 1289 πλείους,
797 1224 857 1287 ἐξ
888 1224 1134 1294 ἀνάγκης
1167 1223 1339 1287 τόσας
1374 1223 1467 1277 καὶ
1494 1224 1595 1287 τὰς
1619 1223 1808 1287 οὐσίας
1843 1216 2004 1274 εἷναι.

1030 1317 1284 1371 ΚΕΦΛΛ.
1323 1319 1423 1371 1Δ’.

503 1410 687 1478 Ἀλλά,
722 1411 922 1481 φασὶν,
982 1409 1092 1463 ἰδοὺ
1138 1411 1166 1463 6
1213 1408 1503 1479 ἄνθρωπος
1549 1407 1646 1463 δύο
1680 1409 1780 1479 μὲν
1813 1406 2009 1476 φύσεις

424 1502 561 1570 ἐστὶ,
600 1502 697 1574 μία
725 1502 781 1555 δὲ
808 1501 1136 1564 ὑπόστασις’
1183 1501 1278 1554 καὶ
1312 1499 1551 1571 φανερὸν
1585 1502 1649 1552 ὲκ
1677 1498 1892 1559 τούτου,
1925 1499 2005 1551 ὅτι

421 1593 645 1648 δυνατὸν
687 1594 746 1647 ὲν
794 1595 894 1665 μιᾷ
929 1592 1230 1647 ὑποστάσει
1264 1592 1358 1647 δύο
1389 1593 1584 1663 φύσεις
1612 1590 1775 1649 εἶναι.
1836 1592 2006 1646 Πάλιν

420 1688 676 1761 τερθρεία
703 1688 902 1758 λόγων,
940 1688 1102 1743 πάλιν
1136 1689 1284 1759 μάχη
1310 1688 1620 1758 δογμάτων,
1659 1687 1820 1741 πάλιν
1851 1688 2006 1739 ἐναν-

419 1783 601 1854 τιότης
657 1783 955 1856 ῥημάτων,
1016 1782 1112 1836 καὶ
1165 1781 1479 1851 σοφίσματα
1519 1780 1790 1851 προδήλου
1822 1778 2005 1849 ψυχῆς

418 1874 736 1947 ἀγνώμονος
761 1893 775 1907 ο
813 1877 904 1929 τὸν
937 1875 1099 1929 αὑτὸν
1122 1874 1412 1945 ἄνθρωπον
1446 1874 1540 1927 καὶ
1568 1872 1660 1927 δύο
1689 1872 1883 1942 φύσεις
1912 1871 2002 1925 λέ-

415 1933 595 2038 γουσι’,
632 1933 732 2023 καῖ
759 1970 890 2041 μίαν
919 1933 1242 2033 ὑπόστασινξ
1277 1968 1371 2021 καὶ
1397 1966 1561 2020 πάλιν
1587 1933 1844 2035 οὐδεμίαν
1863 1933 2000 2016 ὑπό⁸
2034 1933 2074 1990 Β

418 2078 610 2116 στασιν
634 2080 647 2094 ο
708 2063 802 2115 καὶ
854 2061 1114 2132 μακάριοι
1155 2057 1295 2132 ἦμεν
1331 2059 1625 2123 ἀκούοντες
1659 2058 1753 2112 δύο
1784 2056 2000 2124 φύσεις,

418 2155 550 2225 μίαν
579 2154 878 2207 ὑπόστασιν
902 2172 915 2188 ι
955 2155 988 2226 ἣ
1029 2155 1125 2207 νῦν
1157 2153 1537 2222 διδασκόμενοι
1565 2151 1747 2219 λέγειν
1781 2149 1873 2203 δύο
1900 2147 2003 2217 φύ-

418 2263 551 2309 σεις,
586 2245 843 2317 οὐδεμίαν
871 2247 925 2300 δὲ
959 2246 1277 2299 ὑπόστασιν.
1321 2245 1490 2297 Πάλιν
1517 2244 1627 2314 γάρ
1652 2242 1745 2295 τὸν
1766 2239 2002 2312 Χριστὸν

415 2337 635 2406 λέγουσι
664 2340 816 2410 τρεῖς
844 2337 1056 2406 φύσεις,
1085 2336 1297 2390 καὶδύο
1326 2334 1545 2405 φύσεις·
1582 2333 1678 2387 καὶ
1712 2334 1843 2403 μίαν
1871 2330 2003 2383 ὑπό-

420 2446 611 2482 στασιν
637 2430 712 2499 μὴ
738 2427 1189 2499 κατορθώσαντες
1212 2426 1418 2495 λέγειν,
1443 2426 1592 2495 τρεῖς
1618 2423 1719 2494 ήδη
1745 2420 2005 2491 δογματί-

416 2522 569 2587 ζουσι
622 2521 815 2590 φύσεις
873 2524 930 2574 ὲν
984 2520 1082 2591 μιᾷ
1130 2518 1459 2573 ὑποστάσει’
1506 2516 1601 2569 καὶ
1636 2515 1800 2569 άκουε
1831 2511 2003 2565 ταῦτα

413 2616 554 2680 πῶς.
601 2615 665 2668 Εἰ
699 2614 792 2668 δύο
822 2613 1039 2683 φύσεων
1073 2615 1101 2666 6
1131 2611 1441 2682 ἄνθρωπος,
1476 2610 1571 2662 καὶ
1607 2608 1734 2678 μιᾶς
1763 2604 2005 2659 ὑποστά-

416 2723 575 2772 σεως,
614 2704 875 2776 εἴληπται
907 2705 963 2759 δὲ
1000 2697 1156 2766 οὗτος
1206 2704 1300 2756 καὶ
1330 2702 1538 2773 ἥνωται
1568 2698 1646 2770 τῷ
1676 2698 1794 2768 Θεῴ
1823 2698 2002 2768 Λόγῳ,

412 2799 534 2865 πῶς
559 2799 623 2852 οὑ
648 2802 797 2870 τρεῖς
824 2799 1013 2867 φύσεις
1036 2799 1131 2851 δύο
1153 2796 1444 2865 ληφθεῖσαι
1466 2837 1480 2861 ,
1526 2795 1622 2864 μία
1646 2793 1702 2846 δὲ
1726 2790 2002 2857 λαϐοῦσας

413 2892 509 2945 καὶ
538 2890 655 2955 πῶς
687 2891 747 2944 οὑ
774 2889 870 2944 δύο
897 2890 1250 2953 ὑποστάσεις,
1285 2888 1319 2956 ἦ
1353 2904 1414 2939 τε
1447 2885 1689 2939 λαϐοῦσα
1724 2885 1820 2937 καὶ
1847 2886 1880 2951 ὴ
1908 2882 2005 2950 λη-

416 2983 650 3053 φθεῖσας
703 2984 765 3037 Εἰ
798 2984 855 3037 δέ
886 2983 978 3036 δύο
1007 2987 1225 3051 φύσεων
1254 2981 1283 3033 6
1311 2979 1552 3050 Χριστὸς
1588 2978 1681 3031 καὶ
1710 2977 1841 3047 μιᾶς
1867 2977 2001 3028 ὑπο-

417 3078 685 3141 στάσεως,
724 3079 841 3140 πῶς
871 3078 933 3130 οὑ
964 3077 1064 3146 μία
1091 3075 1251 3145 φύσις
1282 3076 1310 3127 ὀ
1337 3072 1660 3144 άνθρωπος;
1695 3069 1787 3124 καὶ
1813 3068 2006 3121 άνυπό-

418 3190 615 3237 στατος
665 3174 694 3227 6
743 3173 1063 3244 ἄνθρωπος,
1111 3172 1170 3225 ὃν
1204 3170 1296 3224 δύο
1330 3168 1522 3239 φύσεις
1554 3168 1740 3233 ἔλεγον
1772 3163 2000 3234 πρώηνς

1371 468 1771 532 ADVERSUS
1807 466 2359 530 NESTORIANOS.
2389 493 2458 503 -
2498 467 2645 529 LIB.
2686 467 2772 530 II.

1468 583 1566 635 καὶ
1628 581 1688 635 οὑ
1752 581 1896 635 κατὰ
1950 579 2004 632 τὶ]

2117 596 2409 635 numerum
2440 595 2801 650 personarum
2834 576 3211 647 multiplicari.
3244 576 3364 634 Una
3399 590 3533 632 voce
3560 577 3705 633 desi-

3565 466 3704 535 1566

2113 671 2268 742 gnari
2289 687 2353 726 ea
2372 685 2493 741 quae
2510 680 2711 726 natura
2732 669 2917 740 aliquo
2939 669 3103 723 modo
3129 668 3421 734 nniuntur,
3442 668 3705 739 deinceps

2111 764 2217 818 erit
2241 763 2468 817 omnino
2498 762 2866 833 impossibile,
2902 760 3207 832 praesertim
3239 776 3363 814 cum
3404 759 3549 813 idem
3582 775 3704 817 esse

2112 863 2365 909 naturam
2421 862 2584 924 atque
2631 868 2922 923 personam
2977 867 3120 922 saepe
3168 850 3444 905 dixeritis.
3493 849 3706 905 Sancta:

2112 945 2396 999 Trinitatis
2439 960 2703 1014 personas
2747 944 2790 997 si
2824 942 3207 1005 distinxeritis,
3238 950 3293 996 et
3328 949 3540 995 natura:
3583 954 3705 993 om-

2110 1038 2243 1092 nino
2288 1046 2450 1092 erunt
2500 1035 2922 1107 distinguendae,
2970 1034 3017 1089 si
3056 1032 3578 1103 multiplieaveritis,
3625 1031 3705 1086 sic

2108 1129 2423 1185 necessario
2454 1127 2885 1198 multiplicandae
2914 1134 2972 1181 et
3004 1136 3239 1181 naturae.

2741 1325 2896 1381 CAP.
2914 1325 3056 1381 XIV.

2181 1421 2290 1478 Sed
2319 1436 2524 1485 nonne,
2555 1418 2838 1489 inquiunt,
2870 1417 3011 1473 duas
3044 1426 3273 1472 naturas
3302 1424 3357 1470 et
3383 1431 3547 1469 unam
3574 1431 3702 1486 per-

2106 1528 2299 1570 sonam
2328 1515 2495 1569 homo
2528 1510 2737 1566 habet?
2766 1519 2822 1565 et
2852 1509 3053 1565 exinde
3077 1524 3259 1563 nonne
3288 1509 3345 1562 in
3374 1522 3483 1561 una
3509 1522 3702 1577 perso-

2106 1626 2176 1665 na
2215 1609 2353 1664 duas
2387 1617 2613 1663 naturas
2640 1605 2909 1661 exsistere
2944 1603 3211 1675 possibile
3236 1601 3699 1657 demonstratur?

2106 1700 2321 1754 Rursus
2355 1696 2614 1767 stupendi
2662 1710 2969 1757 sermones,
3019 1709 3215 1747 rursus
3272 1690 3551 1748 contraria
3598 1692 3671 1745 do

2104 1800 2306 1864 gmata,
2328 1805 2525 1845 rursus
2539 1788 2706 1843 verba
2724 1788 2998 1857 opposita,
3018 1801 3210 1841 rursus
3226 1785 3563 1855 sophismata
3584 1799 3707 1853 qua:

2105 1884 2353 1939 insanam
2386 1892 2625 1937 mentem
2658 1888 2916 1951 arguunt.
2948 1879 3217 1933 Eumdem
3248 1878 3529 1932 hominem
3556 1892 3706 1931 nunc

2104 1977 2338 2032 duarum
2352 1982 2544 2028 natura
2554 1988 2671 2026 rum
2685 1984 2739 2025 et
2755 1971 2916 2026 unius
2927 1984 3353 2041 personagnunc
3366 1968 3567 2023 nullius
3580 1983 3709 2038 per-

2105 2084 2255 2125 sona:
2273 2074 2543 2123 statuunt.
2561 2066 2911 2121 Laetabamur
2924 2079 3049 2119 cum
3074 2064 3213 2118 duas
3228 2071 3455 2117 naturas
3467 2071 3522 2117 et
3538 2077 3705 2117 unam

2105 2176 2400 2233 personam
2429 2158 2813 2222 audiebamus,
2846 2166 2902 2213 et
2920 2173 3070 2212 nunc
3087 2158 3225 2212 duas
3249 2166 3475 2211 naturas
3495 2166 3551 2211 et
3572 2157 3704 2211 nul-

2105 2251 2213 2303 lam
2237 2264 2528 2319 personam
2560 2247 2788 2303 credere
2820 2247 3103 2301 docemur.
3136 2247 3279 2301 Ecce
3313 2247 3461 2301 enim
3493 2247 3696 2300 iterum

2105 2341 2326 2398 Christo
2387 2350 2499 2396 tres
2563 2350 2811 2404 naturas,
2843 2348 2897 2395 et
2940 2340 3076 2394 duas
3110 2348 3342 2394 naturas
3398 2338 3698 2404 tribuunt;

2109 2434 2272 2504 inque
2292 2449 2400 2486 una
2425 2448 2660 2502 persona
2690 2430 3002 2485 conﬁtenda
3025 2446 3137 2484 non
3175 2438 3323 2483 recte
3346 2443 3707 2498 perseveran-

2108 2534 2211 2588 tes,
2242 2533 2353 2579 tres
2370 2532 2596 2577 naturas
2621 2522 2810 2577 dicunt
2831 2522 2887 2575 in
2910 2537 3019 2575 una
3065 2536 3323 2590 persona.
3340 2520 3448 2589 lpsi
3474 2521 3709 2574 audian-

2109 2621 2200 2668 tur
2237 2636 2248 2670 :
2291 2630 2420 2669 cum
2454 2613 2671 2667 duabus
2706 2613 2919 2667 naturis
2964 2620 3020 2667 et
3071 2627 3180 2666 una
3215 2626 3450 2681 persona
3492 2618 3709 2665 constet

2107 2706 2295 2770 homo,
2333 2705 2633 2775 quomodo,
2673 2714 2964 2774 postquam
3029 2710 3349 2774 assumptus
3397 2713 3455 2759 et
3516 2703 3706 2757 unitus

2107 2796 2212 2852 fuit
2249 2797 2431 2851 Verbo
2459 2797 2582 2861 Dei,
2619 2812 2731 2850 non
2783 2805 2899 2850 tres
2954 2804 3087 2849 sunt
3138 2804 3375 2860 naturaa,
3426 2795 3549 2849 dua:
3581 2810 3706 2864 quae

2107 2897 2488 2954 assumuntur,
2531 2888 2703 2943 altera
2761 2903 2885 2957 qua:
2925 2887 3201 2942 assumit?
3261 2888 3540 2957 quomodo
3589 2904 3704 2944 non

2107 2980 2231 3035 dum
2267 2995 2537 3050 personae,
2563 2979 2732 3033 altera
2761 2994 3070 3045 assumens,
3089 2988 3147 3032 et
3175 2979 3349 3032 altera
3374 2978 3702 3049 assumpta?

2107 3073 2205 3128 Vel
2234 3072 2277 3127 si
2314 3072 2530 3127 duabus
2550 3071 2765 3125 naturis
2796 3081 2852 3126 et
2883 3087 2990 3126 una
3038 3086 3274 3141 persona
3299 3079 3518 3125 constat
3544 3070 3704 3126 Chri-

2109 3174 2248 3227 stus,
2286 3179 2472 3217 nonne
2505 3178 2668 3217 unam
2698 3172 2952 3217 naturam
2988 3164 3155 3217 homo
3182 3163 3372 3225 habet,
3407 3173 3463 3216 et
3485 3171 3570 3217 est
3597 3162 3702 3215 im-

416 3266 530 3321 Καὶ
565 3267 649 3331 τίς
683 3266 897 3320 ὑποίσει
928 3265 1204 3335 τοσαύτην
1232 3262 1589 3333 ἐναντιότητα
1614 3255 2001 3329 δογματίζειν;

2111 3254 2441 3326 personalis,
2476 3269 2641 3323 quem
2675 3254 2842 3309 modo
2865 3254 3007 3309 duas
3030 3263 3259 3308 naturas
3296 3254 3502 3308 habere
3546 3254 3702 3308 dice-

489 3529 655 3583 Ἀλλά
677 3529 772 3583 καὶ
798 3528 927 3600 μίαν
954 3529 1051 3581 καὶ
1076 3526 1170 3581 δύο
1196 3525 1388 3595 φύσεις
1415 3520 1554 3578 εἶναι
1579 3523 1668 3577 τὸν
1692 3522 2002 3595 ἄνθρωπον,

418 3620 592 3692 ἑτέρῳ
626 3619 726 3691 μέν
757 3636 838 3672 τοι
872 3619 965 3670 καὶ
993 3617 1165 3687 ἑτέρῳ
1189 3615 1334 3685 λόγῳ
1366 3616 1425 3667 ὲν
1451 3617 1565 3679 τοῖς
1603 3614 1743 3685 πρὸς
1768 3616 1894 3677 τοὺς
1918 3613 2005 3667 λέ·-

416 3730 612 3782 γοντας
666 3711 835 3767 αὑτοῦ
896 3711 1026 3782 μίαν
1067 3705 1207 3762 εἶναι
1250 3708 1420 3779 μόνην
1453 3708 1553 3777 τὴν
1585 3707 1749 3776 φύσιν
1783 3706 2004 3760 ἀπεδεί-

420 3803 591 3876 ξαμεν
626 3804 725 3857 σὺν
756 3802 876 3873 Θεῷ
900 3818 913 3832 ⁸
972 3804 1067 3855 καὶ
1123 3800 1212 3853 ἴνα
1248 3799 1323 3870 μὴ
1355 3798 1579 3852 πλείονα
1609 3798 1739 3851 ὄντα
1769 3796 1838 3850 τά
1866 3796 2007 3850 αὑτὰ

418 3898 868 3969 παλιλλογῶμεν,
927 3895 1137 3949 ἔνεστιν
1172 3893 1384 3947 ἐκεῖθεν
1418 3891 1495 3962 τῷ
1529 3891 1841 3963 βουλομένῳ
1876 3891 2007 3962 περί

415 3992 570 4047 τοῦδε
596 3989 1083 4063 πληροφορεῖσθαι.
1100 3988 1365 4056 Λέγοντες
1382 3985 1474 4039 οῦν
1500 3988 1592 4038 ἐπὶ
1610 3984 1706 4039 τοῦ
1728 3985 2004 4038 Δεσπότου

416 4085 575 4158 ἡμῶν
607 4084 784 4155 Ἰησοῦ
814 4081 1055 4153 Χριστοῦ
1092 4079 1186 4133 δύο
1214 4079 1314 4141 τὰς
1345 4078 1563 4146 φύσεις,
1588 4077 1749 4148 δῆλον
1774 4077 1848 4139 ὡς
1873 4076 2004 4147 μίαν

413 4179 515 4248 τὴν
536 4177 633 4231 τοῦ
661 4173 952 4247 ἀνθρώπου
981 4172 1143 4243 φύσιν
1176 4175 1234 4225 ὲν
1260 4170 1410 4241 αὑτῷ
1442 4167 2004 4241 καταριθμοῦμεν,ώς

413 4271 591 4334 εἴδους
638 4268 964 4339 καινοτέρου
1012 4264 1317 4335 γενομένης
1362 4261 1543 4325 αίτίας
1572 4262 1670 4332 τῆς
1702 4259 2004 4322 συνθέσεως

412 4365 523 4417 τῶν
573 4364 632 4417 ὲν
674 4360 825 4432 αὐτῷ
868 4359 1106 4431 φύσεων.
1164 4356 1326 4411 Κατά
1369 4356 1572 4427 τρόπον
1604 4353 1697 4408 οὑν
1728 4354 1821 4407 καὶ
1842 4352 2002 4420 λόγον

413 4460 505 4511 τὸν
531 4457 631 4527 τῆς
662 4456 794 4527 μιᾶς
820 4453 1035 4523 φύσεως
1063 4450 1227 4506 αὑτοῦ
1256 4445 1816 4521 παραστατικὸν,⁴·μία
1841 4444 2002 4512 φύσις

412 4549 591 4605 τοῦδε.
646 4548 760 4620 Τὴν
806 4547 863 4601 δὲ
911 4546 1213 4600 ὑπόστασιν
1243 4542 1341 4597 τοῦ
1371 4539 1688 4613 ἀνθρώπου,
1721 4540 1815 4593 καὶ
1842 4539 2003 4609 ὑμεῖς

2109 3350 2306 3404 bamus
2328 3348 2351 3402 ?
2376 3346 2608 3401 Tantam
2640 3346 3070 3417 discrepantiam
3103 3347 3229 3417 quis
3257 3348 3508 3417 proliteri
3536 3347 3705 3402 susti-

2109 3442 2311 3497 nebit?

2181 3533 2404 3591 llomini
2455 3548 2734 3603 unamque
2783 3532 3033 3603 duasque
3087 3541 3316 3587 naturas
3379 3530 3702 3596 incsse,sed

2108 3644 2221 3683 non
2269 3627 2464 3682 eadem
2508 3627 2746 3692 ratione,
2780 3627 3053 3683 adversus
3080 3641 3176 3680 eos
3201 3626 3295 3697 qui
3325 3640 3491 3680 unam
3522 3625 3700 3680 solum

2108 3719 2431 3784 admittunt,
2463 3718 2575 3773 Deo
2607 3718 2924 3788 adjuvante,
2956 3719 3342 3789 probavimus.
3378 3720 3448 3773 Et
3477 3735 3548 3775 ne
3600 3734 3698 3774 ea—

2108 3812 2257 3879 dem,
2285 3817 2477 3880 utpote
2506 3810 2780 3881 longiora,
2814 3818 3130 3880 repetamus
3153 3851 3167 3875 ,
3200 3812 3405 3881 poterit
3463 3811 3701 3882 quicun-

2108 3919 2216 3974 que
2243 3902 2501 3969 voluerit,
2558 3902 2759 3957 exinde
2789 3901 2858 3957 de
2884 3902 2989 3957 hoc
3022 3903 3227 3958 certior
3252 3903 3389 3958 ﬁeri.
3419 3904 3523 3959 Ubi
3567 3920 3703 3975 ergo

2108 3995 2353 4049 diximus
2392 3994 2461 4049 de
2493 3995 2622 4049 Jesu
2647 3993 2873 4049 Christo
2904 3996 3139 4049 Domino
3184 4005 3373 4051 nostro
3411 3996 3549 4051 duas
3595 4011 3700 4050 na-

2110 4096 2264 4142 turas
2314 4102 2445 4141 eum
2494 4086 2724 4151 habere,
2775 4093 2926 4156 patet
2965 4087 3264 4141 humanam
3310 4099 3565 4142 naturam
3596 4103 3700 4158 pro

2110 4196 2217 4234 una
2251 4187 2525 4249 sumptam
2559 4177 2753 4242 fuisse,
2783 4177 2943 4247 quasi
2969 4177 3145 4233 forma
3180 4178 3443 4234 inusitata
3466 4188 3587 4233 orta
3614 4195 3700 4235 es-

2107 4279 2191 4327 set
2232 4285 2301 4325 ex
2332 4271 2537 4324 unione
2596 4280 2921 4324 naturarum
2961 4270 3017 4324 in
3064 4270 3186 4341 ipso
3221 4288 3234 4324 :
3265 4280 3321 4325 et
3362 4287 3473 4340 quo
3503 4286 3695 4337 sensu,

2106 4364 2314 4434 quibus
2345 4362 2536 4418 verbis
2571 4371 2769 4416 natura
2802 4364 2924 4434 ejus
2967 4379 3074 4417 una
3104 4364 3521 4419 monstrabatur
3546 4405 3561 4429 ,
3597 4378 3697 4418 eo-

2106 4454 2231 4509 dem
2257 4469 2405 4508 nunc
2450 4453 2658 4508 dicitur
2687 4470 2796 4508 una
2836 4464 3055 4509 natura.
3095 4456 3393 4510 Personam
3426 4470 3560 4510 vero
3591 4455 3697 4509 ho-

2107 4546 2274 4601 minis
2307 4560 2405 4601 vos
2454 4544 2582 4616 ipsi,
2619 4545 2676 4599 in
2722 4546 2903 4615 primo
2932 4546 3097 4617 hujus
3124 4556 3393 4603 tractatus
3424 4547 3695 4617 capitulo,

417 4643 517 4719 μὲν
571 4644 629 4697 ὲν
673 4641 754 4711 τῷ
798 4638 1002 4710 πρώτῳ
1058 4639 1158 4708 τῆς
1208 4635 1492 4708 παρούσης
1549 4632 1863 4695 ὑποθέσεως
1907 4646 2000 4683 κε-

2107 4655 2273 4693 unam
2329 4653 2450 4694 esse
2491 4654 2523 4693 e
2560 4637 2778 4693 duabus
2843 4640 3060 4694 naturis
3120 4639 3363 4695 confessi
3386 4640 3543 4704 estis,
3580 4639 3697 4709 qui,

412 4735 628 4807 φαλαίῳ
652 4776 668 4801 ,
729 4732 860 4804 μίαν
895 4748 955 4784 τε
989 4730 1082 4784 καὶ
1115 4731 1180 4782 ὲκ
1206 4728 1300 4781 δύο
1330 4726 1547 4797 φύσεων
1580 4723 1997 4795 ὡμολογήσατε,

412 4826 669 4897 λέγοντες
699 4823 836 4894 πρὸς
865 4822 1013 4893 ἡμᾶς
1045 4818 1175 4890 περὶ
1200 4818 1299 4888 τῆς
1331 4815 1423 4870 τοῦ
1452 4814 1725 4867 Δεσπότου
1758 4811 2000 4865 ὑποστά-

412 4936 552 4981 σεως
574 4960 590 4984 ,
640 4917 724 4971 ὅτι
768 4915 817 4967 εἰ
850 4912 925 4985 μὴ
954 4914 1022 4983 τῇ
1056 4908 1151 4964 τοῦ
1180 4908 1418 4979 Πατρὺς,
1455 4906 1592 4959 ἀλλὰ
1620 4909 1687 4978 τῇ
1716 4904 1811 4958 τοῦ
1836 4903 2002 4957 Δαϐίδ

411 5023 593 5081 φαμεν
620 5004 791 5074 αὐτὴν
815 5001 1129 5074 ὁμοούσιον,
1153 4998 1272 5062 πῶς
1300 5000 1364 5050 ὲκ
1387 4996 1483 5051 δύο
1507 4995 1723 5066 φύσεων
1749 4996 2001 5063 λέγοντες

411 5098 607 5169 αὐτὴν,
633 5098 734 5151 οὑκ
762 5099 827 5149 ὲκ
853 5095 1033 5165 ψυχῆς
1064 5093 1160 5147 καὶ
1189 5091 1442 5162 σώματος
1473 5089 1797 5143 συνεστάναι
1820 5087 2003 5159 βουλό-

413 5188 591 5260 μεθας
646 5186 884 5258 Τοιαύτη
935 5185 1046 5256 γάρ
1080 5186 1114 5254 ἡ
1146 5181 1237 5235 τοῦ
1274 5180 1440 5234 Δαϐίδ
1462 5194 1477 5210 ⁸
1532 5178 1676 5251 πλὴν
1717 5177 2002 5233 καὶτοῦτο

410 5283 542 5353 ὑμῖν
573 5279 1022 5352 συγκεχωρήσθω
1048 5294 1062 5307 ο
1104 5278 1155 5330 εί
1186 5279 1282 5353 καὶ
1312 5277 1374 5329 οὑ
1407 5274 1549 5329 κατὰ
1578 5273 1806 5344 γνώμην
1837 5274 1998 5337 τισὶν,

408 5350 546 5436 ἀλλὰ
598 5350 1106 5443 κατὰηοίκονομίαν
1157 5350 1253 5423 καὶ
1299 5368 1564 5441 πρόνοιάν
1610 5385 1731 5420 τινα
1781 5366 2001 5435 λέγεται

409 5466 676 5531 πολλάκις
698 5505 714 5529 ,
775 5465 850 5535 μὴ
896 5459 1339 5535 εὑμνημονοῦσιν
1369 5462 1427 5512 ὲν
1456 5456 1536 5529 τῷ
1561 5457 1859 5529 ψεύδεσθαι
1892 5457 2001 5509 τῶν

409 5558 833 5631 προειρημένων
864 5556 1049 5619 αὐτοῖς
1068 5595 1084 5620 ,
1136 5554 1223 5607 ἴνα
1256 5552 1435 5623 ἔχοιεν
1467 5550 1599 5622 παρ’
1628 5549 1840 5603 ἑαυτῶν
1870 5549 1999 5602 ἑπό-

414 5671 576 5726 μενον
628 5652 815 5716 αὐτοῖς
866 5650 959 5702 τὸν
1008 5649 1138 5703 ἴδιον
1185 5644 1429 5715 ἔλεγχον.
1474 5645 1670 5715 Ἡμεῖς
1712 5644 1769 5698 δὲ
1818 5643 1866 5696 εί
1908 5645 1999 5697 καὶ

411 5746 542 5817 μίαν
574 5747 738 5817 ῖσμεν
791 5743 885 5797 ἐπὶ
929 5740 1222 5813 ἀνθρώπου
1257 5738 1351 5792 τοῦ
1388 5738 1705 5792 καθέκαστα
1735 5737 1835 5808 τὴν
1867 5736 1999 5790 ὑπό.

410 5854 635 5905 στασιν,
683 5838 780 5892 καὶ¹
827 5835 922 5891 ἐπὶ
957 5837 1138 5907 πάσης
1171 5833 1365 5905 ἐτέρας
1392 5830 1746 5895 ὑποστάσεως
1779 5829 1999 5901 φύσεων

400 5930 788 6006 ’διωρισμένων
812 5971 826 5998 ,
878 5928 994 5986 ἀλλ’
1027 5928 1121 5983 οὖν
1154 5928 1244 5982 ἐπὶ
1267 5924 1361 5981 τοῦ
1392 5922 1467 5997 μὴ
1496 5924 1680 5992 ἁπλῶς
1707 5923 1964 5999 ἀνθρώπο

2106 4731 2267 4786 nobis
2297 4729 2614 4784 dicentibus
2648 4745 2942 4800 personam
2995 4731 3213 4785 Domini
3248 4730 3698 4785 consubstantia-

2103 4823 2213 4878 lem
2273 4838 2416 4888 esse,
2449 4823 2495 4878 si
2526 4838 2639 4877 non
2671 4823 2842 4888 Patri,
2879 4824 3074 4880 saltem
3127 4824 3347 4890 Davidi,
3378 4834 3435 4879 et
3480 4822 3697 4878 duabus

2104 4914 2320 4971 naturis
2371 4914 2688 4979 conﬂatam,
2744 4917 3077 4986 quaerebatis
3127 4917 3200 4971 ob
3246 4932 3412 4987 quam
3470 4932 3695 4972 causam

2104 5024 2225 5062 eam
2258 5006 2442 5061 anima
2470 5015 2527 5061 et
2568 5022 2803 5077 corpore
2846 5008 3105 5078 componi
3164 5023 3511 5078 negaremus.
3549 5008 3697 5063 Talis

2103 5098 2251 5153 enim
2281 5105 2401 5153 erat
2426 5097 2617 5152 David.
2646 5097 2805 5163 Quod
2842 5106 3027 5153 tamen
3056 5096 3213 5151 vobis
3240 5097 3311 5151 sit
3342 5111 3691 5161 concessum,

2105 5191 2235 5246 licet
2258 5191 2354 5245 ubi
2374 5189 2623 5259 quaadam
2645 5189 2713 5243 ad
2736 5189 3042 5255 hominem,
3062 5203 3188 5244 cum
3207 5188 3558 5258 praevisione,
3580 5204 3693 5242 non

2101 5285 2259 5354 justa
2316 5292 2557 5337 mentem
2606 5282 2890 5347 dicuntur,
2915 5283 3057 5335 male
3098 5288 3263 5351 agant
3297 5281 3392 5351 qui
3430 5280 3695 5350 praedicta

2104 5375 2286 5430 alieno
2350 5389 2516 5429 sensu
2562 5373 2823 5435 recitant,
2855 5373 3015 5443 quasi
3048 5373 3341 5442 personale
3398 5388 3694 5444 argumen-

2106 5473 2223 5520 tum
2251 5463 2398 5519 nacti
2431 5465 2537 5518 hoc
2567 5462 2802 5518 verbum
2826 5462 2933 5517 sibi
2958 5462 3189 5519 dictum.
3224 5464 3337 5520 Nos
3366 5473 3552 5519 autem
3581 5465 3694 5521 etsi

2106 5572 2271 5611 unam
2298 5571 2590 5626 personam
2621 5556 2824 5626 cuique
2875 5556 3186 5621 hominum,
3219 5568 3275 5612 et
3329 5558 3559 5614 cuilibet
3604 5559 3693 5614 in-

2104 5649 2333 5707 dividuo
2356 5649 2502 5704 inter
2533 5658 2767 5705 naturas
2805 5649 3097 5706 distinctas
3118 5667 3481 5722 agnoscamus
3509 5669 3523 5717 ;
3551 5661 3694 5707 atta-

2104 5759 2253 5809 men,
2277 5743 2323 5797 si
2356 5757 2446 5797 res
2468 5750 2554 5797 est
2584 5741 2653 5796 de
2700 5758 2811 5797 non
2845 5742 3070 5799 homine
3121 5760 3284 5815 puro,
3313 5744 3567 5809 Domino,
3592 5744 3688 5815 qui

2104 5849 2390 5908 nunquam
2451 5840 2741 5905 separatus
2777 5844 2863 5890 est
2902 5850 2933 5889 a
2977 5850 3214 5905 persona
3275 5834 3465 5899 Verbi,
3521 5837 3688 5908 hujus

2113 5928 2278 5985 unius
2313 5941 2603 5999 personam
2656 5941 2766 5983 non
2800 5941 2923 5983 esse
2949 5928 3343 6000 particularem
3365 5928 3685 5986 credimus:
