4116 6464
444 442 581 508 1567

1718 445 2028 506 LEONTII
2066 446 2472 508 BYZANTINI

3568 440 3707 508 1658

439 574 551 616 non
581 557 728 615 enim
780 558 836 612 in
879 559 1124 628 prOpria,
1158 558 1252 614 sed
1284 559 1340 613 in
1384 557 1551 613 Verbi
1576 574 1811 629 persona
1842 558 2024 613 subsi-

2137 560 2280 623 5ντος
2323 557 2417 611 τοῦ
2455 554 2738 628 Κυριακοῦ
2782 554 2874 609 τοῦ
2904 555 3005 625 τῆς
3033 554 3128 610 τοῦ
3153 554 3329 625 Λόγου
3356 554 3710 619 ὑποστάσεως

441 649 539 705 stit
568 649 635 703 ab
660 649 815 704 initio
842 649 1159 705 humanitas
1204 649 1510 705 Salvatoris
1543 666 1558 715 ;
1616 665 1796 719 neque
1845 648 2012 704 Verbi

440 757 676 813 persona
729 742 893 799 hodie
945 752 1033 798 est
1078 743 1255 799 solius
1300 743 1489 806 Verbi,
1519 742 1795 812 siquidem
1826 742 1882 796 in
1905 742 2021 812 ipsa

442 848 567 888 cum
597 834 941 890 humanitate
971 834 1211 889 Verbum
1241 836 1715 890 consubstantiale
1747 834 2019 901 subsistit,

441 936 567 998 post
597 928 1021 983 inenarrabilem
1052 930 1171 999 ejus
1203 928 1661 983 incarnationem.

2130 653 2207 723 μὴ
2228 648 2650 721 διακεκριμένου
2684 646 2838 712 ποτὲ,
2876 646 3137 717 οὐδεμίαν
3166 647 3326 717 ἴσμεν
3348 644 3514 703 αὑτοῦ
3539 644 3711 714 μόνου

2130 746 2305 813 ίδικὴν
2342 743 2507 797 οὖσαν
2551 742 2851 795 ὑπόστασιν
2872 758 2885 773 ·
2946 740 3041 794 xui
3072 740 3183 811 γὰρ
3210 741 3313 794 οὑκ
3341 740 3399 792 ὲν
3428 736 3707 811 ἰδιαζοὺσῃ

2129 835 2451 905 ὑποστῆναι,
2466 834 2580 888 ἀλλ’
2605 834 2664 887 ὲν
2687 836 2751 903 τῇ
2778 831 2873 887 τοῦ
2888 832 3060 901 Λόγου
3080 832 3378 885 ὑποστάσει
3402 829 3709 900 ὑφεπηκέο

2126 945 2218 985 ναι
2268 926 2329 980 τὸ
2370 924 2708 996 ἀνθρώπινόν
2756 941 2941 995 φαμεν
2982 923 3079 977 τοῦ
3109 924 3365 994 Σωτῆρος
3408 922 3470 989 ἐξ
3495 921 3704 993 ἀρχῆς’

442 1015 563 1071 οὐτε
618 1019 725 1089 μὴν
770 1019 960 1081 ἁπλῶς
1010 1018 1107 1090 τὴν
1137 1018 1232 1071 τοῦ
1264 1021 1443 1089 Λόγου
1475 1018 1570 1073 νῦν
1602 1020 1921 1084 ὑπόστασιν,
1959 1020 2035 1083 ὡς
2073 1018 2247 1087 Λόγου
2288 1018 2447 1089 μόνον
2475 1016 2642 1071 οὖσαν
2705 1017 3003 1071 ὑπόστασιν
3045 1018 3140 1071 νῦν
3207 1018 3430 1088 οἴδαμεν
3453 1032 3468 1047 ⁸
3523 1016 3713 1089 ἐπειδὴ

445 1110 542 1163 σὺν
576 1110 653 1181 τῷ
684 1111 1010 1184 ἀνθρωπίνῳ
1039 1112 1448 1185 συνυφίστηκεν
1479 1114 1538 1166 ὲν
1567 1114 1705 1184 αὑτῇ
1734 1114 1841 1166 τῶν
1872 1112 2176 1183 όμοουσίων
2207 1114 2236 1166 ό
2260 1112 2431 1181 Λόγος
2463 1111 2601 1181 μετὰ
2625 1111 2725 1181 τὴν
2752 1111 3035 1180 ἄφραστον
3061 1108 3227 1164 αὑτοῦ
3251 1109 3468 1164 ἕνωσιν.

513 1206 818 1277 Utriusque
850 1223 982 1279 ergo
1015 1225 1181 1264 unam
1230 1218 1287 1265 et
1341 1225 1689 1264 communem
1735 1225 2024 1279 personam

444 1300 790 1365 conﬁtemur,
823 1316 945 1369 quze
974 1302 1128 1371 prior
1174 1310 1295 1356 erat
1326 1302 1567 1355 humana
1611 1302 1938 1365 substantia,
1970 1310 2027 1357 et

444 1398 605 1446 antea
636 1393 862 1462 propria
892 1394 1060 1449 Verbi
1106 1404 1246 1459 erat,
1287 1396 1343 1450 in
1398 1396 1675 1450 communi
1720 1394 2026 1451 divinitatis

444 1484 720 1549 essentia;
772 1501 1003 1555 quaeque
1067 1486 1170 1540 sibi
1220 1494 1404 1541 creata
1461 1485 1702 1540 hominis
1752 1484 2028 1541 Dominici

446 1582 666 1639 natura,
698 1591 873 1645 eaque
903 1577 1241 1631 circumdata
1281 1585 1337 1632 et
1379 1585 1565 1647 aptata
1595 1577 1836 1647 propria:
1863 1584 2026 1631 natu-

448 1681 547 1732 rae,
583 1674 712 1721 tunc
743 1667 912 1736 coepit
938 1683 1059 1722 esse
1104 1679 1319 1724 natura:
1354 1684 1637 1739 corporeae
1670 1684 1930 1738 persona,
1963 1686 2032 1725 ex

448 1760 668 1829 propria
696 1761 1008 1816 communis
1036 1761 1175 1828 ﬁeri,
1208 1771 1265 1817 et
1299 1762 1589 1832 multiplex
1613 1761 1878 1818 substitit.
1909 1762 2031 1819 Non

446 1852 593 1906 enim
629 1851 794 1907 hodie
827 1852 972 1907 sicut
1002 1854 1157 1923 prius
1194 1854 1361 1909 Verbi
1396 1869 1631 1924 persona
1662 1870 1771 1908 una
1802 1853 2031 1908 notione

447 1941 692 2010 generati
722 1957 753 1995 a
789 1942 946 1996 Patre
978 1952 1034 1997 et
1067 1943 1275 2013 Spiritu
1312 1944 1692 2016 distinguitur,
1732 1945 1828 1999 sed
1859 1946 2028 2000 etiam
2060 1933 2102 1988 Β

446 2032 573 2101 quia
600 2032 854 2102 pluribus
878 2036 1091 2090 naturis
1113 2045 1347 2096 constat,
1379 2045 1436 2091 et
1460 2037 1896 2106 proprietatibus
1916 2037 2032 2091 sive

448 2123 793 2178 naturalibus
871 2126 987 2180 sive
1051 2129 1441 2195 personalibus
1504 2144 1701 2183 revera
1762 2127 2029 2183 abundat.

448 2214 737 2280 Quomodo
769 2233 900 2287 ergo
931 2218 1063 2272 huic
1094 2220 1266 2274 altera
1292 2236 1531 2290 persona
1562 2220 1805 2274 hominis
1840 2220 1934 2290 qui
1959 2220 2033 2274 si-

450 2322 519 2360 ne
575 2306 763 2362 divina
796 2309 961 2364 Verbi
1010 2326 1247 2381 persona
1280 2328 1559 2381 nunquam
1596 2311 1867 2375 substitit,
1896 2310 2035 2384 adji-

448 2398 678 2454 cietur?
712 2401 807 2455 Vel
842 2401 887 2457 si
932 2404 1086 2457 carni
1127 2420 1364 2473 persona
1404 2404 1725 2458 attribuitur
1780 2412 1907 2459 ante
1942 2420 2032 2459 as-

450 2490 845 2559 sumptionem,
872 2494 1018 2561 quod
1051 2508 1213 2546 nemo
1261 2495 1387 2563 pius
1420 2494 1698 2558 admittet,
1731 2494 2030 2564 quomodo,

450 2596 577 2635 cum
627 2592 911 2652 assumpta
959 2584 1150 2647 fuerit,
1185 2584 1238 2637 id
1285 2592 1391 2649 est,
1420 2601 1545 2639 cum
1609 2592 1954 2655 assumptum
1978 2593 2036 2640 et

453 2687 749 2727 assumens
779 2674 833 2727 in
865 2690 987 2729 sese
1039 2676 1277 2730 invicem
1308 2685 1590 2743 maneant,
1625 2676 1933 2732 remanebit
1979 2676 2034 2731 in

451 2764 587 2834 ipsis
635 2773 693 2820 et
749 2766 1051 2820 salvabitur
1110 2768 1551 2838 uniuscujusque
1629 2766 1916 2821 distinctio
1963 2766 2034 2821 ab

449 2856 667 2911 altero?
692 2857 747 2911 in
773 2873 883 2927 quo
905 2859 1161 2913 consistit
1186 2859 1511 2914 distinctio?
1542 2861 1710 2914 Recte
1731 2874 1865 2930 ergo
1880 2860 1898 2927 j
1914 2857 2036 2913 udi-

451 2948 688 3002 candum
734 2958 819 3003 est
873 2950 1040 3005 Verbi
1093 2961 1347 3005 naturam
1378 2966 1497 3007 esse
1526 2966 1874 3006 communem
1909 2966 2035 3005 cum

450 3036 611 3091 Patre
637 3044 693 3092 et
725 3037 954 3107 Spiritu,
988 3055 1283 3109 personam
1311 3056 1446 3095 vero
1489 3056 1610 3097 esse
1642 3041 2035 3111 particularem

449 3138 640 3183 contra
667 3131 906 3195 Patrem,
941 3130 1206 3201 Spiritum
1230 3141 1287 3188 et
1325 3133 1614 3188 universos
1654 3133 1909 3188 homines
1938 3134 2034 3203 qui

450 3224 519 3277 de
551 3223 708 3278 beata
734 3224 959 3296 Virgine
986 3226 1100 3280 nati
1137 3241 1247 3280 non
1274 3235 1429 3292 sunt,
1460 3235 1626 3297 atque
1679 3226 1773 3280 uni
1821 3226 1973 3281 carni
2005 3242 2035 3281 a

453 3316 637 3371 Verbo
657 3316 725 3371 de
756 3316 930 3371 Matre
960 3318 1056 3373 Dei
1089 3326 1390 3387 assumpta:
1415 3333 1765 3373 communem
1798 3328 1895 3385 ;et
1919 3334 2037 3373 rur-

452 3422 548 3461 sus
574 3407 740 3477 hujus
773 3409 959 3463 carnis
991 3409 1058 3464 de
1090 3410 1251 3465 beata
1277 3410 1499 3481 Virgine
1522 3419 1775 3465 naturam
1831 3420 2036 3466 nostrae

450 3499 689 3556 similem
721 3515 1073 3556 communem
1107 3518 1230 3558 esse
1264 3518 1392 3557 cum
1428 3502 1689 3559 omnibus
1714 3503 1844 3558 ﬁliis
1870 3502 2035 3570 Adze,

451 3599 507 3643 et
529 3605 823 3659 personam
874 3592 1290 3662 particularem,
1333 3595 1377 3649 si
1408 3596 1573 3650 nobis
1617 3595 1705 3651 vel
1734 3595 1906 3658 Patri,
1947 3596 2033 3650 vel

452 3680 685 3751 Spiritui
719 3693 1104 3755 componatur,
1137 3701 1602 3756 communemque
1664 3687 1760 3742 uni
1830 3687 2034 3743 Verbo.

451 3774 607 3830 lianc
659 3785 826 3831 rectae
878 3775 1007 3831 ﬁdei
1046 3778 1290 3848 regulam
1315 3794 1345 3833 a
1376 3779 1651 3850 theologis
1699 3779 2035 3850 accepimus.

446 3866 622 3924 Nobis
663 3882 830 3921 unam
884 3884 1175 3938 personam
1206 3877 1261 3925 et
1289 3869 1427 3925 duas
1472 3878 1699 3925 naturas
1726 3870 1781 3924 in
1813 3870 2039 3927 homine

450 3958 579 4012 etin
600 3957 821 4013 Christo
865 3968 1011 4015 recte
1030 3961 1428 4031 judicantibus,
1458 3978 1558 4017 vos
1599 3962 1757 4017 vobis
1810 3962 2039 4019 minime

450 4050 765 4105 consentire
787 4051 881 4106 Dei
913 4054 1088 4124 gratia
1111 4054 1461 4120 ostendetur,
1502 4064 1794 4125 postquam
1827 4054 1896 4109 ad
1920 4054 2038 4110 sin-

451 4144 606 4212 gulas
630 4150 843 4201 vestras
868 4146 1186 4203 molitiones
1218 4162 1549 4218 responsum
1583 4146 1770 4202 fuerit.
1802 4147 1871 4202 Et
1926 4147 2037 4218 jam

452 4234 678 4304 quidem
703 4236 1055 4305 probandum
1088 4247 1173 4294 est
1198 4255 1298 4294 vos
1321 4255 1433 4294 non
1459 4238 1626 4294 modo
1649 4256 1813 4295 unam
1842 4255 2038 4311 perso-

452 4341 578 4380 nam
608 4327 907 4383 humanam
940 4329 1037 4384 sed
1075 4330 1244 4385 etiam
1271 4346 1437 4385 unam
1470 4338 1751 4396 naturam,
1787 4339 1848 4385 ut
1872 4331 2042 4402 Euty-

451 4417 655 4483 chiani,
683 4419 813 4475 huic
843 4420 1030 4477 Verbo
1062 4421 1403 4492 adjudicare.
1449 4421 1669 4477 Etenim
1698 4422 1768 4488 si,
1805 4432 1865 4478 ut
1901 4422 2040 4477 duas

452 4523 744 4579 personas,
773 4509 912 4565 duas
939 4519 1166 4567 naturas
1201 4511 1423 4568 Christo
1443 4510 1607 4577 datis,
1640 4512 1782 4568 nihil
1802 4512 2041 4584 amplius

452 4599 511 4654 in
538 4608 771 4670 utraque
795 4602 1220 4672 conspicientes,
1249 4613 1306 4659 et
1331 4604 1612 4660 Christum
1639 4605 1816 4661 Deum
1838 4615 1895 4662 et
1925 4607 2029 4659 ho-

2216 1208 2570 1279 Ἀμφοτέρων
2600 1207 2693 1261 οὑν
2727 1208 2858 1279 μίαν
2887 1206 3047 1274 ῐσμεν
3078 1204 3174 1259 καὶ
3201 1204 3301 1274 τὴν
3328 1204 3500 1274 αὐτὴν
3529 1204 3717 1276 κοινὴν

2133 1302 2300 1358 οὖσαν
2332 1303 2633 1356 ὑπόστασιν
2659 1341 2673 1365 ,
2723 1302 2757 1371 ἡ
2793 1297 3113 1371 προῦπῆρξε
3144 1297 3246 1367 μὲν
3274 1296 3373 1367 τῆς
3397 1296 3589 1359 οὐσίας
3617 1297 3715 1350 τοῦ

2134 1396 2448 1468 ἀνθρώπου,
2488 1396 2629 1465 ίδικὴ
2654 1393 2787 1448 οὐσα
2815 1392 2875 1446 τὸ
2907 1392 3039 1461 πρὶν
3062 1390 3158 1445 τοῦ
3183 1390 3356 1459 Λόγου
3382 1392 3440 1445 ὲν
3469 1393 3538 1461 τῇ
3559 1393 3713 1461 κοινῇ

2131 1492 2231 1560 τῆς
2260 1488 2513 1560 θεότητος
2540 1487 2699 1558 οὐσίᾳ
2721 1501 2734 1514 ·
2768 1484 2868 1555 τὴν
2895 1484 2952 1537 δὲ
2980 1483 3074 1537 τοῦ
3099 1480 3384 1554 Κυριακοῦ
3415 1481 3714 1552 ἀνθρώπου

2134 1581 2298 1651 φύσιν
2349 1579 2802 1651 δημιουργήσασα
2850 1577 3059 1647 ἑαυτῇ,
3112 1576 3209 1630 xui
3259 1573 3718 1647 περιπτυξαμένη

2135 1678 2230 1729 xui
2278 1674 2567 1744 συνάψασα
2613 1675 2679 1745 τῇ
2728 1672 2835 1744 ἰδίᾳ
2872 1672 2932 1725 ὲν
2962 1670 3101 1742 αὐτῇ
3131 1669 3291 1739 φύσει
3312 1711 3328 1735 ,
3370 1669 3488 1740 ἅμα
3513 1667 3593 1738 τῷ
3622 1667 3722 1721 καὶ

2135 1768 2233 1836 τῆς
2264 1766 2481 1838 φύσεως
2511 1767 2611 1835 τῆς
2639 1766 2842 1836 σαρκὸς
2873 1760 3013 1817 εἶναι
3043 1763 3378 1827 ὑπόστασις,
3426 1761 3521 1815 xui
3560 1760 3720 1831 κοινὴ

2138 1853 2279 1910 εἶναι
2325 1859 2461 1927 αὐτῇ
2514 1854 2573 1921 ἐξ
2619 1854 2794 1924 ίδικῆς
2824 1855 3028 1925 ἤρξατο
3063 1854 3161 1906 xui
3190 1852 3556 1922 ποικιλωτέρα
3587 1869 3687 1906 συν

2134 1952 2386 2022 ἔστηκεν·
2425 1950 2486 2003 οὐ
2514 1948 2625 2018 γὰρ
2653 1947 2719 2018 δὴ
2752 1947 2899 2017 μόνῳ
2928 1945 3025 2000 νῦν
3053 1947 3129 2008 ὡς
3152 1945 3345 2018 πρώην
3369 1948 3401 2017 ἠ
3426 1945 3519 1998 τοῦ
3540 1946 3721 2012 Λόγου

2136 2043 2432 2103 ὑπόστασις
2482 2038 2732 2109 ἰδιώματι
2780 2038 2859 2109 τῷ
2897 2038 3142 2109 γεννητῷ
3183 2038 3247 2092 ἐκ
3276 2055 3335 2091 τε
3376 2036 3472 2091 τοῦ
3505 2036 3722 2106 Πατρὸς

2134 2133 2231 2187 xui
2276 2131 2369 2185 τοῦ
2420 2131 2739 2202 Πνεὺματος
2785 2130 3159 2200 διακρίνεται,
3213 2128 3351 2182 ἀλλά
3394 2127 3491 2181 xui
3539 2126 3619 2197 τῷ
3655 2128 3723 2182 ὲκ

2135 2222 2401 2277 πλειόνων
2444 2222 2616 2293 αὐτὴν
2660 2217 2801 2274 εἶναι
2834 2220 3050 2289 φύσεων
3083 2220 3178 2273 καὶ
3208 2219 3458 2290 φυσικῶν
3490 2218 3723 2288 ἰδιωμά-

2134 2332 2244 2369 των
2277 2316 2373 2369 xui
2400 2312 2774 2387 προσωπικῶν
2806 2312 3010 2384 δηλαδὴ
3039 2312 3447 2384 περισσότερον·
3481 2309 3601 2375 πῶς
3625 2303 3737 2365 οῦν,

2136 2407 2437 2470 ὑπόστασις
2478 2406 2571 2460 τοῦ
2607 2404 2682 2477 μὴ
2709 2405 3045 2468 ὑποστάντος
3073 2404 3204 2457 ποτε
3236 2402 3394 2466 ἐκτὸς
3423 2403 3593 2472 αὐτῆς
3616 2405 3723 2473 τῆς

2135 2501 2229 2554 τοῦ
2254 2500 2397 2553 θείου
2410 2500 2585 2568 Λόγου
2611 2497 2963 2558 ὑποστάσεως
2987 2496 3211 2568 συναριθ
3222 2497 3528 2567 μηθήσεται
3545 2496 3719 2567 αὐτῇς

2136 2592 2201 2646 Εἰ
2230 2593 2286 2647 δὲ
2314 2593 2407 2647 xui
2437 2589 2505 2663 ἦν
2533 2592 2834 2654 ὑπόστασις
2863 2592 2928 2661 τῇ
2959 2590 3125 2661 σαρκὶ
3151 2589 3260 2661 πρὸ
3280 2590 3380 2659 τῆς
3402 2589 3722 2659 συλλήψεως

2136 2684 2331 2755 αὐτῆς,
2366 2686 2504 2755 ὅπερ
2535 2682 2712 2747 οὐδεὶς
2745 2682 2984 2747 εὐσεϐῶς
3016 2684 3162 2753 ἐρεῖ,
3196 2683 3315 2746 πῶς
3361 2682 3499 2753 μετὰ
3532 2682 3595 2735 τὸ
3621 2681 3734 2753 iuvre

2138 2778 2338 2848 φθῆναι
2358 2819 2373 2842 ,
2414 2777 2581 2847 ἤγουν
2616 2777 2673 2829 ἐν
2702 2774 2955 2846 ἀλλήλοις
2988 2777 3170 2845 μεῖναι
3213 2775 3273 2827 τό
3300 2791 3365 2827 τε
3389 2774 3593 2845 ληφθὲν
3624 2775 3724 2829 xu".

2135 2865 2197 2919 τὸ
2245 2863 2443 2925 λαϐὸν,
2494 2865 2837 2933 παραμένειν
2886 2866 2945 2918 ὲν
2986 2864 3169 2929 αὐτοῖς
3205 2863 3448 2930 δύναται,
3481 2864 3577 2919 xui
3608 2866 3721 2918 σῶ-

2138 2956 2327 3021 ζεσθαι
2361 2956 2457 3009 ἀπ’
2491 2956 2739 3025 ἀλλήλων
2778 2956 3043 3025 ἐκατέρου
3079 2957 3382 3024 διάστασις,
3418 2957 3558 3029 ὅπερ
3588 2974 3721 3011 συν-

2142 3049 2323 3120 ίστησι
2375 3050 2473 3119 τὴν
2524 3049 2866 3114 ὑπόστασιν;
2926 3042 3137 3103 Οὐκοῦν
3167 3049 3343 3119 ὀρθῶς
3373 3050 3571 3104 εἰδέναι
3600 3050 3731 3105 δέου.

2138 3140 2231 3194 τοῦ
2282 3140 2380 3211 μὲν
2418 3140 2593 3209 Λόγου
2645 3140 2831 3208 κοινὴν
2877 3139 2975 3211 τὴν
3019 3139 3181 3209 φύσιν
3214 3140 3353 3212 πρὸς
3378 3141 3472 3193 τὸν
3499 3141 3730 3212 Πατέρα

2140 3233 2234 3287 xui
2264 3232 2327 3286 τδ
2351 3232 2599 3302 Πνεῦμα·
2627 3230 2726 3302 τὴν
2753 3232 2809 3285 δὲ
2837 3232 3133 3287 ὑπόστασιν
3166 3232 3341 3302 ἰδικὴν
3366 3232 3464 3303 μὲν
3486 3233 3563 3298 ὡς
3585 3234 3727 3305 πρός

2138 3341 2198 3377 τε
2230 3324 2320 3378 τὸν
2350 3323 2570 3390 Πατέρα
2599 3323 2696 3376 xui
2724 3323 2785 3376 τὸ
2812 3323 3037 3392 Πνεῦμα
3075 3325 3167 3377 καὶ
3198 3323 3335 3395 πρὸς
3358 3323 3567 3388 πάντας
3591 3322 3727 3388 τοὺς

2146 3410 2220 3483 μὴ
2276 3412 2338 3463 ὲκ
2384 3411 2483 3480 τῆς
2535 3410 2695 3479 ἁγίας
2738 3410 3020 3480 Παρθένου
3065 3412 3421 3484 ἀνθρώπους,
3472 3413 3634 3483 μόνον
3663 3413 3730 3467 δε

2142 3500 2325 3571 κοινὴν
2345 3500 2419 3561 ὡς
2437 3499 2573 3570 πρὸς
2599 3500 2696 3570 τὴν
2714 3502 2778 3553 ὲκ
2800 3500 2899 3568 τῆς
2921 3501 3186 3555 Θεοτόκου
3212 3501 3511 3572 ὶηφθεέσαν
3528 3502 3609 3572 τῷ
3627 3504 3730 3557 A6-

2140 3609 2224 3663 γῳ
2255 3592 2433 3663 σάρκα
2455 3609 2468 3623 °
2520 3591 2617 3646 xui
2647 3591 2818 3662 αὐτὴν
2844 3590 2901 3644 δὲ
2928 3592 3196 3647 ἀνάπαλιν
3220 3592 3321 3664 τὴν
3347 3595 3411 3647 ὲκ
3434 3594 3533 3663 τῆς
3560 3593 3731 3661 ἁγίας

2142 3686 2418 3756 Παρθένου
2453 3686 2630 3758 σάρκα
2649 3727 2664 3752 ,
2701 3686 2799 3758 τὴν
2835 3685 2936 3755 μὲν
2965 3685 3126 3754 φύσιν
3154 3686 3299 3740 κατὰ
3322 3685 3421 3755 τὴν
3445 3686 3731 3756 ἡμετέραν

2140 3778 2453 3841 κοινωνίαν,
2488 3777 2676 3848 κοινὴν
2703 3777 2848 3847 ἔχειν
2877 3776 3015 3846 πρὸς
3040 3776 3249 3840 πάντας
3280 3777 3405 3839 τοὺς
3434 3776 3493 3840 ἐξ
3530 3775 3729 3845 Ἀδὰμ,

2138 3869 2238 3941 τὴν
2266 3870 2325 3924 δὲ
2356 3870 2653 3924 ὑπόστασιν
2687 3868 2858 3940 ίδικὴν
2887 3869 3025 3940 πρός
3051 3886 3109 3922 τε
3140 3870 3289 3939 ἡμᾶς
3318 3868 3412 3922 καὶ
3436 3867 3526 3921 τὸν
3550 3865 3735 3920 Πατὲε

2144 3981 2217 4034 ρα
2244 3961 2338 4017 xui
2363 3962 2424 4015 τὸ
2449 3962 2698 4032 Πνεῦμα,
2734 3960 2871 4032 πρὸς
2900 3960 2957 4013 δὲ
2985 3960 3075 4014 τὸν
3105 3960 3275 4028 Λόγον
3307 3960 3470 4029 μόνον
3498 3960 3691 4029 κοινήν
3712 3975 3730 3992 ο

2140 4046 2296 4117 οὗτος
2333 4053 2444 4125 γὰρ
2480 4051 2660 4107 κανὼν
2696 4050 3006 4122 ὀρθοδοξίας
3032 4053 3167 4121 ἡμῖν
3196 4049 3285 4104 διὰ
3312 4051 3421 4103 τῶν
3446 4050 3733 4121 θεηγόρων

2142 4144 2521 4216 παραδέδοται.
2558 4146 2683 4198 Ὅτι
2707 4144 2765 4197 δὲ
2794 4142 2952 4213 ἡμῶν
2981 4144 3081 4212 μὲν
3110 4142 3241 4211 μίαν
3269 4143 3592 4206 ὑπόστασιν,
3631 4141 3734 4196 δύο

2139 4235 2198 4289 δὲ
2237 4237 2430 4304 φύσεις
2482 4235 2541 4289 ἔν
2578 4253 2638 4288 τε
2678 4232 2757 4304 τῷ
2789 4233 3060 4306 ἀνθρώπῳ
3089 4239 3185 4287 xui
3213 4235 3272 4287 ὲν
3295 4233 3521 4305 Χριστῷ
3549 4232 3734 4303 ὀρθῶς

2140 4326 2406 4395 λεγόντων
2436 4327 2593 4398 ὑμεῖς
2619 4326 2740 4379 λίαν
2766 4325 3097 4397 ἀσυμϐάτως
3128 4325 3282 4395 ἔχετε
3312 4325 3560 4390 ἑαυτοῖς,
3598 4324 3732 4393 ἑξῆς

2143 4418 2241 4472 σὺν
2279 4416 2398 4489 Θεῷ
2443 4418 2822 4488 δειχθήσεται,
2884 4415 3023 4488 μετὰ
3056 4415 3118 4470 τὸ
3151 4414 3554 4487 ἀποκρίνασθαι
3588 4414 3731 4488 προς

2140 4510 2239 4573 τὰς
2288 4510 2417 4582 περὶ
2454 4509 2645 4563 τούτου
2685 4508 2842 4580 ὑμῶν
2877 4509 3058 4573 πάσας
3089 4508 3453 4571 κατασκευάς.
3504 4505 3733 4577 Πρῶτον

2142 4602 2200 4656 δὲ
2243 4601 2383 4666 τέως
2424 4603 2558 4673 ἡμῖν
2597 4601 2862 4666 δεικτέον,
2897 4600 2974 4663 ὡς
3004 4600 3098 4653 xui
3123 4600 3282 4669 ὑμεῖς
3309 4598 3371 4651 οὑ
3401 4597 3561 4670 μόνον
3595 4596 3741 4667 μίαν.

452 4689 657 4745 minem
686 4690 946 4755 confessi,
965 4692 1054 4746 vel
1086 4692 1301 4747 homini
1324 4693 1382 4748 in
1412 4692 1532 4763 ipso
1562 4691 1701 4748 duas
1722 4700 1952 4747 naturas
1973 4701 2029 4747 et

2141 4692 2443 4747 ὑπόστασιν
2470 4692 2561 4745 τὸν
2592 4691 2901 4760 ἄνθρωπον,
2933 4690 3070 4744 ἀλλὰ
3098 4690 3194 4743 xui
3228 4689 3361 4759 μίαν
3390 4689 3553 4757 φύσιν
3585 4689 3734 4747 κατά

456 4780 591 4837 :luas
616 4782 1239 4850 personasattribuitis,
1263 4791 1319 4840 et
1339 4799 1371 4838 a
1408 4783 1594 4840 Verbo
1619 4799 1841 4839 omnem
1873 4792 2035 4838 natu-

453 4890 569 4929 ram
593 4882 649 4929 et
667 4890 957 4945 personam
975 4877 1245 4942 adimitis,
1277 4877 1535 4949 illudque
1561 4878 1681 4934 sine
1704 4877 2036 4945 substantia,

453 4970 572 5025 sine
622 4984 857 5039 persona
885 4971 1174 5037 scribitis;
1212 4971 1301 5025 vel
1324 4969 1488 5025 etiam
1506 4970 1689 5027 Verbo
1722 4986 1885 5025 unam
1912 4987 2039 5041 per-

453 5077 643 5116 sonam
659 5078 937 5132 unamque
948 5071 1223 5129 naturam,
1240 5062 1546 5129 etihomini,
1562 5078 1674 5118 non
1692 5078 1857 5117 unam
1874 5062 2040 5117 modo

390 5184 392 5186 τ
452 5166 767 5221 personam,
810 5151 905 5207 sed
952 5161 1209 5208 naturam
1240 5152 1463 5224 quidem
1512 5168 1679 5209 unam
1738 5152 2034 5208 manifeste

452 5242 811 5301 adscribitis:
842 5245 937 5299 ubi
969 5260 1103 5315 ergo
1143 5254 1201 5301 et
1251 5246 1412 5317 cujus
1445 5252 1531 5301 est
1555 5260 1759 5323 sermo
1805 5253 2036 5315 stupen-

455 5334 582 5399 dus,
637 5336 808 5391 verba
854 5337 1183 5407 pugnantia,
1214 5344 1271 5391 et
1301 5336 1769 5400 contradictoria,
1790 5343 1849 5391 et
1880 5335 2042 5406 quid-

455 5426 589 5495 quid
615 5442 741 5483 eum
773 5429 1021 5501 emphasi
1060 5428 1455 5484 declamabatis
1482 5429 1506 5482 ?

2137 4786 2265 4849 τούς
2294 4785 2401 4839 ἀπὸ
2429 4784 2703 4855 Εὐτυχοῦς
2735 4801 2872 4855 φατε
2904 4782 3081 4854 τούτῳ
3112 4800 3175 4852 γε
3206 4782 3285 4853 τῷ
3312 4782 3493 4853 Λόγῳ.
3529 4783 3592 4835 Ei
3618 4782 3734 4854 γὰρ

2140 4878 2405 4940 ὡσαύτως
2447 4879 2568 4941 ταῖς
2607 4876 2941 4930 ὑποστάσεσι
2991 4874 3085 4928 δύο
3130 4875 3357 4938 καὶτὰς
3390 4875 3582 4945 φύσεις
3632 4876 3735 4929 ἐπὶ

2142 4967 2379 5041 Χριστοῦ
2426 4984 2564 5038 φατε
2590 5007 2605 5031 ,
2661 4967 2815 5021 οὐδὲν
2856 4968 3061 5020 τούτων
3096 4968 3153 5018 ὲν
3182 4966 3401 5036 θατέρῳ
3432 4965 3734 5029 πλεονάζον

2142 5062 2415 5134 ὁρῶντες,
2466 5062 2557 5115 τὸν
2592 5060 2829 5130 Χριστὸν
2879 5059 2994 5113 ἴστε
3030 5060 3164 5113 Θεὸν
3194 5060 3291 5113 xui
3318 5058 3639 5129 ἄνθρωπον·
3694 5058 3731 5127 ἢ

2141 5153 2239 5209 τοῦ
2270 5153 2564 5226 ἀνθρώπου
2612 5154 2703 5206 τοῦ
2746 5154 2803 5206 ἐν
2834 5152 2982 5223 αὐτῷ
3015 5153 3110 5206 δύο
3136 5152 3252 5205 ἴστε
3280 5152 3381 5216 τὰς
3407 5151 3600 5220 φύσεις
3634 5150 3736 5203 xui

2142 5246 2237 5300 δύο
2281 5248 2381 5311 τὰς
2428 5246 2755 5309 ὑποστάσεις
2781 5285 2797 5310 ,
2854 5247 2949 5299 τοῦ
2983 5246 3041 5299 δὲ
3074 5245 3252 5314 Λόγου
3295 5243 3369 5315 μὴ
3399 5235 3542 5296 εἶναι
3568 5241 3739 5311 φύσιν

2144 5336 2179 5409 ἢ
2210 5336 2509 5390 ὑπόστασιν
2538 5335 2678 5400 ὅλως
2704 5338 2862 5406 φατὲ,
2900 5337 3016 5392 ἀλλ’
3047 5335 3298 5392 ἀνοὺσιόν
3324 5352 3384 5388 τε
3412 5335 3507 5388 xui
3531 5333 3739 5387 ἀνυπό-

2148 5445 2341 5483 στατον
2371 5429 2533 5484 αὑτὸν
2559 5428 2911 5501 διαγράφετε·
2944 5430 2977 5500 ἢ
3005 5429 3099 5482 τοῦ
3130 5428 3228 5501 μὲν
3252 5428 3431 5495 Λόγου
3458 5427 3586 5496 μίαν
3605 5426 3739 5480 ὑπό-

458 5541 649 5580 στασιν
699 5528 797 5580 xui
848 5526 976 5597 μίαν
1019 5525 1183 5595 φύσιν
1202 5566 1217 5590 ,
1260 5527 1355 5580 xui
1383 5524 1477 5580 τοῦ
1509 5524 1801 5597 ἀνθρώπου
1830 5524 1887 5579 δὲ
1918 5522 2049 5596 μίαν
2081 5524 2142 5578 οὐ
2177 5525 2337 5596 μόνον
2360 5525 2417 5579 δὲ
2445 5525 2544 5597 τὴν
2571 5525 2889 5589 ὑπόστασιν,
2918 5526 3053 5580 ἀλλὰ
3109 5526 3204 5579 xui
3264 5524 3363 5596 τὴν
3387 5524 3548 5593 φύσιν
3567 5521 3739 5589 γινὼ-

462 5635 683 5683 σκοντες
712 5618 769 5671 ὲν
792 5619 1015 5691 Χριστῷ
1043 5620 1419 5691 διηλέγχθητε.
1453 5620 1561 5675 Καὶ
1586 5619 1689 5673 ποῦ
1717 5620 1824 5673 είσι
1886 5620 1984 5673 xui
2035 5619 2180 5702 τίνος
2232 5621 2267 5691 ἡ
2312 5619 2572 5691 τερθρεία
2622 5621 2729 5675 τῶν
2770 5621 2947 5690 λόγων
2994 5622 3088 5675 xui
3128 5621 3277 5692 μάχη
3318 5618 3427 5673 τῶν
3465 5618 3739 5689 ῥημάτων

460 5714 554 5780 καὶ
578 5715 918 5785 ὲναντιότηςς
951 5716 1044 5769 xui
1072 5716 1171 5771 οὐκ
1194 5712 1313 5770 οἶδα
1340 5716 1441 5769 ὅσα
1468 5715 2038 5788 καταρρητορεὺοντες
2074 5716 2522 5787 προοιμιάζεσθε.

1094 5806 1245 5862 CAP.
1294 5805 1411 5860 XV.

536 5892 595 5966 Si
649 5897 1013 5960 personaliter
1070 5897 1254 5955 differt
1303 5912 1503 5969 corpus
1564 5897 1705 5953 Petri
1737 5915 1765 5954 a
1814 5914 2043 5971 corpore

2739 5804 2991 5859 ΚΕΦΑΛ.
3031 5805 3137 5858 1Ε’σ

2224 5899 2283 5953 ΕΞ
2336 5882 2580 5969 διαφέρει
2614 5895 2737 5951 καθ’
2768 5896 3068 5953 ὑπόστασιν
3104 5910 3163 5951 το
3196 5895 3357 5967 σῶμα
3394 5895 3605 5966 Πέτρου
3635 5892 3735 5950 τοῦ
