4116 6470
365 392 506 458 1569

1318 406 1713 472 ADVERSUS
1750 400 2300 468 NESTORIANOS.
2327 427 2399 439 --
2428 402 2575 464 LIB.
2618 403 2701 462 II.

3480 399 3620 464 1570

366 514 622 588 σώματος
653 518 893 587 Παύλου,
935 521 1052 587 πῶς
1089 524 1190 575 ουκ
1233 520 1386 575 ἔσται
1418 522 1515 574 καὶ
1551 520 1613 574 16
1647 520 1808 591 σῶμα
1837 517 1931 571 106

2045 518 2213 583 Pauli,
2237 533 2338 572 cur
2360 530 2658 587 personam
2686 529 2797 569 non
2828 511 2995 569 habet
3027 528 3231 584 corpus
3254 513 3539 570 hominis?
3565 515 3625 571 Si

362 608 679 681 ἀνθρώπου,
712 612 1015 668 ὑπόστασιν
1039 614 1199 686 έχονς
1230 613 1294 669 Et
1329 617 1363 685 ἡ
1399 614 1549 685 ψυχὴ
1585 613 1797 684 Πέτρου
1823 611 1936 681 ἔχει

362 702 665 757 ὑπόστασιν
684 702 761 768 ὼς
782 704 989 776 Πέτρου
1014 706 1107 760 καὶ
1132 705 1314 774 φύσιν,
1339 707 1433 759 καὶ
1458 706 1519 759 τὸ
1543 705 1704 774 σῶμα
1723 703 1935 775 Πέτρου

362 792 476 865 ἔχει
507 796 805 850 ὑπόστασιν
828 798 903 861 ὼς
931 799 1137 869 Πέτρου
1174 798 1271 853 καὶ
1306 798 1470 869 φύσιν
1490 816 1504 831 ο
1537 798 1631 852 δύο
1660 798 1717 852 δὲ
1746 797 1935 866 φύσεις

363 891 389 942 ὑ
418 889 631 962 Πέτρος
660 889 750 944 διὰ
778 887 957 960 ψυχὴν
993 892 1088 945 καὶ
1118 890 1302 961 σῶμα,
1327 891 1443 955 πῶς
1473 891 1534 945 οὑ
1567 889 1661 945 δύο
1690 892 1785 944 καὶ
1810 889 1939 942 ὑπο-

362 978 582 1042 στάσεις
609 982 637 1033 ό
686 981 890 1052 Πέτρος
928 981 1019 1034 διὰ
1058 981 1241 1053 ψυχὴν
1286 982 1381 1037 καὶ
1425 982 1587 1052 σῶμα
1614 998 1629 1046 ;
1661 983 1724 1036 Ei
1763 980 1818 1034 δὲ
1845 976 1937 1032 δύο

362 1069 557 1138 φύσεις
584 1070 616 1141 ὴ
646 1070 793 1141 ψυχὴ
826 1073 1036 1142 Πέτρου
1057 1073 1151 1126 καὶ
1173 1072 1236 1126 τὸ
1265 1072 1447 1143 σῶμα,
1472 1073 1567 1127 καὶ
1592 1072 1685 1124 δύο
1711 1068 1939 1125 ὑποστά-

362 1178 475 1222 σεις
506 1162 538 1233 ἡ
569 1161 717 1233 ψυχὴ
749 1162 957 1233 Πέτρου
989 1162 1084 1216 καὶ
1118 1163 1180 1217 16
1210 1163 1390 1235 σῶμα,
1412 1163 1531 1227 πῶς
1562 1163 1624 1217 οὑ
1656 1162 1849 1232 ψευδὲς
1878 1162 1938 1215 16

358 1253 452 1306 δύο
482 1253 676 1323 φύσεις
713 1253 891 1324 λέγειν
920 1253 1010 1308 τὸν
1047 1253 1357 1327 ἄνθρωπον,
1391 1256 1486 1309 καὶ
1528 1256 1657 1326 μίαν
1701 1253 1939 1308 ὑπόστα-

361 1363 447 1398 σιν
480 1362 496 1411 ;
531 1346 663 1408 Ταῖς
688 1344 981 1416 ὑμετέραις
1005 1346 1205 1419 ἄρκυσι.
1240 1345 1662 1417 περιεπλάκητε
1702 1362 1716 1376 ·
1752 1346 1847 1399 καὶ
1879 1344 1939 1399 16

360 1437 643 1491 Δαυῖδικδν
674 1438 803 1507 ὑμῖν
833 1437 1060 1508 ὲπιϐοᾷν
1090 1439 1238 1509 ἡμᾶς
1265 1437 1719 1509 παρασκευάζετε
1743 1454 1757 1467 ο
1789 1457 1806 1489 ι
1850 1438 1938 1489 Ἐν

361 1532 474 1593 τοῖς
504 1529 686 1600 ἔργοις
709 1529 818 1582 τῶν
845 1529 1055 1600 χειρῶν
1078 1528 1248 1583 αὑτοῦ
1283 1529 1594 1600 συνελήφθη
1622 1531 1650 1583 ό
1679 1531 1939 1601 άμαρτωυ

360 1620 471 1686 λὸς,
502 1639 520 1673 ι
562 1620 679 1686 καὶ,
714 1639 732 1672 ι
755 1616 1106 1691 Ἐπιστρέψει
1134 1621 1161 1673 ὁ
1189 1620 1349 1685 πόνος
1382 1620 1547 1675 αὐτοῦ
1573 1621 1653 1683 εἰς
1695 1619 1939 1690 κεφαλὴν

372 1709 591 1766 αὑτοῦ.)
614 1703 715 1764 Ὧν
742 1711 851 1781 γὰρ
896 1712 1097 1782 ἀρτίως
1149 1711 1384 1780 ἐλέγετε,
1420 1711 1536 1765 δέον
1570 1712 1712 1781 ὑμᾶς
1748 1711 1942 1782 μιμνή⁶

356 1800 589 1855 σκεσθαι
616 1817 630 1831 ⁸
657 1803 714 1854 έν
758 1796 840 1865 οἷς
888 1802 982 1856 δύο
1014 1802 1113 1867 τὰς
1147 1802 1474 1866 ὑποστάσεις
1518 1802 1612 1856 τοῦ
1650 1802 1937 1873 ἀνθρώπου

357 1894 605 1958 θέλοντες
634 1895 1089 1960 κατασκευάζειν,
1125 1897 1273 1967 τρεῖς
1298 1896 1445 1965 ἡμᾶς
1480 1895 1578 1959 τὰς
1606 1894 1799 1964 φύσεις
1840 1894 1935 1948 τοῦ

357 1990 613 2061 Σωτῆρος
664 1989 865 2059 λέγειν,
923 1988 1208 2058 συνάγετε.
1242 1989 1469 2060 Πρῶτον
1527 1989 1625 2058 μὲν
1652 1982 1746 2041 οὖν
1792 1987 1942 2051 ὅπως

356 2076 468 2135 εἶεν
521 2081 778 2154 διάφοροι
821 2080 1001 2151 ψυχῆς
1049 2081 1145 2135 καὶ
1206 2080 1458 2153 σώματος
1506 2081 1561 2134 αἱ
1611 2079 1942 2143 ὑποστάσεις

359 2173 479 2236 ἑνὸς
513 2171 723 2226 καὶτοῦ
749 2171 916 2227 αὑτοῦ
944 2171 1146 2236 ζῶντος
1179 2172 1235 2226 ὲν
1266 2173 1431 2243 σαρκὶ⁸
1466 2169 1757 2241 ἀνθρώπου
1788 2171 1944 2239 ἁγνο-

358 2262 528 2334 οὖμεν
560 2278 578 2296 ο
608 2263 659 2316 εἱ
694 2263 805 2335 γὰρ
840 2263 1040 2329 ζῶντος
1075 2264 1170 2317 καὶ⁴
1210 2260 1519 2333 σωζομένου
1555 2261 1649 2315 τοῦ
1684 2261 1941 2315 συνθέτου

360 2354 499 2420 ζὼου
528 2353 622 2408 δύο
656 2355 770 2409 ἴστε
795 2355 895 2419 τὰς
919 2355 1246 2418 ὑποστάσεις
1284 2354 1394 2407 τῶν
1423 2356 1483 2408 ὲν
1513 2353 1661 2425 αὑτῷ
1688 2355 1744 2407 ὲν
1779 2353 1855 2424 τῷ
1879 2355 1943 2407 ὲκ

357 2447 455 2501 τοῦ
490 2446 721 2502 θανάτου
768 2447 1035 2518 χωρισμῷ
1060 2463 1076 2478 ο
1105 2446 1139 2517 ἢ
1195 2447 1256 2499 οὑ
1286 2445 1379 2499 δύο
1412 2446 1573 2516 μόνον
1621 2445 1717 2510 τὰς
1751 2447 1942 2514 φύσεις

359 2538 525 2594 αὑτοῦ
574 2538 670 2592 καὶ
718 2537 1050 2601 ὑποστάσεις
1110 2537 1316 2607 ὁμοίως
1372 2536 1511 2601 ἴστε,
1542 2535 1681 2588 ἀλλὰ
1725 2535 1944 2597 πλείους

362 2632 453 2687 διὰ
499 2633 592 2687 16v
637 2630 920 2703 χωρισμὸν
947 2629 1043 2684 καὶ
1061 2627 1161 2700 τὴν
1191 2628 1452 2700 διαίρεσιν
1481 2627 1576 2681 τοῦ
1618 2626 1758 2691 ζώου
1788 2643 1803 2658 ⁸
1833 2629 1941 2680 πᾶν

355 2725 469 2798 γὰρ
493 2723 871 2795 διαιρούμενον
901 2721 1163 2793 πληθύνει
1194 2722 1285 2774 τὸν
1307 2719 1503 2776 ἑαυτοῦ
1533 2719 1771 2793 ἀριθμὸν
1793 2759 1808 2783 ,
1844 2720 1940 2773 καὶ

358 2817 575 2871 ἔσονται
598 2816 868 2887 τέσσαρες
901 2814 933 2886 ἥ
974 2812 1119 2868 ὀκτὼ
1146 2815 1203 2868 αἱ
1230 2814 1354 2868 κατ’
1379 2813 1544 2868 αὑτὸν
1599 2812 1792 2883 φύσεις
1847 2812 1943 2865 καὶ

362 2903 727 2967 ὑποστάσειςο
755 2903 788 2973 ἢ
828 2902 926 2966 τὰς
955 2902 1124 2966 αὑτὰς
1166 2902 1367 2967 εἰδότες
1399 2903 1592 2971 φύσεις
1629 2900 1797 2955 αὑτοῦ
1850 2902 1946 2955 καὶ

360 2996 691 3057 ὑποστάσεις
714 2993 808 3047 καὶ
846 2993 984 3065 μετὰ
1014 2993 1113 3065 τὴν
1143 2994 1387 3049 διάλυσιν
1413 2992 1508 3047 τοῦ
1540 2990 1702 3060 ζώου,
1724 2991 1818 3047 τὸν
1847 2993 1945 3045 αὑ-

358 3090 451 3142 τὸν
496 3086 716 3141 ἔσεσθαι
751 3085 914 3155 λόγον
944 3086 1148 3151 εἰδότες
1181 3086 1324 3141 κατὰ
1346 3085 1445 3157 τὴν
1475 3084 1714 3156 ὓπαρξιν
1746 3084 1841 3137 τοῦ
1881 3102 1942 3138 τε

1907 1860 2014 1916 πΒ

2038 612 2224 665 anima
2265 610 2449 672 Petri,
2473 620 2533 665 ut
2560 608 2728 673 Petri,
2754 607 2923 663 habet
2943 622 3235 677 personam
3266 616 3323 663 et
3342 618 3621 672 naturam,

2038 711 2095 758 et
2126 716 2330 772 corpus
2358 702 2529 767 Petri,
2554 703 2684 771 quia
2714 701 2887 767 Petri,
2910 716 3202 771 personam
3234 700 3401 756 habet
3429 710 3487 755 et
3522 717 3624 757 na-

2039 802 2266 860 turam;
2314 794 2359 847 si
2404 795 2603 849 Petrus
2658 792 2797 846 duas
2849 792 3016 847 habet
3067 801 3318 856 naturas,
3373 791 3625 861 corporis

2037 900 2239 954 nempe
2273 892 2329 939 et
2363 883 2580 945 animae,
2625 896 2807 935 nonne
2851 880 2988 935 duas
3040 895 3309 949 personas
3355 878 3621 943 habebit,

2039 976 2286 1046 corporis
2313 984 2370 1030 et
2391 975 2631 1029 animae?
2664 974 2734 1028 Et
2761 973 2807 1026 si
2831 972 2954 1027 duae
2978 982 3107 1027 sunt
3140 981 3352 1026 natura:
3380 1012 3394 1035 ,
3424 972 3626 1025 animae

2038 1068 2191 1125 Petri
2243 1075 2300 1122 et
2354 1066 2606 1136 corporis
2638 1085 2653 1132 ;
2696 1073 2753 1120 et
2791 1064 2836 1119 si
2871 1064 2994 1118 duae
3044 1079 3314 1134 personae,
3352 1063 3549 1116 animae
3570 1068 3627 1115 et

2038 1162 2308 1230 corporis,
2336 1176 2519 1215 nonne
2551 1159 2820 1215 mentitur
2847 1160 2942 1229 qui
2983 1159 3269 1214 hominem
3300 1158 3441 1211 dicit
3457 1172 3623 1212 unam

2038 1273 2161 1314 esse
2202 1273 2494 1328 personam
2547 1264 2603 1312 et
2653 1258 2792 1312 duas
2849 1256 3120 1311 naturas?
3166 1256 3378 1311 Vestris
3414 1254 3628 1309 retibus

2040 1349 2333 1419 capimini,
2374 1347 2620 1418 illudque
2657 1348 2877 1403 Davidis
2904 1348 2971 1403 de
3000 1348 3159 1403 vobis
3198 1347 3453 1419 usurpari
3493 1348 3628 1401 faci-
3710 1406 3715 1411 ,

2039 1443 2113 1499 tis
2152 1457 2167 1496 :
2208 1463 2225 1495 ι
2263 1442 2321 1496 In
2357 1442 2620 1512 operibus
2667 1457 2932 1496 manuum
2977 1456 3206 1497 suarum
3264 1440 3629 1510 comprehen-

2040 1550 2138 1591 sus
2158 1543 2245 1591 est
2273 1536 2585 1604 peccator’.
2628 1534 2746 1588 »Ἐι
2773 1533 2909 1588 illud
2940 1550 2953 1587 :
2989 1553 3008 1583 ι
3039 1532 3411 1589 Convertetur
3465 1531 3625 1586 dolor

2039 1626 2160 1697 ejus
2208 1625 2266 1679 in
2307 1630 2474 1693 caput
2527 1624 2648 1695 ejus
2670 1624 2737 1676 ¹⁰.
2775 1642 2792 1673 ι
2837 1623 3041 1677 Eorum
3100 1621 3247 1675 enim
3295 1635 3417 1690 quae
3459 1619 3625 1674 modo

2040 1716 2314 1772 dicebatis
2350 1724 2575 1785 oportet
2601 1713 2944 1777 meminisse,
2969 1712 3192 1783 quando
3232 1712 3301 1767 ad
3332 1711 3623 1766 stabilien-

2041 1808 2140 1865 das
2166 1810 2304 1864 duas
2329 1807 2581 1863 hominis
2602 1821 2887 1877 personas,
2921 1814 3034 1861 tres
3064 1813 3293 1859 naturas
3328 1804 3385 1858 in
3434 1803 3628 1860 Salva-

2045 1908 2165 1956 tore
2197 1916 2230 1955 a
2258 1899 2422 1956 nobis
2452 1898 2793 1953 conﬁtendas
2825 1896 3245 1967 proponebatis.
3275 1895 3416 1949 Ante
3439 1892 3640 1949 omnia"

2043 1994 2192 2049 enim
2219 2008 2327 2063 qua
2358 1991 2574 2046 ratione
2600 1989 3081 2060 distinguerentur
3109 1988 3307 2042 anima:
3331 1994 3389 2043 et
3428 2001 3631 2057 corpo-

2044 2084 2121 2140 ris
2177 2099 2428 2154 persona:
2494 2082 2551 2136 in
2582 2098 2697 2136 uno
2732 2090 2789 2136 et
2818 2080 3015 2135 eodem
3045 2080 3269 2139 homine
3334 2078 3632 2135 carnaliter

2043 2176 2265 2231 vivente
2327 2177 2686 2246 ignoramus:
2722 2176 2849 2229 vivo
2908 2175 3056 2230 enim
3091 2182 3148 2229 et
3190 2173 3342 2227 salvo
3390 2172 3629 2227 animale

2044 2268 2373 2337 composito,
2403 2267 2449 2321 si
2484 2268 2625 2322 duas
2662 2283 2784 2323 esse
2833 2268 2889 2321 in
2925 2267 3045 2337 ipso
3089 2281 3355 2336 personas
3383 2265 3628 2330 creditis,

2043 2357 2176 2427 quid
2210 2358 2321 2412 erit
2353 2356 2576 2427 quando
2607 2364 2787 2412 morte
2819 2356 3190 2412 dissolvetur?
3215 2356 3307 2411 Vel
3332 2355 3632 2410 admitten-

2044 2451 2128 2506 daa
2159 2459 2328 2505 erunt
2362 2452 2418 2505 in
2448 2451 2569 2522 ipso
2604 2466 2714 2506 non
2748 2451 2912 2505 modo
2950 2449 3075 2505 dum
3099 2458 3310 2505 naturae
3351 2458 3408 2504 et
3439 2463 3633 2519 perso-

2044 2559 2149 2607 nae,
2176 2542 2272 2598 sed
2308 2544 2498 2614 plures
2527 2559 2595 2599 ex
2630 2542 3027 2599 disssolutione
3057 2550 3114 2597 et
3137 2542 3408 2598 divisione
3447 2542 3634 2612 subje-

2045 2634 2142 2702 cti,
2185 2635 2461 2705 siquidem
2492 2650 2655 2690 omne
2679 2634 2916 2690 divisum
2944 2649 3177 2689 numero
3206 2633 3629 2704 multiplicatur,

2046 2736 2103 2782 et
2128 2736 2367 2797 quatuor
2401 2726 2481 2782 vel
2517 2736 2668 2782 recto
2698 2734 2863 2781 erunt
2885 2726 3006 2796 eius
3024 2736 3234 2780 naturae
3256 2734 3310 2779 et
3327 2739 3576 2794 persona:
3611 2740 3627 2753 ο

2048 2819 2133 2882 vel
2170 2819 2338 2874 etiam
2364 2818 2567 2873 iisdem
2600 2817 3017 2873 remanentibus
3049 2816 3262 2871 naturis
3285 2825 3340 2870 et
3375 2816 3632 2885 personis

2046 2918 2173 2980 post
2202 2910 2647 2975 dissolutionem,
2697 2909 2893 2965 eodem
2934 2908 3209 2963 servando
3256 2923 3510 2963 sermone
3560 2907 3631 2963 de

2047 3004 2373 3059 exsistentia
2406 3003 2516 3058 vivi
2552 3013 2609 3058 et
2658 3003 2891 3068 mortui,
2939 3002 3007 3057 de
3038 3001 3293 3071 partibus
3337 2999 3630 3069 compositi

2049 3097 2293 3152 hominis
2345 3095 2698 3160 cohaerentis,
2765 3102 2864 3149 aut
2920 3092 3111 3160 soluti,
3169 3093 3228 3147 in
3286 3092 3389 3146 hac
3449 3099 3631 3145 vestra

359 3178 562 3244 ζῶντος
611 3176 709 3230 καὶ
760 3175 855 3228 τοῦ
909 3174 1130 3244 νεκροῦ,
1161 3176 1257 3228 καὶ⁸
1294 3174 1363 3230 τὰ
1402 3172 1497 3228 106
1530 3173 1813 3244 ήνωμένου
1851 3174 1942 3227 καὶ

2051 3191 2325 3245 sententia
2381 3191 2449 3243 de
2503 3186 2798 3244 contrariis
2845 3185 3044 3243 eodem
3080 3186 3245 3242 modo
3287 3183 3630 3255 loquendum

357 3268 774 3341 διακεκριμένου
846 3265 1134 3338 ἀνθρώπου
1199 3266 1453 3320 συνθέτου
1491 3283 1507 3298 ο
1562 3268 1656 3319 καὶ
1706 3265 1858 3320 ἔσται
1917 3266 1945 3317 ὁ

358 3362 525 3426 αὑτὸς
553 3361 662 3415 τῶν
688 3359 945 3414 ἐναντίων
980 3358 1141 3428 λόγος
1167 3358 1312 3414 κατὰ
1332 3358 1400 3414 τὰ
1427 3360 1455 3411 ὑ
1466 3358 1672 3430 μέτερα
1703 3358 1945 3430 προϐλή-

365 3473 512 3527 ματα
537 3458 627 3510 ὲπ*
652 3453 842 3509 αὑτοῦ.

430 3547 887 3618 Συγκεχωρήσθω
953 3544 1011 3599 δὲ
1061 3544 1191 3615 ὑμῖν
1247 3545 1398 3616 ὅμως
1445 3545 1541 3598 καὶ
1590 3543 1749 3598 τοῦτο
1807 3544 1947 3615 μετᾶ

360 3641 579 3696 πάντων
605 3658 620 3675 ·
655 3640 716 3693 τὺ
750 3640 805 3709 δέ
834 3657 899 3709 γε
926 3639 1111 3709 ἕτερον
1153 3637 1217 3691 16
1258 3638 1319 3703 ἐξ
1354 3637 1509 3707 ὑμῶν
1542 3640 1673 3709 ἡμῖν
1705 3636 1814 3708 πρὸ
1850 3655 1944 3707 μι-

359 3729 493 3800 κροῦ
520 3727 742 3800 ληφθὲν,
777 3727 872 3781 νῦν
901 3727 1204 3783 ἀκούσεσθε
1237 3727 1368 3801 παρ’
1402 3728 1581 3799 ἡμῶν,
1615 3727 1691 3791 ὡς
1731 3730 1810 3791 είς
1841 3728 1946 3781 σώ-

364 3836 531 3891 ματος
563 3820 861 3874 ὑπόστασιν
895 3821 952 3873 έν
1002 3818 1276 3890 ἀνθρώπῳ
1326 3820 1439 3873 ἴστε
1464 3835 1478 3849 ⁸
1514 3822 1609 3872 καὶ
1638 3819 1731 3873 δύο
1756 3819 1855 3882 τὰς
1888 3822 1945 3872 ἐν

360 3911 510 3982 αὑτῷ
540 3911 866 3975 ὑποστάσεις
890 3909 1082 3983 ὥσπερ
1115 3906 1207 3964 οὖν
1231 3909 1326 3963 καὶ
1357 3909 1456 3974 τὰς
1487 3910 1677 3979 φύσεις
1698 3910 1789 3964 διὰ
1826 3911 1944 3964 τόδε

358 4004 539 4058 οἴεσθε
565 4019 580 4033 ·
615 4003 696 4057 διὸ
723 4004 780 4057 δὲ
809 4004 905 4056 καὶ
930 4004 1076 4075 ἡμᾶς
1115 4001 1553 4074 παραγράφεσθε
1584 4006 1647 4056 τὸ
1694 4002 1818 4056 κατ’
1846 4004 1943 4056 αὑ-

361 4097 456 4150 τὸν
486 4096 841 4167 παράδειγμα
883 4099 964 4160 είς
995 4094 1218 4159 ἔνδειξιν
1246 4094 1342 4148 δύο
1394 4096 1610 4165 φύσεων
1664 4095 1760 4149 καὶ
1811 4097 1942 4164 μιᾶς

362 4188 719 4250 ὑποστάσεως
790 4187 1190 4257 ἐφελκομένους
1227 4187 1321 4240 ἐπὶ
1360 4185 1454 4240 τοῦ
1497 4187 1705 4257 Κυρίου
1744 4203 1757 4217 ·
1786 4187 1944 4257 δῆλον

362 4283 470 4354 ἄρα
493 4280 570 4343 ὡς
604 4278 700 4333 καὶ
742 4280 901 4350 ὑμεῖς
932 4278 1219 4349 ἄνθρωπον
1267 4278 1364 4332 καὶ
1394 4278 1527 4332 Θεὸν
1569 4278 1821 4347 λέγοντες
1851 4279 1944 4333 τὸν

362 4372 621 4444 Χριστόν,
650 4371 744 4424 δύο
806 4370 906 4440 μὲν
959 4369 1057 4434 τὰς
1100 4369 1196 4423 τοῦ
1244 4368 1534 4442 ἀνθρώπου
1591 4371 1941 4434 ὑποστάσεις,

369 4461 499 4530 μίαν
547 4460 603 4514 δὲ
654 4460 754 4530 τὴν
783 4458 876 4512 106
908 4458 1087 4527 Λόγου
1119 4458 1419 4511 ὑπόστασιν
1452 4459 1509 4512 ὲν
1541 4458 1689 4528 αὑτῷ
1717 4457 1943 4526 διεγνώ-

361 4569 496 4607 κατε
524 4567 539 4581 ·
570 4551 663 4604 καὶ
684 4549 871 4603 ἔσεσθε
903 4550 1092 4619 σαφῶς
1129 4551 1281 4619 τρεῖς
1310 4551 1409 4613 τὰς
1438 4549 1770 4612 ὑποστάσεις
1809 4549 1944 4602 είδό-
1978 4525 2021 4580 D

358 4660 452 4707 τες
483 4643 541 4695 ὲν
567 4639 789 4712 Χριστῷ
824 4641 918 4694 καὶ
939 4640 1000 4693 οὑ
1031 4639 1124 4693 δύο
1152 4640 1333 4709 μόνον,
1365 4640 1548 4704 καθὼς
1578 4640 1759 4711 λέγειν
1786 4642 1939 4693 ἐπει-

363 4733 531 4804 ρᾶσθε
563 4733 723 4802 μέχρι
755 4730 849 4784 τοῦ
880 4729 997 4796 νῦν,
1038 4730 1168 4800 μίαν
1216 4730 1314 4802 τὴν
1362 4730 1458 4784 τοῦ
1488 4730 1645 4797 Θεοῦ,
1680 4732 1774 4784 καὶ
1814 4730 1942 4801 μίαν

361 4825 461 4896 τὴν
517 4822 613 4877 106
670 4821 963 4893 ἀνθρώπου
993 4841 1007 4853 σ
1041 4821 1179 4875 ἀλλὰ
1235 4822 1328 4875 δύο
1367 4823 1467 4894 μὲν
1493 4822 1584 4876 τοῦ
1625 4821 1937 4894 ἀνθρώπου,

368 4916 498 4986 μίαν
560 4915 616 4967 δὲ
677 4913 773 4968 τοῦ
844 4914 1021 4982 Λόγου
1075 4914 1432 4980 δοξάζοντες’
1490 4914 1690 4985 ὁμοίως
1739 4914 1793 4968 δὲ
1847 4916 1943 4968 καὶ

356 5009 513 5078 τρεῖς
554 5005 653 5069 τὰς
698 5004 891 5074 φύσεις
914 5004 1081 5058 αὑτοῦ
1104 5006 1164 5071 ἐξ
1205 5006 1453 5076 ἀνάγκης
1477 5006 1830 5079 παρέχοντες,
1852 5008 1942 5060 διά

358 5115 419 5151 τε
450 5097 515 5151 16
549 5100 625 5167 μὴ
645 5092 785 5150 εἶναι
821 5097 1122 5150 ὑπόστασιν
1156 5096 1407 5151 άνούσιον
1436 5113 1449 5128 ο
1480 5097 1569 5151 ἵνα
1597 5101 1712 5162 τοῖς
1745 5099 1937 5171 ὑμετέο

362 5205 481 5262 ροις
505 5190 599 5242 καὶ
626 5193 768 5244 κατὰ
789 5190 858 5243 τὰ
883 5189 1127 5261 ὑμέτερα
1156 5191 1406 5260 νοήματα
1426 5190 1764 5263 χρησώμεθα
1790 5234 1805 5259 ,
1841 5194 1937 5247 καὶ

356 5282 421 5336 16
445 5280 673 5335 αὐτόθεν
705 5280 807 5352 ἤδη
832 5281 1015 5350 λέγειν
1040 5280 1134 5335 δύο
1156 5282 1248 5335 τοῦ
1283 5279 1575 5354 ἀνθρώπου
1610 5284 1710 5347 τὰς
1750 5284 1942 5354 φύσεις

360 5370 523 5441 εἶναι,
559 5375 688 5445 μίαν
714 5374 767 5429 δὲ
790 5375 886 5427 106
906 5375 1081 5443 Λόγου
1110 5393 1123 5407 ·
1149 5376 1225 5439 ὼς
1247 5372 1386 5431 εἶναι
1421 5377 1607 5432 λοιπὸν
1637 5380 1942 5452 συναγομέ-

360 5483 462 5536 νην
512 5464 607 5517 τοῦ
641 5466 915 5536 ὑμετέρου
949 5466 1220 5537 δόγματος
1262 5466 1363 5537 τὴν
1396 5467 1593 5538 ὁμάδα,
1625 5470 1707 5533 είς
1733 5468 1793 5535 ἒξ
1822 5488 1945 5524 τινα

360 5557 454 5610 τὸν
526 5558 761 5629 ἀριθμὸν
826 5556 934 5610 τῶν
984 5557 1079 5610 ἐπὶ
1136 5555 1377 5630 Χριστοῦ
1426 5560 1734 5630 νοουμένων
1779 5562 1946 5633 ἦγουν

361 5649 531 5720 τριῶν
564 5650 802 5719 φύσεων,
823 5648 993 5719 τριῶν
1025 5648 1083 5702 δὲ
1124 5648 1498 5719 ὑποστάσεων,
1528 5643 1574 5707 ὦ
1597 5649 1898 5724 σοφώτατοι
1929 5667 1948 5686 ⁶

434 5811 456 5843 ³
487 5812 634 5870 Psal.
664 5829 739 5881 ix,
764 5813 853 5869 17.
929 5814 975 5847 ¹⁰
1001 5814 1141 5873 ibid.

2048 3281 2178 3337 erit.

2120 3546 2278 3614 Quod
2299 3556 2481 3603 tamen
2498 3561 2622 3602 cum
2649 3546 2883 3617 reliquis
2902 3545 3062 3601 vobis
3085 3544 3442 3602 concedatur.
3464 3544 3630 3603 Aliud

2048 3655 2180 3695 vero
2203 3656 2232 3694 a
2263 3639 2425 3701 vobis
2463 3639 2624 3694 nobis
2681 3639 2848 3693 modo
2898 3639 3141 3696 oblatum
3169 3654 3317 3696 nunc
3372 3640 3630 3710 accipite,

2046 3744 2247 3797 nempe
2302 3745 2424 3798 quze
2455 3728 2522 3783 sit
2551 3736 2737 3783 vestra
2757 3730 3032 3784 sententia
3064 3729 3131 3784 de
3165 3728 3418 3800 corporis
3440 3744 3633 3799 perso-

2047 3834 2138 3881 na,
2172 3819 2451 3887 quomodo
2491 3830 2550 3873 ut
2573 3819 2710 3873 duas
2732 3828 2982 3884 naturas,
3009 3820 3090 3874 sic
3120 3819 3259 3876 duas
3292 3821 3630 3889 personasin

2050 3909 2170 3979 ipso
2205 3910 2537 3975 admittatis,
2565 3919 2798 3980 propter
2845 3912 2994 3982 quod
3031 3927 3132 3967 nos
3170 3913 3365 3968 eodem
3408 3913 3632 3969 ratioci~

2047 4003 2141 4057 nio
2195 4004 2333 4057 duas
2373 4012 2599 4057 naturas
2661 4013 2718 4057 et
2780 4016 2942 4058 unam
2982 4019 3274 4073 personam
3303 4006 3354 4059 in
3396 4006 3633 4063 Domino

2047 4103 2358 4150 astruentes
2381 4096 2569 4151 audire
2598 4111 2710 4149 non
2742 4096 2929 4151 vultis.
2950 4096 3124 4152 Porro
3150 4096 3430 4154 Christum
3454 4099 3629 4155 Deum

2045 4198 2102 4242 et
2133 4187 2418 4257 hominem
2450 4188 2687 4243 confessi
2716 4229 2730 4252 ,
2767 4188 2870 4258 ipsi
2912 4189 3050 4244 duas
3091 4191 3335 4246 hominis
3360 4207 3629 4261 personas

2045 4288 2102 4336 et
2153 4280 2381 4336 alteram
2412 4281 2575 4335 Verbi
2618 4288 2876 4351 patenter
2898 4283 3192 4339 admittitis
3231 4284 3286 4340 in
3312 4301 3379 4339 eo
3438 4285 3630 4355 sicque

2048 4382 2161 4428 tres
2189 4389 2456 4444 personas
2486 4374 2691 4429 Christi
2719 4390 2850 4429 vere
2877 4376 3127 4442 creditis,
3153 4393 3260 4431 non
3285 4378 3422 4433 duas
3442 4379 3630 4443 modo,

2048 4480 2245 4534 nempe
2279 4483 2439 4520 unam
2467 4483 2533 4521 ex
2564 4475 2717 4536 parte
2768 4467 3007 4522 hominis
3040 4479 3095 4523 et
3121 4470 3346 4524 alteram
3376 4486 3442 4526 ex
3474 4480 3631 4541 parte

2051 4558 2168 4625 Dei,
2205 4558 2352 4627 quod
2385 4559 2569 4613 dicere
2616 4558 2881 4614 hactenus
2912 4562 3309 4628 consuevistis;
3339 4579 3469 4620 sane
3496 4580 3630 4619 vero

2050 4650 2188 4704 duas
2243 4664 2311 4703 ex
2357 4648 2580 4704 homine
2622 4658 2677 4702 et
2713 4664 2881 4703 unam
2920 4666 2987 4704 ex
3034 4652 3213 4707 Verbo
3260 4656 3529 4726 accipitis.
3564 4658 3632 4713 Et

2049 4741 2304 4799 similiter
2338 4748 2449 4797 tres
2472 4748 2696 4795 naturas
2726 4742 2846 4812 ejus
2874 4742 3166 4799 admittere
3190 4747 3471 4815 cogimini,
3500 4752 3631 4817 quia

2051 4849 2283 4903 persona
2315 4849 2424 4888 non
2454 4842 2539 4888 est
2566 4832 2772 4903 absque
2803 4839 3113 4893 substantia
3150 4840 3370 4902 (vestris
3402 4840 3626 4898 Senten-

2053 4924 2143 4979 tiis
2196 4924 2429 4979 invicem
2488 4927 2907 4998 pugnantibus),
2938 4938 2995 4982 et
3023 4929 3151 4999 quia
3200 4930 3402 4987 ibidem
3446 4931 3635 4987 dicitis

2050 5016 2189 5071 duas
2220 5031 2340 5071 esse
2372 5016 2613 5072 hominis
2640 5028 2868 5075 naturas
2898 5028 2954 5075 et
2986 5036 3149 5075 unam
3185 5022 3374 5077 Verbi.
3406 5024 3488 5077 Ad
3523 5024 3630 5080 hoc

2049 5123 2180 5178 ergo
2230 5107 2451 5163 devenit
2483 5106 2619 5163 ﬁdes
2662 5118 2866 5175 vestra,
2898 5125 2932 5164 ο
2971 5110 3385 5181 sapientissimi,
3422 5123 3481 5168 ut
3532 5130 3628 5169 sex

2051 5197 2105 5251 iu
2139 5197 2358 5255 Christo
2397 5200 2749 5268 computetis,
2782 5214 2980 5268 nempe
3018 5210 3130 5255 tres
3158 5211 3409 5264 naturas,
3438 5213 3493 5258 et
3516 5213 3627 5261 tres

2048 5304 2329 5360 personas.
2352 5285 2418 5343 Et
2445 5290 2547 5343 nisi
2572 5289 2714 5343 idem
2737 5290 2810 5343 sit
2826 5291 2931 5346 hoc
2955 5302 3117 5362 atque
3140 5293 3307 5358 istud,
3328 5312 3474 5352 nunc
3501 5298 3629 5365 tria,

2048 5396 2194 5434 nunc
2215 5379 2323 5433 dtto
2348 5381 2415 5433 de
2437 5379 2654 5435 Christo
2679 5381 2986 5450 loquimini.
3024 5383 3136 5439 Cur
3157 5387 3390 5442 mediam
3416 5399 3625 5459 partem

2048 5475 2317 5546 dogmatis
2362 5475 2554 5529 celatis
2582 5475 2605 5526 ?
2636 5475 2691 5530 Si
2740 5492 2871 5531 vero
2926 5487 3124 5532 natura
3179 5480 3322 5535 idem
3352 5492 3437 5537 est
3479 5485 3629 5554 quod

2050 5576 2304 5633 persona,
2336 5560 2481 5630 quod
2507 5578 2538 5614 a
2570 5562 2723 5625 vobis
2764 5580 2906 5635 saepe
2962 5568 3207 5635 ponitur,
3234 5586 3328 5624 sev
3379 5588 3629 5641 personae

2055 5654 2112 5707 in
2147 5653 2266 5723 ipso
2293 5668 2324 5707 a
2353 5653 2506 5708 vobis
2529 5664 2874 5727 astruuntur,
2910 5660 3164 5729 personis
3215 5661 3420 5720 additis
3466 5675 3629 5724 natu.
