4116 6454
504 399 637 467 1571

1790 384 2103 451 LEONTII
2143 379 2556 444 BYZANTINI

3644 365 3783 431 1572

502 521 583 576 ris
609 538 624 586 ;
658 518 824 589 idque
853 516 970 572 sive
994 529 1186 570 omnes
1232 514 1344 569 sint
1389 509 1778 568 substantiales
1807 549 1821 574 ,
1848 518 1905 562 et
1934 505 2084 561 nulla
2116 552 2119 564 η

2229 499 2284 553 αἱ
2313 500 2362 563 εί
2397 498 2495 569 μὲν
2532 497 2594 550 οὐ
2622 493 2819 549 ταυτὸν
2847 493 3075 565 θάτερον
3104 492 3335 564 θατέρῳ,
3365 490 3475 546 ἰδοῦ
3521 488 3627 547 ἀνὰ
3655 491 3789 560 τρία.

502 615 555 668 ei
587 619 867 667 remaneat
898 624 1158 679 persona.
1189 608 1306 661 sive
1337 620 1533 661 omnes
1579 618 1681 673 pro
1716 599 1968 672 personis
1998 611 2093 651 ac-

506 702 805 771 cipiantur,
838 707 896 753 et
924 697 1076 751 nulla
1100 694 1409 751 substantia
1442 708 1537 748 sex
1566 689 1821 762 personis
1880 685 2092 743 Christi

508 800 808 847 remaneat.
837 788 970 854 Qua:
1017 787 1201 843 omnia
1232 786 1277 842 si
1307 788 1419 841 sint
1464 783 1719 847 ridenda,
1761 789 1818 836 et
1865 779 2096 834 audien-

523 883 659 937 tium
730 881 969 951 gemitus
1016 879 1277 943 excitent,
1317 876 1477 931 vobis
1525 874 1831 930 certissime
1862 870 2097 926 creden-

519 976 652 1030 dum
688 984 774 1030 est
796 971 1196 1044 projiciendum
1254 986 1375 1025 esse
1417 971 1527 1025 cito
1556 978 1612 1024 et
1642 968 1859 1023 fortiter
1893 964 2099 1019 malum

509 1066 820 1123 membrum
878 1080 1045 1134 super
1091 1062 1383 1117 veritatem
1436 1060 1741 1131 religionis,
1798 1067 1857 1113 et
1886 1065 2101 1127 petram

512 1178 661 1218 sanae
712 1160 839 1215 fidei
897 1159 1226 1221 contritum,
1260 1168 1321 1212 ut
1374 1156 1665 1225 impleatur
1711 1151 1857 1219 quod
1894 1150 2102 1205 dictum

512 1262 598 1308 est
629 1272 643 1307 :
675 1252 903 1307 Gladius
956 1266 1148 1305 eorum
1213 1248 1383 1302 intret
1438 1247 1493 1300 in
1547 1244 1716 1300 corda
1752 1243 2022 1311 ipsorum,
2052 1247 2109 1295 et

514 1361 677 1401 arcus
723 1361 915 1400 eorum
947 1342 1350 1413 confringatur,
1378 1339 1683 1394 secundum
1730 1335 2015 1390 oraculum
2039 1335 2108 1387 “.

2196 592 2323 645 τάδε
2386 591 2481 643 ἐπὶ
2523 588 2619 641 τοῦ
2661 587 2868 657 Κυρίου
2921 584 3190 639 δεδώκατε
3216 603 3231 617 ⁸
3266 585 3363 638 καὶ
3407 583 3524 647 πῶς
3556 584 3661 637 ἀνὰ
3692 584 3791 637 δύο

2199 682 2363 751 φατὲ,
2396 681 2459 733 τὸ
2489 681 2663 750 ἥμισυ
2690 676 3144 747 παρακλέψαντες
3174 675 3269 729 τοῦ
3299 674 3571 745 δόγματος
3606 694 3620 741 ;
3658 675 3709 727 εί
3731 675 3790 727 δὲ

2198 774 2294 827 καὶ
2325 771 2401 834 ὼς
2451 768 2707 841 βούλεσθε
2746 767 2926 834 λέγειν
2961 765 3228 828 πολλάκις
3269 766 3468 819 ταυτὸν
3509 765 3566 817 at
3595 763 3794 832 φύσεις

2198 868 2321 928 ταῖς
2373 864 2760 926 ὐποστάσεσιν,
2796 860 2857 925 ἒξ
2914 860 3081 913 αὐτοῦ
3118 859 3319 929 ὁμοίως
3351 861 3405 910 αἱ
3460 858 3797 919 ὑποστάσεις

2204 955 2314 1012 εἷεν
2332 956 2455 1012 καθ’
2494 958 2661 1026 ὑμᾶς,
2690 953 3116 1027 προτεθειμένον
3146 952 3241 1005 τοῦ
3276 951 3515 1022 ἀριθμοῦ
3550 950 3661 1003 τῶν
3694 948 3799 1019 φύ-

2205 1070 2345 1106 σεων
2376 1053 2497 1112 ταῖς
2530 1049 2871 1105 ὑποστάσεσι
2893 1064 2907 1077 ·
2940 1048 3038 1100 καὶ
3082 1045 3261 1108 τοῦτο,
3292 1045 3324 1115 ἢ
3361 1043 3551 1097 πασῶν
3595 1042 3799 1096 οὐσιῶν

2203 1145 2400 1207 οὐσῶν,
2424 1143 2640 1205 οὐδενὸς
2683 1143 2835 1205 ὄντος
2877 1140 3028 1208 αὐτῷ
3059 1138 3245 1191 λοιπὸν
3275 1134 3591 1206 προσώπου,
3625 1135 3658 1205 ἢ
3689 1151 3802 1187 πα-

2210 1238 2319 1291 σῶν
2348 1236 2471 1291 ἀντὶ
2502 1233 2814 1305 προσώπων
2839 1231 3294 1302 λαμϐανομένων,
3320 1228 3580 1299 οὐδεμιᾶς
3600 1225 3799 1297 μενού-

2213 1349 2314 1403 σης
2347 1331 2537 1394 οὐσίας
2566 1332 2680 1391 τοῖς
2713 1329 2772 1393 ἓξ
2809 1327 3128 1398 προσώποις
3155 1324 3429 1395 Χριστοῦ’
3456 1325 3505 1375 εί
3537 1322 3594 1374 δὲ
3625 1320 3803 1375 ταῦτα

513 1442 727 1511 γέλωτα
758 1443 852 1494 καὶ
887 1440 1088 1509 θρῆνον
1135 1438 1472 1509 ὲξεγείρουσι
1524 1436 1605 1506 τῷ
1658 1434 1937 1499 ἀκούοντι,
1997 1431 2121 1484 λίαν
2184 1429 2438 1501 ἐναργῶς
2468 1429 2767 1483 πεπεῖσθαι
2834 1429 2981 1498 ὑμᾶς
3042 1426 3160 1479 δέον
3227 1423 3303 1486 ὡς
3368 1425 3425 1476 ὲν
3492 1421 3650 1491 τάχει
3707 1422 3806 1475 καὶ

517 1535 879 1606 σφοδρότερον
947 1534 1078 1600 ὑμῖν
1133 1533 1196 1586 τὸ
1252 1533 1528 1603 ὑμέτερον
1583 1529 1822 1600 πονηρὸν
1875 1526 2228 1598 ἀντιπεμφθῇ
2273 1527 2456 1595 μέλος,
2482 1529 2555 1597 τῇ
2576 1526 2809 1597 ἀληθείᾳ
2858 1525 2959 1594 τῆς
3015 1521 3323 1585 εὐσεϐείας,
3363 1520 3457 1573 καὶ
3518 1521 3584 1589 τῇ
3622 1517 3809 1588 πέτρᾳ

514 1628 616 1697 τῆς
651 1625 962 1695 όρθοδοξίας
1019 1626 1084 1696 τῇ
1154 1623 1549 1696 ἀρῤαγεστάτῃ
1617 1619 2004 1692 προσκροῦσαν
2040 1635 2054 1648 ·

2123 1619 2212 1671 ἵνα
2251 1618 2515 1689 πληρωθῇ
2555 1619 2615 1671 τὸ
2657 1616 2971 1689 εἰρημένον,
3016 1632 3035 1665 ι
3085 1615 3150 1668 Ἦ
3182 1612 3429 1685 ῥομφαία
3470 1612 3653 1665 αὐτῶν
3692 1611 3811 1663 εἱσ-

526 1718 671 1771 έλοοι
705 1720 787 1781 είς
824 1717 1048 1788 καρδίας
1078 1716 1283 1782 αὐτῶν,
1352 1715 1447 1769 καὶ
1498 1714 1569 1767 τὰ
1609 1714 1742 1780 τόξα
1786 1710 1969 1767 αὐτῶν
2032 1709 2368 1780 συντριϐείη,
2406 1729 2426 1763 ι
2458 1709 2600 1764 κατὰ
2631 1709 2693 1763 τὸ
2720 1710 2918 1777 λόγιον.

1134 1827 1289 1883 CAP.
1332 1827 1474 1882 XVI.

588 1920 727 1977 Tres
748 1937 872 1976 cum
887 1922 999 1976 sint
1022 1936 1275 1991 personae
1303 1920 1502 1975 divina:
1524 1917 1599 1990 (2)
1624 1927 1681 1973 et
1703 1917 1950 1973 omnium
1973 1932 2111 1972 con-

522 2031 710 2081 sensu,
742 2016 1021 2085 inquiunt,
1058 2014 1225 2069 dicite
1251 2029 1373 2083 qua:
1408 2012 1577 2067 facies
1602 2012 1769 2067 fuerit
1788 2009 2113 2065 vulnerata?

530 2106 748 2161 Etenim
783 2107 828 2161 si
860 2106 1033 2161 facies
1064 2105 1267 2169 Verbi,
1302 2104 1430 2174 quia
1479 2101 1969 2158 consubstantialis
2024 2108 2109 2154 est

520 2197 693 2261 Patri,
729 2196 837 2251 erit
870 2206 925 2251 et
948 2196 1132 2257 Pater,
1158 2204 1214 2249 et
1246 2194 1487 2263 Spiritus
1511 2192 1768 2256 visibilis,
1809 2190 2110 2261 tangibilis,

522 2290 901 2355 vulnerabilis,
957 2289 1297 2359 temporalis,
1332 2288 1607 2359 passibilis
1629 2286 1985 2357 simpliciter,
2031 2284 2117 2339 ni-

524 2378 711 2448 hilque
740 2394 770 2433 a
804 2378 967 2432 nobis
1015 2386 1211 2431 natura
1266 2376 1535 2432 distabit:
1574 2377 1691 2430 haec
1720 2376 1870 2431 enim
1917 2374 2105 2429 omnia

524 2478 647 2523 erat
676 2469 847 2524 facies
865 2484 1145 2538 percussa.
1174 2467 1231 2523 Si
1264 2478 1448 2522 autem
1485 2468 1658 2523 altera
1698 2467 1871 2522 fuerit
1914 2467 2117 2522 verbe-

527 2568 666 2625 rata,
700 2574 898 2629 nempe
927 2560 1095 2614 facies
1148 2560 1391 2624 Christi,
1424 2560 1652 2615 remotis
1684 2560 1861 2614 tribus
1891 2559 2116 2625 divinis,

526 2667 712 2708 nonne
746 2652 868 2707 dua:
896 2662 1061 2707 erunt
1097 2652 1267 2708 facies
1316 2668 1412 2707 seu
1450 2668 1731 2722 personae,
1768 2653 1979 2707 scilicet
2012 2669 2120 2708 una

527 2744 719 2808 Verbi,
785 2745 951 2799 unius
1006 2745 1351 2810 eTrinitate,
1405 2754 1462 2799 et
1521 2745 1691 2799 altera
1722 2744 2120 2815 Christi?lpsi

528 2835 816 2891 docuistis.
878 2836 985 2890 Sed
1015 2837 1139 2891 luce
1178 2838 1385 2891 clarius
1425 2846 1510 2892 est
1549 2852 1743 2892 eorum
1777 2838 2055 2907 sophisma
2089 2853 2119 2892 e

528 2928 771 2982 nominis
804 2928 1165 2997 ambiguitate
1197 2938 1402 2983 ortum.
1452 2929 1718 2983 Percussa
1777 2930 1923 2983 enim
1958 2929 2123 2984 facies

531 3032 598 3072 ea
629 3033 740 3071 non
770 3025 891 3071 erat
916 3034 1038 3087 quae
1095 3035 1193 3088 pro
1255 3035 1488 3090 persona
1519 3022 1809 3090 accipitur,
1831 3038 1961 3077 sane
1990 3037 2123 3077 vero

2784 1824 3036 1898 ΚΕψΑΛ.
3095 1822 3215 1890 tq'.

2284 1918 2463 1990 Τριῶν
2488 1916 2659 1971 ὀντων
2682 1916 3135 1987 ὁμολογουμένως
3161 1912 3470 1985 προσώπων
3493 1911 3599 1966 τῶν
3621 1911 3811 1977 θείων,

2212 2012 2274 2065 τὸ
2289 2011 2345 2064 δὲ
2364 2011 2647 2082 ραπισθὲν,
2669 2012 2824 2082 φησὶ,
2839 2013 2990 2063 ποῖον
3014 2002 3154 2062 εἶναι
3180 2008 3365 2076 λέγετε
3388 2025 3402 2074 ;
3422 2008 3486 2061 Εἰ
3512 2007 3609 2076 μὲν
3623 2007 3737 2077 γὰρ
3754 2007 3816 2061 τὸ

2216 2105 2308 2158 τοῦ
2334 2103 2529 2171 Λόγου,
2557 2104 2680 2157 ἐπεὶ
2699 2102 2985 2173 όμοούσιον
3010 2102 3088 2172 τῷ
3118 2101 3315 2171 Πατρὶ,
3344 2100 3496 2153 ἔσται
3528 2101 3622 2153 καὶ
3649 2104 3677 2154 ὁ
3702 2101 3817 2153 Πα-

2214 2198 2321 2266 τὴρ
2346 2197 2444 2248 καὶ¹
2466 2196 2527 2249 τὸ
2549 2194 2776 2263 Πνεῦμα
2802 2194 2997 2265 ὁρατὸς
3019 2195 3111 2247 καὶ
3138 2194 3309 2257 ἁπτὸς
3340 2193 3433 2246 καὶ
3456 2191 3696 2262 πληκτδς
3716 2192 3816 2245 καὶ

2218 2286 2479 2357 έγχρονος
2529 2286 2623 2339 καὶ
2663 2285 2908 2356 παθητὸς
2967 2284 3174 2351 ἁπλῶς,
3202 2286 3296 2339 καὶ
3345 2284 3498 2338 οὐδὲν
3536 2283 3816 2355 διαφέρων

2219 2380 2376 2449 ἡμῶν
2418 2381 2484 2448 τῇ
2525 2378 2686 2447 φύσει
2717 2394 2730 2408 ·
2788 2376 3029 2430 τοιοῦτον
3075 2378 3184 2446 γὰρ
3217 2372 3279 2429 τὸ
3326 2376 3586 2446 ραπισθὲν
3639 2376 3816 2447 πρόσ-

2219 2489 2367 2524 ωπον
2396 2487 2410 2500 °
2438 2472 2485 2522 εἱ
2533 2471 2589 2524 δὲ
2621 2470 2808 2541 ἔτερόν
2843 2471 2959 2523 ἐστι
2993 2470 3056 2523 τὸ
3097 2469 3383 2540 ῥαπισθὲν,
3416 2471 3584 2541 ἤγουν
3624 2470 3685 2523 τὸ
3716 2467 3817 2523 τοῦ

2220 2562 2458 2634 Χριστοῦ
2496 2564 2807 2633 πρόσωπον,
2830 2563 2981 2633 παρὰ
3005 2563 3071 2616 τὰ
3099 2566 3201 2633 τῆς
3226 2564 3390 2630 ἁγίας
3410 2562 3641 2634 Τριάδος
3659 2563 3815 2632 τρία,

2222 2654 2340 2717 πῶς
2386 2653 2448 2706 οὐ
2501 2653 2594 2706 δύο
2639 2654 2909 2724 πρόσωπα
2944 2651 3038 2706 τοῦ
3072 2670 3130 2707 τε
3159 2654 3334 2723 Λόγου
3366 2652 3459 2707 τοῦ
3500 2655 3618 2717 ἑνὸς
3660 2653 3818 2718 ὄντος

2222 2746 2322 2813 τῆς
2371 2745 2625 2815 Τριάδος,
2659 2745 2753 2797 καλ⁵
2806 2744 2901 2797 τοῦ
2934 2742 3199 2814 Χριστοῦ,
3231 2745 3327 2798 καὶ
3366 2744 3525 2814 ὑμεῖς
3557 2745 3765 2798 διδόατε
3792 2761 3811 2810 ;

2236 2837 2377 2890 Ἀλλ’
2408 2835 2632 2907 εὖδηλον
2661 2837 2723 2889 τὸ
2759 2837 2911 2907 παρὰ
2951 2837 3049 2909 τὴν
3082 2838 3405 2908 ὁμωνυμίαν
3442 2837 3682 2908 σόφισμα
3711 2839 3818 2892 αὐ·

2226 2931 2335 2983 τῶν
2366 2947 2380 2960 ·
2417 2930 2477 2982 τὸ
2504 2931 2613 3001 γὰρ
2654 2930 2922 3001 ραπισθὲν
2953 2930 3269 3001 πρόσωπον,
3300 2932 3361 2985 οὐ
3394 2931 3454 2984 τὸ
3505 2932 3627 2985 ἀντὶ
3675 2933 3818 2986 ὑπο-

2229 3023 2473 3086 στάσεως
2524 3020 2937 3093 λαμϐανὸμενον
2985 3019 3075 3094 ἦν,
3108 3024 3286 3094 ἀλλ’ἢ
3327 3024 3450 3094 ὄψις
3498 3026 3593 3078 καὶ
3629 3026 3821 3099 μορφὴ

532 3123 596 3164 os
629 3109 801 3164 forma
852 3110 1092 3180 partium
1127 3113 1381 3183 corporis
1433 3113 1659 3169 humani
1704 3116 1880 3171 oculis
1912 3117 2119 3171 vicina-

2230 3115 2337 3169 τῶν
2376 3116 2506 3186 περὶ
2538 3116 2665 3178 τοὺς
2723 3109 2881 3179 ὦπας
2929 3114 3115 3187 μερῶν
3144 3115 3239 3169 τοῦ
3286 3115 3546 3185 σώματος
3573 3115 3667 3169 τοῦ
3720 3120 3824 3170 ἁν-

531 3218 679 3266 rum,
705 3211 767 3257 ut
816 3202 1021 3258 ibidem
1062 3203 1289 3259 dicitur.
1328 3205 1441 3260 l'loe
1471 3216 1657 3261 autem
1686 3224 1810 3263 esse
1841 3209 1988 3280 quod
2020 3224 2120 3279 per

533 3310 821 3365 personam
883 3296 1234 3367 intelligitur,
1268 3297 1461 3352 sedqu
1514 3299 1892 3355 ostendemus.
1940 3302 2123 3358 Unum

533 3388 682 3443 enim
711 3389 917 3444 dicitur
947 3389 1015 3443 de
1048 3400 1159 3444 tota
1195 3405 1428 3459 persona
1453 3390 1685 3457 Christi,
1711 3394 1945 3448 alterum
1988 3411 2123 3449 vero

532 3479 759 3535 nonnisi
805 3480 874 3535 de
905 3488 1060 3551 parte
1084 3482 1334 3551 corporis
1372 3483 1513 3554 ejus.
1554 3484 1668 3539 Hac
1713 3486 1991 3554 personali
2039 3486 2121 3541 fa-

535 3570 621 3626 cie
662 3571 878 3625 nullum
930 3570 1283 3626 individuum
1331 3573 1546 3639 vivens,
1598 3576 1814 3629 nullum
1867 3576 2125 3631 accidens

536 3662 900 3718 inanimatum
975 3664 1251 3735 duplicem
1330 3682 1628 3736 personam
1705 3668 1920 3723 habet:
1985 3669 2125 3723 nihil

535 3758 684 3813 enim
711 3774 904 3812 eorum
929 3774 1051 3829 quae
1073 3776 1183 3814 una
1205 3770 1334 3814 sunt
1358 3777 1591 3815 numero
1612 3760 1889 3831 duplicem
1918 3763 2127 3818 habent

535 3866 877 3922 personam;
908 3851 1012 3906 ista
1068 3860 1254 3907 autem
1297 3852 1436 3907 facie
1490 3855 1663 3908 multa
1692 3862 1823 3907 sunt
1867 3855 2126 3909 animalia

536 3945 775 4010 duabus,
806 3944 894 4000 vel
944 3944 1123 4001 tribus
1175 3946 1263 4000 vel
1316 3945 1575 4016 pluribus
1623 3945 1814 4017 ﬁguris
1871 3948 2124 4018 prmdita,

537 4036 735 4107 quales
767 4035 996 4091 fuerunt
1030 4036 1239 4106 hydria:
1273 4036 1511 4091 duorum
1540 4037 1783 4107 capitum
1807 4048 1867 4094 et
1899 4049 2121 4107 caetera,

536 4126 722 4197 qualia
744 4127 911 4182 etiam
970 4128 1301 4182 miraculosa
1361 4127 1663 4183 Cherubim
1708 4144 1834 4183 eum
1888 4141 2127 4201 quatuor

540 4219 807 4285 faeiebus,
838 4227 895 4275 et
944 4220 1173 4275 totidem
1210 4220 1425 4285 formis,
1463 4222 1543 4277 sic
1571 4229 1627 4277 et
1656 4222 1780 4278 aliis
1806 4223 2001 4281 formis
2027 4225 2127 4279 de-

466 4347 471 4350 ς
538 4311 705 4381 picta,
738 4327 840 4367 nec
871 4320 1051 4367 tamen
1080 4320 1323 4383 quatuor
1359 4328 1624 4382 personas
1650 4329 1846 4369 eorum
1867 4315 2124 4371 dicimus.

537 4404 699 4459 Juxta
730 4405 975 4475 priorem
1012 4404 1270 4476 specifica
1297 4414 1497 4460 natura
1530 4406 1585 4460 in
1636 4407 1870 4478 singulis
1916 4408 2123 4463 indivi-

2233 3206 2535 3277 θρωπείου,
2569 3206 2693 3261 ὅθεν
2746 3207 2840 3261 καὶ
2897 3206 3117 3275 λέγεται
3151 3222 3165 3238 ⁸
3217 3208 3299 3261 ὅτι
3336 3207 3393 3262 δὲ
3422 3208 3580 3262 τοῦτό
3610 3209 3729 3263 ἑστι
3758 3208 3827 3262 τὸ

2231 3299 2355 3353 ἀντὶ
2385 3300 2738 3364 ὑποστάσεως
2791 3300 3108 3370 νοούμενον,
3153 3300 3393 3354 δεικτέον
3439 3302 3673 3372 ἑτοίμως
3702 3319 3719 3335 ο
3759 3300 3829 3356 τὸ

2236 3393 2335 3463 μὲν
2373 3391 2485 3460 γὰρ
2536 3390 2659 3443 καθ’
2691 3378 2819 3462 ὅλης
2860 3391 3079 3459 λέγεται
3132 3392 3232 3462 τῆς
3280 3392 3632 3453 ὑποστάσεως
3683 3394 3829 3464 Χρι-

2236 3482 2395 3547 στοῦ,
2431 3483 2491 3535 τὸ
2513 3483 2569 3536 δὲ
2606 3481 2749 3535 κατὰ
2780 3482 2979 3552 μέρους
3004 3482 3098 3535 τοῦ
3130 3481 3381 3552 σώματος
3410 3483 3583 3553 αὐτῆς
3619 3484 3781 3553 μόνον
3806 3500 3825 3517 ο

2233 3574 2313 3628 ἔτι
2354 3576 2475 3627 κατ’
2517 3576 2693 3627 ἐκεῖνο
2736 3574 2833 3641 μὲν
2883 3573 2943 3626 τὸ
2971 3574 3341 3628 ὐποστατικδν
3380 3574 3699 3645 πρόσωπον,
3735 3577 3828 3629 οὐ·

2231 3667 2426 3719 δέποτέ
2481 3683 2534 3718 τι
2588 3666 2730 3729 ζῶον
2767 3665 2994 3735 ίδικδνῆ
3030 3665 3210 3731 ἄζωον
3246 3665 3304 3719 ἓν
3332 3666 3617 3737 πράγματι
3641 3669 3829 3740 ὐπάρ-

2231 3776 2343 3828 χον,
2378 3759 2730 3828 διπρόσωπόν
2760 3758 2876 3811 ἐστι
2912 3775 2926 3789 ’
2960 3759 3114 3811 οὐδὲν
3144 3758 3250 3830 γὰρ
3286 3758 3461 3813 ὄντων
3496 3760 3554 3812 ἓν
3601 3761 3830 3832 ἀριθμῷ

2231 3850 2315 3913 ὃν,
2362 3851 2760 3904 δισυπόστατόν
2811 3852 2967 3903 ἐστι’
3010 3851 3152 3904 κατὰ
3195 3851 3251 3903 δὲ
3286 3851 3466 3917 τοῦτο,
3510 3853 3683 3906 πολλὰ
3711 3853 3829 3918 ζῶα

2231 3944 2558 4014 διπρόσωπα
2618 3943 2711 3997 καὶ
2762 3945 3071 4015 τρικάρηνα
3111 3944 3206 3997 καὶ
3234 3944 3591 4014 πολυκέφαλα
3626 3946 3777 4000 ἐστιν
3812 3963 3828 3977 ο

2233 4028 2343 4087 οἷον
2379 4033 2742 4102 ἀμφισϐαἶναι
2771 4033 2927 4104 ῦδραι
2955 4034 3049 4085 καὶ
3076 4038 3143 4086 τὰ
3181 4032 3367 4098 λοιπά,
3397 4035 3585 4105 ὥσπερ
3633 4031 3705 4089 αῦ
3733 4036 3834 4088 καὶ

2233 4126 2301 4180 τὰ
2349 4126 2612 4196 τεράστια
2654 4126 3093 4196 τετραπρόσωπά
3134 4142 3194 4178 τε
3230 4128 3322 4178 καὶ
3363 4127 3727 4197 τετράμορφα
3757 4128 3833 4181 τὰ

2234 4218 2541 4287 Χερουϐὶμ,
2576 4216 2721 4270 οὓτω
2755 4218 2854 4287 μὲν
2887 4218 2982 4270 καὶ
3014 4219 3327 4286 έτεροειδῶς
3362 4220 3783 4288 μεμορφωμένα
3812 4236 3829 4251 ⁶

2234 4312 2328 4365 καὶ
2374 4311 2524 4380 ὅμως
2564 4310 2839 4382 τέσσαρας
2873 4310 3054 4364 αὐτῶν
3085 4310 3146 4364 οὐ
3183 4312 3367 4380 φαμὲν
3398 4311 3493 4365 καὶ
3548 4312 3647 4375 τὰς
3688 4314 3830 4366 ὐπυο

2235 4401 2478 4465 στάσεις.
2523 4401 2646 4455 Ἔτι
2678 4402 2799 4454 κατ’
2840 4404 3016 4455 έκεῖνο
3057 4402 3209 4474 κοινὴ
3241 4402 3403 4472 φύσις
3424 4406 3481 4457 ὲν
3509 4407 3623 4469 τοῖς
3684 4406 3830 4460 καθ-

539 4495 668 4551 duis
693 4495 952 4552 distincta
978 4506 1085 4559 est.
1107 4498 1261 4570 juxta
1306 4498 1674 4568 posteriorem
1717 4517 1851 4555 vero
1878 4503 2119 4572 particu-

2238 4496 2444 4548 έκαστα
2466 4494 2806 4564 διακρίνεται
2833 4511 2845 4523 ·
2877 4494 3017 4575 κατά
3052 4494 3108 4547 δὲ
3143 4493 3321 4560 τοῦτο,
3354 4495 3505 4567 καὶὴ
3540 4496 3685 4569 ίδικὴ
3726 4498 3833 4567 φύ-

542 4590 675 4645 laris
692 4600 889 4645 natura
923 4591 977 4643 in
1009 4606 1182 4644 unum
1211 4600 1267 4645 et
1308 4592 1545 4646 alterum
1584 4594 1894 4649 membrum
1922 4594 2129 4649 dividi--

543 4690 656 4735 tur.
722 4680 848 4735 Haec
891 4681 959 4735 de
1004 4681 1373 4736 rationalibus
1404 4692 1459 4736 et
1493 4684 1967 4741 irrationabilibus
1994 4727 2009 4750 ,
2062 4686 2131 4741 de

544 4772 923 4827 materialibus
978 4781 1035 4826 et
1084 4772 1564 4840 immaterialibus,
1618 4774 1687 4829 de
1715 4775 1858 4829 vivis
1891 4785 1947 4830 et
1985 4792 2134 4831 mor-

546 4865 656 4921 tuis
686 4865 859 4920 rebus
881 4864 1108 4929 dieitur,
1144 4874 1336 4935 utpote
1362 4881 1462 4936 pro
1488 4882 1727 4938 persona
1755 4868 2049 4939 accipitur,
2076 4876 2134 4924 et

542 4958 673 5028 quia
723 4959 1035 5028 cuicunque
1060 4959 1432 5028 personaliter
1453 4960 1740 5016 exsistenti
1763 4970 1846 5015 est
1864 4978 2134 5032 persona;

544 5049 649 5105 ista
688 5058 873 5105 autem
931 5050 1000 5105 de
1051 5050 1183 5107 solis
1232 5051 1561 5122 corporibus
1581 5051 1767 5106 anima
1806 5051 2131 5117 moderatis,

546 5144 807 5214 pleraque
842 5144 990 5198 enim
1017 5144 1214 5200 animae
1247 5145 1462 5217 egentia
1496 5145 1613 5199 solo
1636 5159 1892 5199 sermone
1930 5160 2134 5217 cogno-

545 5246 798 5291 scuntur.
829 5236 957 5292 Πεοο
1006 5237 1077 5293 de
1133 5237 1458 5294 substantiis
1492 5236 1959 5291 intellectualibus
1989 5251 2135 5306 saepe

545 5328 773 5385 dicitur.
805 5336 865 5382 ut
893 5329 1055 5384 Pater
1084 5328 1153 5384 de
1185 5329 1429 5399 ingenito
1462 5346 1477 5395 ;
1514 5328 1614 5383 ista
1643 5327 1864 5382 nonnisi
1912 5326 1980 5381 de
2011 5342 2137 5382 sen—

546 5420 801 5475 sibilibus
854 5421 1199 5477 inscribitur.
1231 5422 1476 5476 Persona
1528 5436 1658 5491 ergo
1703 5429 1761 5476 et
1818 5419 1987 5475 facies
2010 5435 2133 5490 qua:

622 5564 664 5594 “
696 5564 841 5619 Psal.
880 5580 1063 5631 xxxvi,
1090 5564 1177 5620 15.

620 5680 815 5749 (2)Hic
837 5691 1031 5753 auctor
1059 5691 1250 5753 noster
1278 5690 1547 5752 perpetuo
1580 5682 1727 5737 ludit
1747 5683 1922 5737 verbo
1956 5682 2130 5753 πρόσ-

552 5767 724 5823 ωπον,
764 5752 911 5823 (μιοᾴ
939 5753 1082 5821 apud
1117 5751 1661 5823 Graecosﬂpersnnam
1693 5753 1957 5823 etfaciem
1978 5751 2134 5817 aeque

551 5818 839 5889 significat.
865 5818 1039 5887 Quam
1080 5818 1475 5891 amphiboliam
1530 5822 1710 5877 Latini
1765 5818 1875 5877 non
1906 5823 2131 5877 habent.

2236 4607 2320 4653 σις
2356 4588 2497 4659 αῦτη
2532 4588 2607 4651 ὼς
2633 4589 2714 4651 είς
2748 4589 2911 4659 μέλος
2942 4588 3059 4641 τόδε
3105 4588 3200 4641 καὶ
3232 4588 3352 4641 τόδε
3392 4589 3678 4660 μερίζεται
3704 4609 3719 4623 ο
3744 4591 3832 4644 ἔτι

2233 4683 2433 4747 έκεῖνο,
2466 4680 2609 4734 κατά
2634 4697 2693 4733 τε
2724 4679 2949 4752 ἀψύχων
2984 4681 3079 4734 καὶ
3110 4680 3392 4751 ἐμψύχων,
3431 4681 3525 4733 καὶ
3552 4682 3834 4751 σωμάτων

2236 4776 2331 4830 καλ⁵
2357 4775 2688 4845 ἀσωμάτων,
2718 4776 2812 4828 καὶ
2838 4774 2993 4839 ζώων
3024 4774 3116 4828 καὶ
3157 4773 3352 4839 άζὼων
3374 4774 3618 4843 λέγεται,
3653 4776 3835 4847 ἧγουν

2235 4870 2297 4920 τὸ
2330 4868 2451 4923 ἀντὶ
2491 4870 2589 4938 τῆς
2621 4866 2977 4931 ὑποστάσεως
3002 4883 3016 4897 ·
3051 4868 3254 4931 παντὸς
3289 4868 3403 4938 γὰρ
3474 4868 3631 4932 ὄντος
3695 4870 3836 4923 αὐθ-

2241 4959 2582 5025 υποστάτως,
2605 4960 2725 5013 ἐστὶ
2752 4960 2846 5013 καλ⁵
2877 4960 3180 5024 ὑπόστασις
3197 4977 3209 4990 ’
3249 4960 3409 5013 τοῦτο
3436 4960 3493 5013 δὲ
3520 4961 3614 5013 ἐπὶ
3646 4962 3833 5030 μόνων

2232 5052 2341 5106 τῶν
2379 5051 2815 5123 ἔμψυχωθέντων
2850 5052 3120 5121 σωμάτιον
3142 5052 3350 5124 κυρίως
3377 5067 3390 5081 ⁸
3416 5051 3525 5104 τῶν
3548 5052 3659 5121 γὰρ
3689 5051 3835 5121 ἀψύ-

2235 5159 2345 5214 χων
2384 5141 2453 5195 τὰ
2492 5142 2719 5194 πλεῖστα
2755 5140 2851 5211 τὴν
2878 5142 3206 5209 ἐπιφάνειαν
3237 5142 3398 5213 μόνον
3427 5142 3580 5213 δηλοῖ
3600 5143 3836 5214 λεγόμε-

2245 5250 2335 5289 νον
2363 5250 2373 5262 ·
2410 5234 2490 5286 έτι
2524 5236 2701 5286 έκεῖνο
2727 5238 2819 5287 καὶ
2844 5232 2933 5286 διά
2967 5250 3128 5286 τινων
3159 5234 3369 5303 νοητῶν
3395 5233 3662 5297 πολλάκις
3691 5236 3835 5287 ὐπο-

2236 5325 2512 5399 γράφεται
2549 5324 2898 5379 ὲπουσιωδῶν
2927 5323 3116 5394 ὥσπερ
3145 5324 3222 5392 τῷ
3254 5324 3580 5395 άγεννήτῳό
3605 5324 3831 5396 Πατήρ·

2239 5418 2398 5472 τοῦτο
2425 5418 2483 5472 δὲ
2519 5417 2680 5487 μόνον
2710 5417 2799 5471 διὰ
2822 5417 2933 5470 τῶν
2958 5417 3234 5487 αἰσθητῶν
3278 5416 3714 5489 συμϐεϐηκότων
3740 5418 3836 5475 ἀεὶ

2242 5680 2526 5806 idleloliac
2586 5695 2723 5738 voce
2777 5694 2925 5737 'iunc
2976 5679 3195 5749 faciem,
3247 5696 3395 5738 nunc
3424 5696 3720 5752 personam
3748 5680 3838 5742 in-

2244 5761 2296 5806 te
2347 5766 2563 5806 mimus.

2244 5761 2563 5817 telligtmus.
