4116 6444
308 389 448 456 1573
1261 393 1663 464 ADVERSUS
1698 392 1933 456 NESTO

1967 392 2247 455 RIANOS.
2285 417 2356 431 --
2383 394 2532 453 LI'B.
2570 393 2653 454 ΙΙ.
3454 395 3592 461 1574

298 505 663 579 δια-γράφεται
697 521 713 539 ο
754 506 1055 571 ὑπόστασις
1083 502 1179 563 οὖν
1212 512 1309 563 καὶ
1344 512 1407 565 τὸ
1440 512 1649 582 ταύτης
1678 530 1888 584 σημαν-

1998 514 2121 584 ejus
2164 520 2251 568 est
2301 512 2591 579 indicium,
2618 528 2840 583 semper
2868 512 3030 568 unica
3071 520 3128 568 et
3159 512 3596 586 uniuscujusque

299 600 451 653 τικὸν
481 599 804 669 πρόσωπον,
838 597 896 650 ἓν
928 598 1164 651 ἑκάστου
1217 601 1337 654 ἐστὶ
1370 602 1692 674 προσώπου,
1722 603 1902 673 ὅψεως

2004 604 2187 670 faciei.
2218 605 2336 662 sive
2388 607 2579 661 vultus
2630 607 2702 661 sit
2743 605 3045 672 sensibilis,
3077 607 3193 662 sive
3235 624 3388 674 non;
3428 608 3596 667 facies

299 690 670 761 σημαντικῆς,
693 691 802 743 εἴτε
851 689 1017 760 οὔσης
1040 732 1054 755 ,
1080 690 1186 745 εἴτε
1220 693 1315 745 καὶ
1372 696 1448 764 μὴ
1481 693 1649 765 οὔσης
1685 711 1698 724 ⁸
1734 696 1904 765 πρόσ-

2005 708 2213 765 autem,
2254 701 2547 763 utvultus,
2577 715 2685 754 non
2712 715 2931 770 semper
2960 709 3041 755 est
3076 701 3281 771 duplex
3316 719 3419 758 nec
3465 702 3593 757 uni-

302 802 454 837 ωπον
500 784 559 837 δὲ
589 784 651 837 τὸ
678 783 753 844 ώς
786 783 930 853 ὄψις,
963 784 1023 836 οὑ
1055 786 1271 848 πάντως
1296 786 1387 839 δύο
1417 787 1630 858 ἑκάστῳ
1653 789 1818 842 είσίν·
1842 790 1902 842 οὑ

2006 790 2209 860 cuique
2231 791 2539 847 individuo.
2558 793 2690 847 Duae
2706 808 2837 862 ergo
2852 808 3103 862 personze
3119 794 3286 849 Verbi
3298 835 3311 856 ,
3331 803 3387 849 et
3404 795 3595 851 forma

299 877 391 929 δύο
420 876 512 930 οὖν
530 876 797 947 πρόσωπα
820 876 986 947 ἤγουν
1011 878 1337 942 ὑποστάσεις
1365 878 1459 932 τοῦ
1485 881 1660 949 Λόγου
1689 883 1783 934 καὶ
1806 882 1905 953 τῆς

2007 886 2128 953 ejus
2170 883 2498 947 incarnataa,
2543 900 2653 938 non
2700 883 2829 938 inde
2878 884 3170 940 evidenter
3201 886 3593 953 deducuntur,

300 968 565 1038 ὲνσάρκου
606 966 771 1021 αὑτοῦ
805 968 1021 1038 μορφῆς
1054 969 1259 1040 δηλαδὴ
1297 970 1546 1023 ἐντεῦθεν
1579 972 1854 1025 δεικνύετε
1886 987 1901 1004 ’

2007 982 2065 1028 et
2110 973 2237 1029 ideo
2270 976 2375 1029 alia
2406 984 2528 1029 erat
2570 990 2808 1045 persona
2838 973 3047 1030 Christi
3108 976 3275 1030 Verbi
3305 976 3592 1042 incarnati,

303 1060 436 1113 διότι
451 1060 579 1115 ἄλλο
596 1054 663 1130 ἦν
684 1059 746 1112 τὸ
764 1060 860 1129 τῆς
886 1060 1236 1124 ὑποστάσεως
1257 1063 1495 1133 Χριστοῦ
1522 1064 1618 1117 τοῦ
1636 1066 1904 1135 ὲνσάριεου

2008 1066 2159 1121 aliud
2192 1068 2503 1122 membrum
2536 1068 2720 1123 carnis
2740 1066 3002 1133 visibilis,
3024 1077 3276 1123 vocatum
3302 1069 3494 1124 facies.
3528 1065 3597 1123 Et

300 1154 479 1223 Λόγου
507 1154 824 1223 πρόσωπον,
840 1154 935 1206 καὶ
956 1153 1083 1208 ἄλλο
1106 1155 1204 1224 τῆς
1228 1156 1493 1227 αἰσθητῆς
1511 1156 1676 1210 αὑτοῦ
1697 1158 1903 1229 σαρκὸς

2010 1158 2057 1211 si
2116 1158 2288 1212 vultis
2319 1158 2536 1223 audire,
2572 1158 2666 1227 qui
2704 1158 2856 1212 visus
2912 1167 2996 1211 est
3040 1173 3070 1211 a
3109 1159 3266 1212 vobis
3295 1174 3593 1228 personam

308 1248 490 1317 μέλος,
535 1246 831 1317 πρόσωπον
894 1245 1222 1317 λεγόμενον
1277 1250 1325 1301 εί
1372 1249 1480 1319 γὰρ
1545 1251 1702 1304 τοῦτο
1762 1251 1911 1305 δοκεῖ

2012 1246 2207 1301 habuit
2233 1263 2356 1316 quae
2385 1254 2613 1301 vocatur
2660 1246 2851 1311 facies,
2888 1246 3110 1301 aliunde
3156 1263 3391 1317 persona
3427 1247 3594 1303 intel-

310 1338 461 1409 ὑμῖν,
510 1339 729 1403 πάντως
764 1339 858 1393 καὶ
911 1338 1325 1409 ὑμῶνόκαθεὶς
1381 1343 1474 1395 ἐπὶ
1520 1342 1640 1411 όψιν
1683 1360 1742 1395 τε
1797 1342 1910 1413 ἔχει

2010 1338 2239 1408 ligibilis
2287 1348 2371 1393 est
2422 1351 2478 1393 et
2523 1338 2718 1403 facies,
2747 1354 2845 1394 seu
2918 1340 3234 1410 πρόσωπον,
3274 1340 3381 1395 hoc
3428 1355 3595 1395 sensu

307 1432 405 1501 τὴν
463 1430 764 1501 λεγομένην
838 1432 1130 1501 πρόσωπον
1169 1448 1184 1462 ·
1234 1433 1531 1497 ὑπόστασις
1589 1433 1648 1487 τέ
1708 1436 1824 1487 ἐστι
1875 1438 1909 1503 ἡ

2012 1431 2151 1486 duas
2181 1432 2377 1485 habuit
2401 1432 2770 1501 personas.Et
2804 1431 3007 1486 iterum
3045 1434 3306 1501 quoniam
3337 1432 3597 1502 qualibet

310 1522 569 1593 νοουμένη
627 1522 941 1592 πρόσωπον,
994 1521 1089 1575 δύο
1144 1521 1258 1593 ἔχει
1318 1524 1388 1577 τά
1448 1526 1760 1595 πρόσωπα·
1830 1526 1912 1578 ἔτι

2012 1524 2318 1593 personalis
2368 1524 2540 1578 facies
2588 1534 2760 1579 totam
2795 1525 3037 1578 animam
3074 1531 3130 1579 et
3157 1524 3347 1578 omnia
3398 1539 3596 1593 corpo-

303 1613 361 1665 δὲ
432 1615 555 1667 ἐπεὶ
637 1614 885 1685 περιέχει
963 1617 1072 1669 πᾶν
1160 1615 1524 1673 ὑποστατικὸν
1616 1618 1913 1691 πρόσωπον

2013 1617 2149 1669 ralia
2174 1616 2439 1681 membra,
2470 1632 2706 1687 quorum
2729 1632 2901 1671 unum
2948 1628 3033 1671 est
3079 1617 3296 1675 oculus.
3356 1616 3598 1687 comple-

303 1705 404 1774 τήν
456 1721 514 1757 τε
562 1704 740 1775 ψυχὴν
796 1707 998 1771 πᾶσαν,
1030 1706 1127 1759 κα)⁹
1159 1706 1337 1761 πάντα
1387 1708 1458 1763 τά
1505 1706 1601 1761 τοῦ
1658 1709 1913 1779 σώματος

2015 1709 2204 1773 ctitur,
2241 1708 2349 1763 erit
2374 1724 2481 1763 una
2519 1718 2703 1763 vestra
2749 1708 2919 1764 facies
2944 1709 3114 1764 altera
3150 1709 3550 1778 comprehensa
3580 1725 3594 1763 :

300 1798 409 1850 τῶν
433 1797 748 1851 καθέκαστα
768 1798 839 1852 τὰ
862 1799 1027 1870 μέρη,
1049 1794 1125 1853 ὧν
1149 1802 1296 1853 ἐστιν
1317 1800 1377 1854 ἓν
1401 1802 1495 1854 καὶ
1518 1804 1550 1873 ἡ
1580 1802 1701 1872 ὄψις
1742 1803 1903 1872 αὑτὴ,

1970 1818 2297 1873 ,nunquam
2355 1818 2491 1857 vero
2554 1802 3020 1871 comprehensum
3079 1801 3225 1856 idem
3287 1812 3373 1856 est
3432 1810 3595 1871 atque

305 1889 458 1943 ἔσται
492 1890 648 1961 ὑμῶν
684 1891 745 1943 τὸ
776 1891 832 1943 ἒν
864 1868 1157 1963 πρόσωπον
1177 1894 1284 1962 ἄρα
1305 1891 1385 1964 τῷ
1424 1868 1601 1965 ἑτέρῳ
1625 1868 1907 1966 προσώπω

1969 1870 1982 1925 ³
2010 1894 2487 1964 comprehendens
2514 1912 2526 1947 :
2564 1910 2677 1948 non
2706 1910 2839 1964 ergo
2870 1910 2978 1948 una
3013 1894 3198 1949 eritet
3228 1894 3421 1949 eadem
3467 1894 3594 1948 uni-

304 1981 458 2052 ὑμῶν
487 1984 894 2053 περιεχόμενον·
918 1984 979 2036 οὑ
1001 1986 1196 2038 ταυτὸν
1214 1984 1268 2038 δὲ
1294 1984 1513 2038 πώποτε
1530 1986 1607 2058 τῷ
1626 2003 1692 2039 πε
1701 1987 1908 2057 ριέχον-

2009 1985 2210 2055 cuique
2235 1996 2482 2040 vestrum
2518 1986 2707 2052 facies,
2740 1986 2838 2040 sed
2883 1987 3007 2041 dua:
3031 1994 3216 2051 erunt,
3251 2002 3361 2040 una
3395 1987 3590 2056 major,

302 2090 358 2125 τι
377 2073 511 2126 αὑτὸ
535 2074 594 2127 τὸ
616 2075 1008 2145 περιεχόμενον
1032 2092 1046 2105 ·
1080 2076 1189 2147 ἄρα
1217 2076 1313 2129 οὖν
1333 2076 1431 2147 οὑχ
1472 2075 1529 2129 ἓν
1558 2077 1655 2130 καὶ
1684 2079 1902 2142 ταυτὸν,

2008 2076 2190 2130 minor
2245 2076 2434 2131 altera.
2471 2076 2717 2146 Magnam
2755 2091 2890 2130 vero
2936 2085 2992 2130 et
3016 2092 3241 2146 parvam
3274 2090 3590 2145 personam,

304 2164 423 2219 οὑδὲ
455 2165 548 2218 τοῦ
594 2165 800 2218 καθένα
850 2165 1010 2235 ὑμῶν
1038 2166 1098 2220 τὸ
1135 2168 1450 2238 πρόσωπον,
1481 2169 1618 2221 ἀλλὰ
1661 2168 1755 2222 δύο
1808 2168 1903 2222 καὶ

2004 2176 2060 2221 et
2089 2168 2210 2222 illas
2240 2168 2297 2222 in
2334 2184 2440 2221 una
2471 2184 2529 2223 re
2560 2168 2653 2222 ubi
2678 2168 2942 2223 vidistis?
2971 2177 3139 2239 atque
3168 2169 3398 2237 insuper
3428 2184 3586 2222 num-

312 2256 494 2329 μεῖζον
523 2258 771 2329 θάτερον·
801 2258 895 2311 καὶ
922 2258 1096 2328 βραχὺ
1126 2258 1186 2312 τὸ
1212 2259 1419 2330 ἕτερον·
1447 2259 1548 2312 ποῦ
1577 2260 1633 2313 δὲ
1659 2259 1902 2331 μεγάλην

2004 2259 2137 2330 quid
2174 2260 2397 2314 animali
2427 2261 2670 2331 plurium
2704 2262 2948 2331 capitum
2968 2260 3159 2315 decem
3187 2260 3371 2316 forsan
3400 2274 3595 2331 perso-

308 2352 404 2404 κα“ι
438 2350 640 2421 μικράν
670 2351 766 2403 καὶ
797 2350 971 2403 ταῦτα
996 2351 1088 2404 τοῦ
1118 2351 1283 2404 αὑτοῦ
1331 2352 1631 2406 ὑπόστασιν
1660 2352 1899 2423 ἠκούσαο

2004 2367 2094 2406 me
2127 2361 2313 2417 erunt,
2342 2353 2410 2417 si,
2443 2353 2669 2407 nomina
2703 2352 2942 2423 propriae
2987 2352 3171 2408 carnis
3201 2368 3313 2408 non
3341 2351 3595 2408 dividen-

305 2458 400 2508 τες
441 2443 520 2495 ἑτι
554 2441 659 2512 μὴν
683 2440 827 2495 οὕτω
851 2441 957 2493 τῶν
989 2440 1380 2511 πολυκεφάλων
1410 2443 1540 2496 δέκα
1564 2443 1723 2513 τυχὸν
1749 2443 1899 2497 ἔσον-

1522 2461 1540 2495 ι
1564 2443 1723 2513 τυχὸν
1749 2443 1899 2497 ἕσον-
2004 2452 2108 2511 tes,
2146 2444 2250 2515 ipsi
2286 2453 2523 2515 propter
2552 2447 2780 2501 nomina
2810 2445 3147 2501 dividimini.

305 2551 397 2588 ται
448 2535 799 2598 ὑποστάσεις,
834 2536 881 2586 εί
917 2535 963 2587 δ’
996 2530 1089 2588 οὖν
1127 2538 1222 2588 καὶ
1266 2535 1423 2605 ὑμεῖς
1452 2535 1771 2607 ὲδιχάσθητε
1823 2536 1901 2608 τῷ

302 2626 451 2697 λόγῳ
484 2626 576 2679 τὸν
604 2626 763 2693 λόγον
797 2626 897 2695 τῆς
927 2626 1064 2689 ιδίας
1092 2626 1294 2696 σαρκὸς
1318 2627 1378 2679 οὑ
1418 2626 1758 2697 διχάσαντες.

391 2717 530 2770 Ἀλλ’
562 2717 732 2783 ἔστιν,
757 2712 803 2771 ὦ
829 2712 997 2782 οὗτοι,
1030 2719 1157 2773 τάδε
1189 2719 1523 2790 πανουργίας
1552 2720 1900 2793 ἀνθρωπίνης

2073 2711 2201 2767 Haec
2231 2721 2382 2779 sunt,
2409 2728 2443 2767 ο
2470 2712 2744 2778 homines,
2774 2713 3119 2783 sephismata
3148 2713 3357 2784 quibus
3400 2712 3593 2771 dolose

310 2810 456 2880 πρὸς
491 2808 776 2880 μεθοδείαν
836 2808 1047 2879 πλάνης
1089 2811 1157 2863 τὰ
1209 2810 1550 2882 σοφίσματα,
1586 2805 1621 2887 ᾖ
1677 2830 1842 2883 φησιν
1870 2816 1897 2868 ὁ

2001 2804 2179 2857 utitur
2226 2804 2515 2875 theologus
2557 2804 2624 2858 ad
2669 2820 2920 2860 errorem
2965 2806 3360 2861 inducendum.
3390 2805 3460 2860 Et
3490 2823 3591 2862 nos

304 2903 633 2975 θεορρήμων
668 2918 681 2931 ·
729 2900 967 2973 ἐροῦμεν
1013 2901 1121 2972 γὰρ
1157 2901 1287 2972 ὑμῖν
1326 2904 1528 2957 τοιόνδε
1557 2921 1571 2935 ·
1602 2905 1714 2958 Kal.
1736 2907 1897 2976 ἡμεῖς

1998 2894 2080 2949 sic
2099 2894 2388 2950 vobiscum
2415 2912 2641 2966 agemus
2670 2914 2682 2948 :
2703 2894 2972 2961 Quoniam
2996 2895 3253 2953 Christus
3273 2897 3480 2954 dicitur
3494 2914 3594 2969 per

304 2993 562 3047 ὁπωσοῦν
589 2993 727 3058 ὅλως
752 2995 1092 3066 ἐνεργεῖσθαι
1113 2995 1189 3065 τῷ
1203 2994 1334 3067 θείῳ
1353 2996 1512 3067 Λόγῳ
1540 2999 1632 3051 τὸν
1658 2999 1896 3069 Χριστὸν

1996 2987 2242 3042 Verbum
2296 2989 2547 3043 divinum
2608 3001 2871 3057 operatus
2918 3003 3042 3043 esse
3085 2990 3249 3059 juxta
3314 2989 3461 3044 dicta
3496 2999 3592 3045 aut

302 3084 515 3139 διδοῦσι
550 3086 691 3139 κατὰ
721 3086 789 3139 τὰ.
811 3086 905 3138 ὑπ’
934 3086 1102 3141 αὑτοῦ
1144 3087 1417 3157 λεγόμενα
1450 3088 1483 3158 ἢ
1514 3090 1774 3160 γινόμενα
1796 3131 1811 3155 ,
1839 3092 1893 3144 τί

1993 3078 2135 3134 facta
2175 3080 2244 3134 ab
2277 3080 2416 3150 ipso,
2454 3096 2553 3134 vos
2596 3078 2732 3149 quid
2763 3078 2987 3135 dicitis?
3022 3079 3265 3135 Verbum
3324 3082 3471 3151 quod
3504 3082 3588 3137 le-

301 3195 443 3249 φατε
467 3178 558 3244 ;Ὀ
573 3178 744 3246 Λόγος
764 3181 792 3232 ὁ
811 3180 985 3251 φήσας
1008 3180 1142 3250 πρὸς
1162 3180 1252 3233 τὸν
1272 3179 1493 3252 λεπρὸν,
1516 3182 1696 3235 «Θέλω
1719 3184 1889 3237 καθα·
1916 3229 1926 3275 ε

1994 3185 2160 3239 prose
2197 3171 2335 3224 dixit
2365 3188 2379 3225 :
2422 3190 2439 3220 ς
2474 3169 2633 3235 Volo,
2663 3170 2987 3237 mundare,»
3023 3180 3214 3228 eratne
3242 3172 3385 3240 heri,
3412 3173 3589 3244 pridie

300 3270 576 3345 ρίσθητι,›
611 3267 679 3343 ἦν
713 3271 840 3341 χθὲς
868 3272 963 3325 καὶ
980 3273 1173 3343 τρίτην
1200 3272 1296 3326 καὶ
1320 3273 1426 3343 πρὸ
1456 3273 1690 3340 αἰώνων,
1727 3277 1759 3347 ἢ
1800 3277 1890 3329 οὑ·
1917 3262 1925 3274 ’

1992 3271 2048 3317 et
2073 3272 2201 3317 ante
2233 3263 2451 3330 saecula,
2478 3263 2563 3317 vel
2592 3263 2738 3317 non?
2764 3262 2821 3318 Si
2850 3264 3151 3331 posterius,
3180 3267 3589 3335 quomodonam

299 3361 361 3433 χί
386 3377 401 3427 ;
429 3361 492 3414 Εί
529 3361 627 3432 μὲν
656 3361 763 3433 γὰρ
785 3364 889 3416 οὑκ
914 3357 1005 3433 ἦν,
1023 3363 1143 3425 πῶς
1170 3364 1302 3427 Θεὸς
1323 3365 1351 3417 ὁ
1381 3365 1697 3436 πρόσφατος
1720 3366 1888 3429 δοκεῖ,

1993 3354 2140 3408 Deus
2176 3354 2414 3408 habetur
2468 3355 2573 3409 iste
2620 3356 2939 3423 cruciﬁxus,
2968 3358 3101 3413 licet
3145 3373 3309 3428 quam
3351 3360 3586 3417 maxima

299 3452 409 3507 κᾶν
441 3453 522 3506 ὅτι
551 3453 623 3506 τά
643 3453 879 3524 μέγιστα
907 3452 997 3507 διὰ
1020 3454 1261 3524 Χριστοῦ
1291 3454 1323 3525 ἢ
1359 3449 1571 3520 οὗτινος
1598 3456 1889 3528 ἀνθρώπου

1994 3447 2260 3502 miracula
2309 3464 2409 3518 per
2440 3447 2725 3502 Christum
2787 3458 2880 3504 aut
2937 3451 3243 3518 quemlibet
3304 3452 3588 3510 hominem

300 3544 557 3617 ὲνεργοίη
579 3560 593 3574 ο
624 3546 673 3597 εί
702 3544 757 3597 δὲ
780 3540 873 3616 ἦν,
901 3545 1019 3608 πῶς
1054 3545 1225 3598 θέλων
1253 3546 1353 3600 οὑκ
1383 3547 1712 3619 ὲκαθάριξεν
1740 3550 1789 3601 εί
1817 3549 1892 3620 μὴ

1994 3548 2256 3610 operatus
2282 3541 2393 3595 sit?
2418 3539 2474 3595 Si
2499 3542 2676 3610 prius,
2713 3558 2813 3597 cur
2848 3544 3155 3613 leprosum,
3184 3560 3349 3615 quem
3377 3545 3587 3602 dudum

299 3636 428 3690 τότε
458 3638 551 3690 τὸν
586 3635 824 3708 λεπρόν;
863 3637 1074 3709 Ὠσπερ
1104 3635 1200 3693 οὖν
1232 3640 1401 3709 σαφὲς
1432 3640 1528 3693 ἐπὶ
1577 3640 1732 3693 τοῦδε
1755 3682 1769 3707 ,
1809 3641 1891 3694 ὃτι

1994 3632 2236 3697 volebat,
2281 3634 2507 3687 nonnisi
2542 3634 2650 3689 hoc
2690 3644 2939 3704 tempore
2976 3635 3315 3692 mandavit?
3352 3638 3458 3694 Sed
3528 3652 3590 3696 ut

301 3725 637 3799 προαιώνιος
662 3725 756 3779 τοῦ
787 3725 922 3779 Θεοῦ
955 3728 983 3779 ό
1025 3725 1135 3790 ζῶν
1165 3743 1224 3780 τε
1254 3728 1349 3780 καὶ
1383 3726 1614 3798 ἐνεργὴς
1664 3727 1754 3781 ἀεὶ
1790 3727 1893 3780 Λό-

1996 3722 2131 3777 illud
2179 3733 2446 3779 aeternum
2493 3740 2711 3795 semper
2741 3726 2935 3781 vivens
2987 3736 3042 3781 et
3070 3744 3308 3798 operans
3336 3731 3586 3787 Verbum

302 3836 423 3889 γος,
454 3818 576 3872 τότε
598 3817 676 3886 τῷ
705 3816 1029 3888 προφορικῷ
1061 3817 1230 3871 αὑτοῦ
1277 3817 1421 3888 λόγῳ
1450 3818 1549 3889 τὴν
1585 3817 1725 3871 κατὰ
1771 3835 1893 3871 και-

1994 3815 2091 3870 Dei
2125 3825 2258 3871 tunc
2292 3831 2551 3872 sermone
2587 3818 2805 3886 prolato
2831 3834 2989 3873 suam
3014 3821 3352 3878 voluntatem
3382 3839 3590 3895 oppor-

307 3909 402 3981 ρὸν
433 3909 525 3963 καὶ
554 3908 743 3981 χρείαν
799 3908 994 3962 ἑαυτοῦ
1028 3909 1249 3979 Θέλησιν
1293 3908 1633 3978 ἐξαγγέλλει,
1664 3909 1780 3974 πῶς
1829 3910 1891 3963 οὑ

1996 3914 2129 3960 tune
2161 3914 2217 3961 et
2242 3905 2457 3961 utiliter
2490 3907 2838 3974 manifestat,
2867 3910 2948 3965 sie
2975 3911 3156 3980 liquet
3188 3912 3592 3983 impassibilcm

304 4000 471 4070 δῆλον
493 4000 567 4065 ώς
599 4000 694 4053 καὶ
720 4001 780 4053 τὸ
836 4000 1046 4064 ἀπαθὲς
1097 4000 1265 4054 αὑτοῦ
1319 4002 1415 4056 καὶ
1456 4002 1685 4073 ἀόρατον
1723 4001 1894 4072 πρόσ-

1994 4006 2050 4051 et
2077 3996 2414 4051 invisibilem
2436 3998 2556 4070 ejus
2578 4014 2871 4068 personam
2891 4016 2992 4071 per
3011 4003 3333 4058 sensibilem
3362 4004 3582 4071 faciem,

302 4108 459 4147 ωπον
489 4092 578 4145 διὰ
621 4090 718 4146 τοῦ
753 4092 1013 4162 αἰσθητοῦ
1039 4094 1133 4147 xal.
1165 4093 1367 4164 μέρους
1393 4092 1490 4146 τοῦ
1517 4093 1766 4164 σώματος
1790 4095 1892 4147 αὑ-

1995 4105 2117 4159 quze
2167 4104 2298 4159 pars
2352 4090 2604 4160 corporis
2653 4102 2797 4157 erat,
2828 4094 3228 4149 contumeliosa
3258 4095 3491 4151 verbera
3517 4097 3586 4152 ab

299 4185 399 4240 τοῦ
439 4185 778 4256 ὑπάρχοντος
808 4185 1128 4257 προσώπου,
1162 4188 1263 4257 τὴν
1315 4187 1541 4257 ἀτιμίαν
1575 4187 1686 4240 τῶν
1732 4189 1894 4259 ῥαπι-

1996 4177 2318 4233 hominibus
2362 4179 2649 4235 effrenatis
2693 4182 2991 4251 accepisse.
3019 4183 3116 4238 Vel
3163 4184 3388 4246 iterum.
3424 4200 3456 4239 ο
3492 4202 3584 4240 so-

302 4278 461 4350 σμῶν
483 4277 549 4331 δι’
576 4277 892 4349 ἐλευθερίαν
919 4277 1078 4348 ἡμῶν
1106 4278 1504 4348 καταδέχεται;
1540 4279 1663 4331 Ἔτι
1698 4278 1825 4349 μὴν,
1849 4273 1893 4332 ὧ

1995 4270 2214 4340 ριιὶειιε,
2253 4279 2365 4326 tres
2395 4287 2521 4327 cum
2565 4274 2677 4328 sint
2734 4288 2988 4344 personae
3036 4286 3243 4332 sanetae
3297 4277 3586 4335 Trinitatis

302 4369 726 4439 συλλογιστικοὶ,
760 4368 928 4438 τριῶν
957 4368 1127 4423 ὅντων
1152 4371 1259 4423 τῶν
1284 4369 1386 4439 τῆς
1447 4369 1609 4437 ἁγίας
1662 4369 1893 4440 Τριάόος

1996 4362 2519 4429 consubstantiales,
2547 4362 2695 4418 illam
2724 4364 2935 4420 Christi
2966 4365 3163 4421 faciem
3197 4376 3403 4424 nostra:
3430 4370 3582 4425 simi-

298 4458 604 4530 ὁμοουσίων
631 4459 939 4531 προσώπων
960 4460 1019 4513 τὸ
1048 4458 1169 4512 καθ’
1192 4460 1335 4529 ὑμᾶς
1356 4460 1532 4529 πάντη
1558 4461 1643 4511 έτε
1655 4459 1895 4530 ροούσιον

1996 4452 2127 4519 lem,
2176 4463 2233 4509 et
2275 4454 2344 4508 ab
2385 4455 2510 4510 aliis
2565 4456 2791 4511 omnino
2844 4457 3164 4514 distinctam
3198 4500 3213 4525 ,
3266 4462 3583 4520 divinamne

298 4552 488 4614 αὑτοῖς
538 4550 828 4621 πρόσωπον
882 4549 1121 4622 Χριστοῦ
1184 4550 1326 4603 θεῖον
1354 4550 1617 4620 λέγετε,ἢ
1646 4551 1800 4620 enixi;
1832 4550 1893 4603 Εἰ

1957 4582 1969 4628 γ
1997 4546 2203 4612 dicitis,
2230 4548 2449 4602 annon?
2471 4547 2527 4603 Si
2555 4565 2665 4604 non
2694 4549 2960 4618 divinam,
2996 4567 3128 4624 ergo
3154 4553 3345 4610 eadem
3371 4558 3582 4615 ratione

302 4645 411 4716 μὲν
445 4643 538 4698 οὖν
570 4644 691 4714 οὐχὶ
716 4684 730 4710 ,
758 4644 892 4706 ὅλως
924 4643 957 4714 ἢ
988 4645 1087 4713 οὑχ
1135 4642 1338 4713 ὁμοίως
1359 4643 1419 4694 οὑ
1454 4642 1681 4697 δύνασθε
1711 4643 1889 4710 λέγειν

1996 4655 2100 4696 nee
2160 4641 2335 4711 magis
2387 4642 2569 4711 ipsum
2623 4642 2908 4699 Christum
2937 4646 3111 4701 Deum
3178 4663 3301 4705 esse
3353 4654 3585 4720 potestis

300 4737 437 4792 Θεὸν
464 4738 557 4791 τὸν
614 4736 941 4809 Χριστόνσῆ
971 4737 1053 4790 ὅτι
1113 4735 1263 4808 αὑτῷ
1292 4736 1554 4807 ἐχαρίσθη
1604 4735 1667 4789 τὸ
1719 4735 1891 4806 ὄνομα

1994 4736 2202 4803 dicere,
2243 4750 2423 4807 neque
2460 4737 2536 4791 illi
2568 4737 2756 4792 datum
2781 4739 2956 4795 fuisse
2989 4757 3192 4798 nomen
3218 4759 3389 4815 super
3418 4762 3582 4804 omne

298 4831 362 4886 τὸ
436 4830 577 4900 ὑπὲρ
662 4831 769 4883 πᾶν
831 4828 1024 4898 ὄνομα,
1094 4828 1344 4882 τουτέστι
1415 4827 1476 4882 τὸ
1562 4827 1732 4891 Θεός·
1799 4828 1893 4881 καὶ

1992 4846 2218 4895 nomen,
2259 4846 2357 4885 seu
2412 4830 2782 4897 divinitatem,
2811 4849 2915 4889 nec
2944 4836 3105 4890 talem
3137 4852 3258 4893 esse
3281 4839 3403 4910 ejus
3427 4857 3582 4913 mag-

298 4927 509 4997 ταύτην
582 4921 722 4980 εἶναι
782 4924 880 4996 τὴν
923 4925 1031 4978 άπὸ
1086 4924 1186 4995 τῆς
1245 4923 1382 4994 πρὸς
1449 4923 1582 4977 Θεὸν
1634 4924 1891 4994 σχετικῆς

1992 4939 2119 4977 nam
2154 4922 2478 4994 dignitatem
2510 4934 2567 4978 et
2605 4926 2938 4993 mercedem,
2964 4944 3064 4996 pro
3098 4929 3434 5000 hypostatica
3453 4948 3578 4988 cum

302 5021 555 5083 ἑνώσεως
588 5018 755 5073 αὑτοῦ
798 5016 1042 5089 μεγάλην
1072 5017 1229 5082 ἀξίαν
1261 5034 1321 5070 τε
1352 5018 1446 5070 καὶ
1470 5016 1679 5087 δωρεάν
1702 5031 1716 5046 ’
1749 5020 1798 5071 εἰ
1832 5016 1889 5071 δὲ

1991 5014 2105 5069 Deo
2162 5014 2390 5068 unione.
2426 5013 2482 5067 Si
2519 5029 2651 5067 vero
2679 5014 2922 5069 divinam
2959 5016 3170 5082 dicitis,
3201 5018 3298 5073 sed
3348 5021 3579 5077 alterius

300 5115 451 5168 θεῖον
486 5112 588 5184 μὲν
613 5112 804 5181 λέγετε
845 5112 941 5164 καὶ
969 5111 1111 5175 τόδε,
1147 5108 1494 5182 ἐτεροούσιον
1525 5110 1579 5163 δὲ
1616 5110 1767 5181 παρὰ
1822 5110 1891 5165 τὰ

1991 5114 2208 5159 natura:
2238 5114 2405 5174 atque
2441 5111 2555 5159 tres
2588 5104 2807 5161 divinas
2833 5117 2889 5161 et
2920 5109 3423 5166 consubstantiales
3449 5129 3579 5183 per-

298 5209 470 5279 ἒτερα
514 5208 640 5278 τρία
697 5205 959 5275 όμοούσια
1004 5205 1120 5256 θεῖα
1171 5202 1447 5273 πρόσωπά
1510 5219 1684 5271 φατε,
1718 5202 1890 5274 τριῶν

1991 5212 2178 5261 sonas,
2210 5205 2341 5251 tunc
2372 5205 2485 5250 tres
2513 5210 2639 5250 cum
2665 5196 2775 5250 sint
2810 5198 3332 5267 consubstantiales,
3360 5212 3417 5257 et
3448 5203 3580 5259 alte-

298 5297 628 5372 ὁμοουσίων,
663 5295 761 5350 καὶ
793 5294 912 5357 ἐνὸς
970 5294 1339 5363 έτεροουσίου,
1368 5290 1486 5355 πῶς
1535 5291 1636 5345 οὑκ
1686 5292 1752 5347 ἂν
1802 5293 1888 5366 εἴη

1991 5304 2051 5343 ra
2076 5288 2386 5353 dissimilis,
2411 5302 2596 5342 nonne
2626 5287 2693 5342 ad
2728 5288 3073 5346 confitendas
3104 5302 3345 5363 quatuor
3379 5310 3576 5367 perso-

297 5395 550 5463 τέσσαρα
583 5388 856 5460 πρόσωπα
893 5385 1012 5439 θεῖα
1046 5386 1175 5456 ὑμῖν
1206 5383 1559 5455 συναγόμενα
1590 5402 1606 5452 ;

1135 5387 1175 5439 iv
1206 5383 1559 5455 συναγόμενα
1590 5402 1606 5452 ;
1992 5399 2092 5438 nas
2118 5381 2337 5437 divinas
2366 5380 2710 5436 adducimini
2738 5381 2760 5435 ‘3

909 5474 1164 5529 ΚΕΦΑΛ.
1189 5474 1288 5527 IZ’.

2607 5471 2759 5528 CAP.
2798 5473 2959 5530 XVII.

380 5574 441 5627 El
469 5575 499 5627 ό
519 5571 650 5635 Θεὸς
679 5570 872 5640 Λόγος,
907 5569 1063 5639 φησὶ,
1096 5567 1166 5621 τὰ
1192 5567 1370 5621 πάντα
1400 5567 1619 5637 πληροῖ,
1650 5568 1747 5622 καὶ
1778 5570 1891 5632 τοῖς

2065 5566 2172 5623 Sed
2204 5565 2447 5623 Verbum
2490 5564 2609 5631 Dei,
2640 5564 2839 5635 inquit,
2876 5569 3061 5623 omnia
3100 5568 3325 5641 implet,
3364 5582 3422 5629 et
3455 5590 3573 5630 om-

301 5668 440 5723 πᾶσι
475 5666 739 5735 πάρεστιν
769 5662 1013 5734 ἀοράτως
1035 5662 1103 5731 τῇ
1135 5658 1430 5712 ὑποστάσει
1454 5674 1467 5688 ’
1490 5660 1518 5712 ό
1542 5658 1599 5711 δὲ
1617 5660 1894 5731 ὁρώμενος

1991 5658 2158 5713 nibus
2199 5654 2553 5711 invisibiliter
2587 5663 2644 5709 et
2687 5658 3055 5725 personaliter
3100 5662 3295 5729 adest;
3347 5666 3570 5724 aliunde

300 5762 540 5836 Χριστὸς
568 5760 754 5832 μήτρᾳ⁴
805 5773 865 5810 τε
912 5756 1006 5809 καὶ
1043 5753 1224 5824 ςάτνῃ
1252 5751 1348 5804 καὶ
1388 5751 1522 5821 οἴκῳ
1560 5750 1893 5823 περιώριστο

1992 5748 2245 5806 Christus
2273 5744 2427 5799 visus
2443 5753 2527 5799 est
2558 5758 2848 5814 personam
2881 5759 3096 5818 ventre,
3137 5754 3375 5822 stabulo,
3407 5758 3571 5813 domo

297 5856 405 5929 τὴν
454 5853 755 5909 ὑπόστασιν
789 5849 897 5921 πρὸ
953 5846 1052 5917 τῆς
1090 5845 1247 5915 ἁγίας
1297 5841 1650 5906 ἀναστάσεως
1680 5842 1847 5896 αὑτοῦ
1874 5860 1890 5876 ο

1996 5839 2275 5898 includere
2299 5844 2424 5892 ante
2452 5850 2608 5893 suam
2629 5848 2872 5897 sanctam
2907 5846 3405 5919 resurrectionem;
3440 5851 3574 5921 quin
