4116 6452
529 387 666 459 1575

1826 378 2148 442 LEONTII
2190 380 2569 443 BYZANTIN
2576 375 2603 442 Ι

3663 382 3800 454 1576

526 513 693 571 etiam
710 513 899 579 postea
915 501 1052 560 locis
1065 489 1390 569 includitur,
1412 498 1557 555 sicut
1577 498 1814 571 legimus
1834 515 1849 553 :
1874 497 2114 553 «Ascen-

2241 496 2361 552 ιλλὰ
2379 499 2476 551 καὶ
2511 498 2650 569 μετᾶ
2676 498 2836 571 τήνδε
2866 498 3270 571 περιγράφεται
3295 499 3501 565 τόποις,
3532 502 3669 556 κατά
3715 505 3801 566 τὸ,

529 601 612 658 dit
643 602 702 657 in
729 597 916 661 caelos,
947 614 965 649 ι
1001 603 1091 651 et:
1146 611 1165 646 ι
1203 591 1377 660 Quem
1427 599 1649 661 oportet
1693 591 1895 647 caelum
1931 589 2112 644 susci-

531 707 663 765 pere
681 691 755 744 ¹¹ι
781 696 869 744 et:
896 705 916 739 ι
948 684 1264 750 Sicveniet,
1283 682 1750 755 quemadmodum
1768 680 1953 737 vidisti
1978 694 2113 735 eum

529 791 751 838 euntem
808 781 864 834 in
910 778 1112 834 caelum
1141 777 1209 831 “.
1244 794 1262 829 ι
1320 774 1610 842 Quomodo
1644 790 1779 845 ergo
1836 787 1947 828 una
2002 771 2116 826 erit

533 886 766 943 persona
796 868 1030 925 visibilis
1056 874 1113 923 et
1151 865 1594 935 circumscripta,
1619 866 1790 921 altera
1841 878 1974 919 vero
2009 877 2117 917 nec

532 962 770 1019 visibilis
805 975 909 1017 nec
940 958 1396 1028 circumscripta?
1420 958 1561 1013 Dato
1594 957 1741 1027 quod
1770 970 2117 1026 quaecunque

534 1069 787 1125 personae
834 1052 1083 1107 deﬁnitio
1136 1049 1231 1106 ﬁat
1278 1050 1550 1106 localibus
1596 1048 1898 1113 limitibus,
1961 1056 2114 1102 tunc.

534 1144 702 1202 Verbi
734 1159 967 1215 persona
996 1158 1026 1197 a
1047 1143 1211 1196 Patre
1237 1150 1293 1196 et
1314 1140 1523 1211 Spiritu
1551 1150 1741 1195 sancto
1762 1139 1899 1195 locis
1920 1138 2120 1194 distin-

536 1248 829 1307 gueretur.
856 1235 923 1289 Et
950 1249 1074 1289 eum
1106 1248 1136 1287 ο
1166 1232 1322 1287 vobis
1349 1232 1608 1287 similiter
1634 1231 1850 1286 dicatur
1874 1230 2119 1286 Verbum

537 1326 595 1381 in
627 1325 783 1381 omni
822 1340 882 1379 re
916 1339 1036 1381 esse
1066 1324 1339 1388 localiter,
1375 1323 1630 1393 sequitur
1660 1336 2047 1393 quamcunque
2088 1337 2120 1377 e

538 1416 758 1472 duabus
808 1416 1038 1485 reliquis
1086 1414 1339 1486 personis
1369 1414 1574 1471 divinis
1609 1413 1849 1470 futuram
1896 1428 2019 1470 esse
2064 1413 2122 1469 in

538 1518 648 1574 alio
708 1517 991 1581 universo,
1036 1530 1147 1570 non
1196 1514 1251 1569 in
1302 1513 1429 1581 isto,
1478 1514 1565 1569 vel
1605 1513 1662 1569 in
1692 1515 1887 1570 nullo:
1927 1514 1982 1568 in
2016 1513 2123 1569 isto

540 1612 688 1668 enim
733 1612 917 1665 locum
957 1626 1067 1664 non
1100 1610 1266 1664 habet
1298 1608 1367 1663 ad
1388 1609 1767 1665 exsistendum
1798 1609 2123 1680 separatim,

541 1701 689 1771 quod
721 1701 904 1757 Verbo
920 1702 1033 1771 jam
1070 1701 1353 1770 impletum
1389 1709 1493 1756 est.
1519 1694 1591 1756 Et
1620 1701 1898 1771 quomodo
1924 1702 1978 1756 in
2008 1716 2128 1756 om-

542 1794 706 1850 nibus
751 1794 862 1848 erit
900 1807 1135 1862 persona
1178 1793 1327 1847 illius
1353 1793 1448 1862 qui
1484 1794 1597 1863 jam
1648 1793 1703 1848 in
1746 1793 1897 1848 omni
1947 1803 2123 1863 parte,

518 1885 769 1940 «omnino
805 1884 1086 1955 impletur,
1124 1900 1322 1954 nempe
1353 1883 1644 1940 divinitate
1677 1903 1689 1938 :
1728 1885 1837 1940 hoc
1868 1886 2015 1939 enim
2041 1894 2126 1939 est

544 1975 886 2046 impossibile
923 1974 1211 2031 Christum
1246 1976 1430 2030 locum
1462 1991 1587 2031 esse
1629 1976 1989 2045 quarumdam
2043 1992 2128 2031 re-

543 2078 690 2128 rum,
716 2072 772 2118 et
799 2078 923 2117 esse
962 2063 1019 2117 in
1050 2063 1184 2134 ipsis
1222 2064 1374 2119 velut
1409 2065 1463 2119 in
1489 2066 1635 2121 loco.
1669 2066 1726 2121 Si
1760 2083 1891 2137 ergo
1919 2067 2022 2121 ista
2059 2067 2128 2121 de

543 2153 766 2211 Christo
800 2170 914 2210 non
954 2154 1217 2211 dicuntur
1256 2156 1563 2212 secundum
1608 2158 1838 2213 localem
1889 2159 2128 2213 circum—

544 2246 927 2316 scriptiouem,
959 2246 1093 2316 quid
1117 2246 1375 2316 prohibet
1403 2246 1559 2304 illum
1590 2260 1966 2305 remanentem
1993 2250 2132 2306 Ver-

546 2337 678 2393 bum
706 2338 976 2403 divinum,
1012 2347 1069 2393 et
1093 2346 1346 2393 naturam
1378 2354 1700 2410 corpoream
1734 2349 2129 2409 assumentem,

550 2430 607 2483 in
630 2445 740 2485 una
764 2443 865 2483 sua
889 2444 1124 2498 persona
1150 2429 1355 2485 habere
1377 2430 1621 2486 divinam
1649 2430 2049 2499 deﬁnitionem,
2077 2442 2135 2489 et

549 2517 831 2572 carnalem
885 2516 1281 2586 acquisivisse?
1337 2518 1493 2573 Sicut
1543 2520 1693 2574 enim
1738 2536 1805 2575 ex
1852 2536 1921 2577 eo
1984 2525 2131 2593 quod

550 2613 846 2679 generetur
888 2613 945 2661 et
970 2621 1079 2660 non
1107 2615 1354 2677 generet,
1378 2609 1525 2677 quod
1561 2608 1635 2663 sit
1659 2609 1714 2663 in
1755 2610 1916 2666 Patre
1953 2620 2013 2665 ut
2045 2629 2135 2669 sa-

552 2701 763 2773 pientia
784 2699 1052 2771 sapientis
1075 2708 1132 2755 et
1181 2699 1409 2754 verbum
1438 2700 1735 2769 loquentis,
1758 2702 1903 2770 quod
1929 2717 2037 2757 non
2067 2703 2139 2758 sit

554 2792 869 2864 procedens
894 2790 1024 2861 quia
1048 2805 1117 2845 ex
1142 2789 1264 2860 ipso
1293 2789 1362 2844 ad
1400 2790 1507 2846 alia
1541 2806 1651 2844 non
1677 2792 1949 2861 procedit,
1984 2795 2133 2863 quod

556 2882 809 2954 proprias
855 2880 1209 2952 operationes
1246 2880 1468 2943 habeat,
1514 2890 1569 2936 et
1612 2896 1680 2936 ex
1729 2882 1985 2938 omnibus
2017 2884 2140 2941 aliis

553 2972 1010 3045 proprietatibus,
1058 2971 1262 3041 quibus
1293 2987 1323 3026 a
1360 2987 1595 3042 persona
1622 2972 1800 3028 Patris
1827 2982 1881 3027 et
1903 2974 2143 3045 Spiritus

554 3064 734 3120 sancti
766 3062 1129 3134 distinguitur
1164 3062 1356 3128 Filius,
1394 3062 1579 3132 plures
1607 3078 1874 3133 personas
1901 3064 2007 3120 sibi
2030 3082 2141 3121 non

562 3153 731 3220 facit;
767 3153 849 3208 sic
876 3167 1059 3222 neque
1102 3150 1472 3221 proprietates
1507 3152 1693 3207 multa:
1715 3160 1771 3206 et
1797 3156 2062 3224 oppositae
2086 3156 2137 3211 ei
2171 3185 2218 3249 ο

558 3243 835 3315 adjuncta:
855 3243 976 3313 ejus
998 3255 1292 3312 personam
1321 3242 1711 3311 multiplicant.
1742 3242 1824 3298 Ob
1861 3244 1916 3299 id
1948 3262 2142 3318 unum,

557 3350 616 3390 se
657 3332 963 3404 ingenitum
985 3346 1128 3397 esse,
1150 3346 1385 3403 persona
1417 3332 1599 3386 Patris
1619 3347 1650 3386 a
1678 3331 1818 3387 Filio
1849 3344 1906 3389 et
1934 3334 2148 3405 Spiritu

558 3436 754 3482 sancto
792 3424 1038 3497 perfecte
1067 3423 1463 3495 distinguitur;
1504 3432 1560 3479 et
1594 3424 1793 3480 deinde
1823 3427 1894 3481 ob
1918 3443 2150 3499 genera-

569 3517 777 3573 tionem
808 3516 934 3573 Filii
963 3514 1163 3572 iterum
1186 3515 1565 3586 distinguitur,
1597 3516 1692 3573 sed
1714 3518 2014 3587 perfectior
2036 3538 2148 3578 non

569 3620 655 3666 est
706 3626 965 3683 persona,
1014 3625 1195 3680 neque
1240 3625 1370 3664 vere
1414 3608 1694 3665 diceretur
1743 3609 1975 3667 duarum
2022 3610 2151 3671 esse

561 3718 945 3775 personarum.
992 3701 1252 3768 Quinimo
1294 3699 1427 3771 quid
1469 3700 1728 3756 diceretis
1768 3701 1837 3757 de
1883 3704 2057 3760 solius
2095 3714 2153 3760 et

561 3794 832 3865 simplicis
853 3794 1093 3850 hominis
1116 3809 1375 3865 persona,
1415 3793 1570 3849 verbi
1596 3795 1769 3865 gratia
1790 3795 1980 3852 Pauli?
2000 3798 2153 3853 Nun-

564 3888 699 3958 quid
730 3887 990 3943 omnibus
1017 3885 1332 3945 visibilibus
1360 3894 1417 3943 ct
1442 3885 1713 3942 localibus
1735 3887 2154 3945 characteribus

564 3988 680 4035 tota
719 3980 839 4051 ejus
874 3994 1111 4049 persona
1147 3978 1533 4050 dignoscitur?
1567 3978 1827 4048 Nunquid
1869 3979 2050 4035 anima
2096 3990 2155 4036 et

565 4070 836 4142 corpore?
862 4069 1121 4141 Nunquid
1156 4084 1267 4125 non
1296 4068 1574 4127 diversis?
1601 4067 1856 4125 Attamen
1890 4083 2002 4125 non
2028 4069 2153 4125 ideo

567 4159 706 4218 duas
751 4160 920 4217 habet
958 4160 1266 4232 personas?
1306 4159 1572 4227 Quamvis
1596 4158 1744 4215 enim
1769 4166 1925 4214 extra
1954 4174 2155 4229 corpus

568 4261 761 4322 raptus
812 4251 884 4306 sit
931 4266 1106 4322 usque
1136 4250 1203 4306 ad
1243 4252 1468 4307 tertium
1501 4251 1726 4318 caelum,
1761 4252 2038 4320 verbaque
2070 4252 2154 4306 in-

566 4343 755 4399 audita
783 4350 968 4398 mente
1015 4341 1276 4407 audierit,
1324 4342 1550 4400 eosdem
1580 4342 1784 4398 locales
1812 4352 1869 4397 et
1908 4342 2156 4398 visibiles

567 4437 775 4491 limites
799 4436 1072 4506 corporis,
1103 4442 1159 4489 et
1187 4434 1504 4505 spirituales
1538 4435 1735 4492 animae
1763 4434 1978 4501 habuit,
2015 4449 2154 4505 quos

2223 609 2243 643 ι
2264 582 2571 660 Ἐπορεύθη
2588 593 2667 654 είς
2681 591 2965 662 οὐρανούς
2990 611 3009 644 ι
3036 591 3151 656 καὶ,
3163 610 3181 643 ι
3198 592 3295 647 ’ον
3311 591 3394 645 δεῖ
3407 592 3633 662 οὐρανὸν
3651 594 3811 660 δέξαε-

2217 680 2366 737 σθαι·
2381 698 2401 731 ι
2418 680 2511 735 καὶ
2523 724 2537 749 ,
2550 700 2568 731 ι
2587 679 2775 746 Οῦτως
2791 680 3090 748 ἐλεύσεται,
3113 680 3171 734 δν
3185 682 3385 753 τρόπον
3398 682 3692 738 ιθεάσασθε
3709 686 3781 739 αὑ
3802 715 3815 729 ο

2215 772 2311 827 τὸν
2335 773 2706 843 πορευόμενον
2726 780 2805 838 είς
2823 774 2916 829 τὸν
2937 774 3189 845 οὐρανὸν,
3222 794 3243 827 ι
3263 775 3377 839 πῶς
3400 776 3460 830 οὑ
3485 777 3686 847 Θατέρα
3708 781 3813 850 μὲν

2215 866 2391 937 ὁρατὴ
2418 866 2515 921 καὶ
2543 868 2898 940 περιτραπτὴ
2916 868 3237 933 ὑπόστασις,
3253 869 3460 940 θατέρα
3488 870 3546 923 δὲ
3576 872 3816 942 ἀόρατος

2219 961 2317 1013 καὶ
2339 950 2753 1032 ὰπερίγραπτός
2783 963 2962 1028 ὲστινς
2999 960 3139 1014 Ἀλλ’
3166 964 3215 1015 εί
3236 966 3483 1026 τοπικοῖς
3506 964 3818 1034 διορισμοῖς

2221 1054 2375 1105 πᾶσα
2395 1052 2750 1117 ὑποστάσεως
2770 1054 3092 1125 περιγραφή
3124 1057 3294 1119 ἐστιν,
3330 1051 3441 1124 ἆρά
3469 1072 3531 1123 γε
3568 1058 3821 1120 totum-0;

2220 1143 2320 1198 καὶ
2355 1144 2450 1197 τοῦ
2482 1145 2694 1216 Πατρὺς
2727 1144 2824 1199 καὶ
2859 1146 2953 1199 τοῦ
2994 1145 3154 1212 ἁγίου
3189 1144 3508 1215 Πνεὺματος
3554 1148 3583 1200 ὁ
3639 1148 3823 1216 Λόγος

2220 1235 2504 1305 διώρισται
2532 1237 2633 1307 τὴν
2660 1236 2958 1290 ὑπόστασιν
2984 1253 2998 1269 ο
3032 1236 3082 1290 εί
3112 1236 3157 1290 δ’
3181 1232 3273 1290 οῦν
3300 1235 3478 1300 οὕτως
3512 1238 3609 1290 καὶ
3640 1239 3704 1292 ὲν
3736 1238 3824 1303 τῷ

2223 1328 2386 1381 παντὶ
2435 1327 2682 1390 τοπικῶς
2731 1322 2870 1382 εἶναι
2910 1322 3043 1399 ὑμῖν
3080 1330 3297 1399 εἴρηται
3329 1330 3357 1382 ό
3385 1328 3582 1397 Λόγος,
3611 1331 3725 1400 ἄρα
3757 1332 3825 1383 αἱ

2222 1416 2486 1471 δὺοᾶλλαι
2514 1417 2843 1481 ὑποστάσεις
2869 1418 2972 1486 τῆς
3009 1417 3298 1487 Θεότητος,
3328 1416 3361 1489 ἢ
3391 1419 3449 1470 ἐν
3478 1418 3654 1488 ἑτέρῳ
3677 1434 3829 1471 παν-

2223 1509 2279 1562 τὶ
2311 1506 2578 1581 ἑκατέρα,
2608 1509 2705 1563 καὶ
2748 1510 2848 1563 οὑκ
2877 1510 2935 1563 ὲν
2983 1509 3146 1578 τῷδε,
3173 1509 3206 1579 ἢ
3231 1509 3291 1562 ὲν
3313 1509 3488 1562 οὐδενί
3535 1513 3685 1563 ἐστιν
3707 1525 3724 1541 ⁸
3761 1513 3828 1563 ὲν

2225 1599 2335 1671 γὰρ
2367 1600 2507 1671 τῷδε
2545 1600 2731 1673 χώραν
2761 1602 2862 1655 οὑκ
2893 1600 3008 1672 ἔχει
3035 1599 3416 1671 διωρισμένως
3440 1597 3603 1665 εἶναι,
3634 1603 3829 1657 πάντα

2227 1693 2335 1763 πλη
2346 1694 2565 1762 ροῦντος
2586 1694 2653 1747 τὰ
2672 1696 2800 1765 τῇδε
2822 1693 2918 1748 τοῦ
2946 1692 3146 1762 Λόγου⁶
3178 1693 3297 1757 πῶς
3309 1688 3366 1746 δὲ
3392 1698 3488 1747 καί
3507 1695 3566 1748 ὲν
3587 1696 3764 1748 πᾶσιν
3785 1697 3825 1765 ἡ

2229 1784 2351 1839 θεία
2377 1786 2678 1850 ὑπόστασις
2704 1786 2799 1839 τοῦ
2828 1785 2899 1839 τὰ
2922 1785 3109 1841 πάντα
3138 1787 3198 1840 ιν
3234 1787 3371 1840 πᾶσι
3406 1786 3827 1857 πληρουμένου,

2228 1875 2413 1941 καθὼς
2472 1877 2689 1948 εἴρηται
2721 1894 2735 1945 ;
2777 1878 2838 1931 οὑ
2898 1878 3008 1949 γὰρ
3045 1876 3108 1930 τὸ
3141 1877 3276 1932 αὑτό
3314 1895 3365 1931 τι
3394 1877 3561 1941 τόπος
3604 1877 3665 1930 τέ
3701 1874 3833 1931 ἐστὶ

2229 1983 2413 2032 τινων,
2446 1968 2543 2020 καὶ
2577 1967 2653 2030 ὡς
2677 1968 2736 2021 ὲν
2763 1968 2915 2039 τόπῳ
2938 1967 3088 2020 ἐστὶν
3110 1967 3171 2021 ἐν
3200 1967 3387 2031 αὑτοῖς
3418 1966 3683 2021 ἀδύνατον
3721 1984 3735 1998 ’
3773 1966 3832 2021 εί

2230 2053 2325 2111 οὖν
2357 2058 2531 2112 ταῦτα
2570 2057 2645 2128 μὴ
2672 2058 2815 2112 κατὰ
2859 2059 3094 2127 τοπικὴν
3139 2059 3493 2130 περιγραφὴν
3536 2061 3640 2130 τῆς
3684 2059 3835 2112 ὑπο-

2232 2148 2479 2212 στάσεώς
2501 2150 2617 2203 ἐστι
2638 2149 2732 2204 τοῦ
2777 2150 2983 2219 Λόγου,
3014 2150 3069 2204 τί
3117 2150 3321 2204 κωλύει
3370 2150 3632 2221 μείναντα
3658 2151 3835 2206 αὑτὸν

2233 2239 2377 2294 θεῖον
2401 2240 2598 2309 Λόγον,
2627 2240 2723 2294 καὶ
2754 2243 2959 2313 σαρκὸς
2991 2240 3157 2310 φύσιν
3190 2240 3663 2313 προσλαϐόμενον,
3696 2245 3839 2309 τούς

2232 2348 2294 2384 τε
2317 2330 2393 2395 ὼς
2415 2332 2595 2401 Λόγον
2617 2333 2754 2387 Θεοῦ
2780 2333 3099 2404 διορισμοὺς
3128 2333 3297 2405 ἔχειν,
3311 2336 3407 2389 καὶ
3432 2337 3739 2408 σαρκικοὺς
3769 2344 3837 2393 τι

2236 2423 2376 2495 πρὸς
2432 2425 2646 2489 τούτοις
2700 2426 3113 2497 ἐπικτήσασθαι
3168 2427 3483 2499 διορισμοὺς
3518 2430 3661 2483 κατὰ
3697 2432 3837 2501 μίαν

2235 2516 2333 2585 τὴν
2378 2515 2681 2571 ὑπόστασιν
2730 2518 2931 2587 αὑτοῦ;
2962 2519 3178 2591 Ὥσπερ
3206 2521 3317 2592 γὰρ
3344 2520 3423 2592 τῷ
3472 2524 3836 2593 γεννηθῆναι,

2238 2610 2332 2661 καὶ
2356 2607 2436 2679 τῷ
2469 2610 2545 2680 μὴ
2585 2612 2803 2681 γεννᾷν,
2835 2612 2931 2664 καὶ
2965 2611 3043 2681 τῷ
3088 2613 3148 2666 ὲν
3173 2612 3326 2685 αὑτῷ
3353 2608 3492 2668 εἶναι
3531 2614 3613 2685 τῷ
3652 2616 3842 2689 Πατρι

2238 2699 2313 2763 ὡς
2348 2699 2542 2771 βουλὴν
2572 2702 2669 2755 καὶ
2688 2702 2844 2770 λόγον
2870 2703 3222 2773 βουλευτικοῦ
3246 2705 3341 2758 καὶ
3364 2705 3608 2773 λογικοῦ,
3634 2708 3735 2760 καὶ
3758 2709 3842 2779 τῷ

2244 2792 2321 2864 μὴ
2350 2793 2446 2847 καὶ
2472 2794 2633 2857 ἐκτὸς
2661 2794 2826 2848 αὑτοῦ
2862 2796 2943 2858 είς
2974 2794 3140 2863 ἔτερα
3171 2796 3502 2867 πορεύεσθαι
3547 2797 3626 2869 μὴ
3668 2800 3844 2853 ἐκπο-

2246 2881 2437 2954 ρευτδν
2476 2877 2638 2948 εἶναι,
2666 2884 2760 2937 καὶ
2784 2882 2863 2953 τῷ
2889 2885 3255 2955 δημιουργεῖν
3288 2886 3433 2950 ἰδίως
3460 2887 3694 2952 καὶτοῖς
3726 2889 3845 2944 λοιδ

2242 2975 2367 3037 ποῖς
2434 2974 2721 3045 ίδιώμασιν
2780 2978 2951 3029 αὑτου
2984 2979 3013 3030 ὁ
3044 2976 3239 3046 Λόγος,
3272 2977 3340 3032 δι’
3367 2970 3443 3031 ὧν
3486 2978 3845 3050 διακρίνεται

2248 3065 2468 3121 πάντων
2521 3067 2624 3137 τῆς
2665 3068 2951 3139 Πατρικῆς
2992 3069 3088 3123 καὶ
3125 3068 3227 3141 τῆς
3253 3068 3348 3123 τοῦ
3385 3070 3715 3143 Πνεὺματος
3744 3076 3846 3129 τοῦ

2250 3157 2408 3225 ἁγίου
2462 3158 2835 3222 ὑποστάσεως,
2866 3160 2929 3212 οὑ
2971 3160 3192 3225 πλείους
3239 3165 3477 3217 ποιεῖται
3506 3163 3849 3232 ὑποστάσεις

2252 3248 2453 3319 ἑαυτῷ,
2501 3249 2672 3315 οὕτως
2718 3251 2841 3305 οὐδὲ
2882 3251 3090 3323 ἑτέρων
3144 3252 3456 3325 ἰδιωμάτων
3504 3256 3848 3327 προσθέσεις

2252 3340 2515 3395 πλειόνων
2546 3343 2639 3398 καὶ
2667 3343 3065 3414 ἀντικειμένων
3094 3343 3434 3416 πληθύνουσι
3458 3346 3562 3417 τὴν
3596 3347 3850 3405 ὑπόσται

2253 3449 2339 3487 σιν
2370 3435 2537 3490 αὑτοῦ
2565 3452 2579 3466 ·
2609 3436 2705 3489 καὶ
2730 3435 2808 3507 τῷ
2838 3436 2947 3508 γὰρ
2971 3438 3254 3509 ἀγεννήτῳ
3283 3440 3619 3510 διαφέρουσα
3651 3443 3848 3512 μόνον,

2252 3525 2472 3589 τελείως
2507 3525 2795 3597 διώρισται
2829 3530 2863 3599 ή
2891 3530 3195 3594 ὑπόστασις
3225 3531 3321 3585 τοῦ
3359 3532 3573 3602 [ἰατρὸς
3613 3534 3719 3604 τῆς
3746 3536 3847 3590 τοῦ

2254 3616 2389 3670 Υίοῦ
2425 3616 2638 3672 καὶτοῦ
2675 3618 2832 3686 ἁγίου
2861 3619 3182 3691 Πνεῦματος
3214 3637 3229 3651 ·
3269 3622 3361 3677 καὶ
3399 3621 3478 3693 τῷ
3526 3626 3847 3698 γεννητικῷ

2252 3708 2310 3762 δὲ
2372 3710 2940 3782 προσδιακεκριμένη,
2971 3711 3096 3765 οὔτε
3159 3712 3473 3786 τελειοτέρα
3507 3716 3659 3770 ἐστὶν
3714 3719 3853 3774 ὑπό-

2255 3813 2468 3861 στασις,
2496 3796 2621 3852 οὔτε
2653 3799 2747 3854 δύο
2781 3800 3113 3866 ὑποστάσεις
3134 3801 3346 3868 λέγοιτο
3374 3803 3440 3859 ἄν
3466 3823 3573 3859 τινι
3595 3808 3849 3880 άληθῶς.

2267 3887 2429 3943 Ἀλλά
2462 3890 2596 3961 πρὸς
2622 3894 2857 3955 τούτοις,
2888 3892 2939 3945 τί
2964 3892 3032 3947 ἂν
3064 3894 3272 3948 εἴποιτε
3304 3897 3399 3950 καὶ
3432 3898 3565 3967 περὶ
3604 3903 3709 3970 τῆς
3751 3904 3853 3957 ἀν.

2257 3978 2480 4050 θρώπου
2540 3983 2706 4051 μόνου
2753 3984 2914 4054 ψιλοῦ
2968 3986 3347 4054 ὑποστάσεως,
3382 3990 3605 4045 Παύλου
3630 3996 3801 4066 τυχόν
3835 4006 3852 4064 ε

2256 4066 2366 4143 ἆρα
2424 4074 2534 4145 γὰρ
2588 4077 2807 4146 ὁρατοῖς
2859 4078 2994 4131 πᾶσι
3024 4079 3121 4133 καὶ
3152 4084 3400 4145 τοπικοῖς
3461 4093 3857 4159 περιορισμοῖς

2255 4167 2371 4229 τοῖς
2402 4165 2568 4219 αὑτοῦ
2604 4168 2636 4238 ἡ
2672 4168 2973 4234 ὑπόστασις
3004 4170 3170 4225 αὑτοῦ
3198 4174 3347 4227 πᾶσα
3378 4173 3854 4251 διαγινώσκεται;

2255 4256 2401 4328 ψυχῇ
2425 4272 2484 4312 τε
2515 4257 2632 4329 ἅμα
2661 4262 2757 4313 καὶ
2788 4260 2863 4331 τῷ
2898 4261 3148 4333 σώματι;
3180 4265 3214 4337 ἢ
3240 4265 3400 4336 δῆλον
3420 4268 3495 4332 ὡς
3527 4269 3857 4345 διαφόροιςς

2257 4348 2369 4403 Καὶ
2393 4349 2543 4420 ὅμως
2576 4351 2637 4403 οὐ
2669 4352 2820 4423 παρὰ.
2848 4353 2966 4406 τόδε
2994 4353 3243 4424 διάφοροι
3271 4357 3604 4425 ὑποστάσεις
3642 4364 3819 4418 αὑτοῦ
3842 4383 3856 4398 ·

2259 4437 2365 4492 κᾶν
2404 4439 2513 4511 γὰρ
2546 4440 2706 4504 ἐκτὸς
2732 4442 2825 4495 τοῦ
2850 4441 3107 4513 σώματος
3145 4447 3374 4517 ἡρπάγη
3399 4448 3504 4512 ἕως
3542 4453 3736 4522 τρίτου
3764 4458 3862 4511 οὑ-

571 4528 797 4588 Petrus,
839 4534 895 4581 et
941 4522 1152 4596 reliqui
1190 4524 1466 4592 homines,
1518 4525 1752 4581 alterum
1800 4523 2139 4594 privilegium

2261 4533 2425 4605 ρανοῦ
2486 4533 2582 4587 καὶ
2630 4536 2866 4605 ἤκουσεν
2890 4535 3111 4610 ἄρρητα
3170 4540 3395 4609 ῥήματα
3419 4543 3484 4611 τῇ
3514 4542 3695 4615 ψυχῇ,
3728 4548 3862 4612 τούς

570 4632 678 4671 ιιοιι
704 4613 917 4680 habuit,
952 4613 1049 4669 sed
1077 4613 1133 4669 in
1164 4614 1355 4672 eadem
1385 4631 1621 4688 persona
1652 4614 1982 4685 permansit,
2020 4614 2151 4668 iuit-

571 4722 680 4777 que
712 4705 896 4760 unius.

1175 5022 1328 5083 CAP.
1363 5026 1551 5083 XVIII.

640 5116 778 5174 Cum
801 5119 1152 5190 agnoscimus
1175 5120 1481 5175 bonitatem
1510 5116 1631 5180 Dei,
1662 5114 1759 5186 qui
1783 5115 1947 5172 docet
1974 5114 2124 5171 homi
2142 5145 2158 5160 -

570 5226 699 5266 nem
743 5211 1053 5277 scientiam,
1099 5211 1194 5280 qui
1228 5212 1414 5266 erudit
1454 5208 1806 5277 insipientes,
1852 5207 1960 5262 hoc
2008 5221 2157 5261 som-

571 5303 727 5357 nium
774 5303 1074 5358 obseurum
1113 5315 1509 5372 proponemus.
1552 5297 1852 5353 Nobiscum
1890 5295 2036 5351 enim
2072 5297 2159 5352 lo-

574 5404 736 5451 cutus
764 5403 847 5449 est
872 5394 1073 5464 aliquis
1097 5393 1271 5447 forma
1301 5392 1537 5463 nigrior,
1564 5390 1767 5444 vestitu
1792 5389 1881 5459 pie
1908 5387 2157 5453 indutus,

577 5504 830 5558 quaerens
877 5504 946 5542 an
992 5487 1260 5542 Dominus
1306 5486 1379 5540 sit
1417 5484 1564 5538 Deus
1610 5483 1786 5538 solum
1825 5488 2043 5543 natura,
2090 5496 2161 5536 an

576 5589 633 5637 et
658 5579 1059 5637 subsistentia?
1099 5580 1154 5634 Si
1188 5580 1304 5634 sola
1330 5588 1530 5632 natura
1560 5584 1643 5631 est
1667 5573 1939 5637 Deus,ch
1972 5572 2156 5639 homo,

577 5673 662 5729 Vel
682 5673 888 5744 aliquid
908 5672 1057 5727 aliud
1080 5672 1190 5728 erit
1218 5684 1478 5742 persona,
1495 5668 1581 5724 vel
1616 5664 1997 5739 impersonalis
2018 5663 2148 5720 erit.

648 5817 693 5852 “
718 5818 839 5874 Act.
869 5833 952 5886 ιιι,
982 5818 1071 5875 21.
1150 5818 1193 5852 ¹³
1223 5818 1345 5875 Act.
1372 5832 1411 5881 ι,
1432 5815 1519 5870 ll.

2256 4642 2316 4679 τε
2354 4628 2616 4690 τοπικοὺς
2664 4628 2759 4681 καὶ
2792 4630 3025 4699 ὁρατοὺς
3068 4628 3394 4703 διορισμοὺς
3434 4632 3531 4686 τοῦ
3572 4637 3861 4707 σώματος,

2257 4718 2352 4770 καὶ
2378 4716 2505 4780 τοὺς
2532 4719 2755 4784 νοητοὺς
2778 4719 2881 4789 τῆς
2906 4719 3088 4789 ψυχῆς
3106 4719 3375 4787 ὡσαύτως
3401 4722 3543 4794 έχων
3573 4728 3716 4796 πρὸς
3755 4731 3865 4785 Πέ-

2256 4825 2385 4880 τρον
2407 4809 2647 4873 καὶτοὺς
2698 4810 2939 4875 λοιποὺς,
2977 4812 3076 4882 οὑχ
3116 4813 3312 4885 ἑτέραν
3351 4814 3479 4887 ἔσχε
3533 4816 3859 4894 διαστολὴν,

2258 4902 2394 4957 ἀλλά
2429 4902 2531 4972 τῆς
2552 4903 2721 4973 αὐτῆς
2746 4908 2863 4958 ἐστι
2888 4905 2983 4959 καὶ
3002 4904 3178 4971 οὕτως
3205 4908 3561 4975 ὑποστάσεως
3587 4915 3746 4983 μιᾶς.

2863 5021 3115 5076 ΚΕΦΑΛ.
3147 5024 3253 5080 IH’.

2342 5105 2503 5160 Ἀλλὰ
2553 5093 3054 5175 τοῦδιδάσκοντος
3112 5113 3403 5185 ἄνθρωπον
3462 5120 3710 5191 γνῶσιν,
3760 5126 3863 5178 καὶ

2261 5198 2473 5269 ἄφρονα
2506 5200 2876 5266 συνετίζοντος
2928 5204 3064 5257 Θεοῦ
3095 5206 3198 5277 τὴν
3240 5209 3559 5281 ἀγαθότητα
3594 5215 3861 5287 ἐξομολοι

2260 5291 2537 5363 γούμενοι,
2575 5294 2669 5347 καὶ
2694 5294 2753 5348 τὸ
2779 5294 2899 5349 κατ’
2925 5294 3060 5368 ὄναρ
3086 5299 3218 5370 ἡμῖν
3264 5302 3548 5374 ἀπορηθὲν
3577 5309 3862 5378 προθήσο-

2264 5403 2385 5456 μενι
2431 5387 2574 5457 Ἔφη
2604 5387 2712 5458 γάρ
2763 5406 2849 5452 τις
2876 5390 3041 5460 ἡμῖν,
3073 5392 3134 5446 τὸ
3191 5393 3292 5464 μὲν
3338 5391 3479 5461 εἶδος
3528 5399 3865 5473 μελάντερός

2262 5494 2401 5542 πως,
2437 5476 2497 5530 τὸ
2525 5478 2581 5531 δὲ
2634 5480 2817 5551 σχῆμα
2863 5481 3108 5548 εὐλαϐῶς
3144 5486 3723 5560 ὲπιστολιζόμενος,⁹0
3749 5494 3863 5547 Κῦ-

2265 5587 2378 5641 ριος
2411 5569 2542 5635 Θεὸς
2563 5573 2626 5642 τῇ
2669 5574 2851 5642 φύσει,
2884 5576 2918 5645 ἣ
2962 5577 3057 5631 καὶ
3087 5580 3153 5647 τῇ
3208 5580 3531 5636 ὑποστάσει.
3581 5586 3861 5652 συνάγων,

2261 5669 2337 5727 ως
2372 5663 2420 5715 εἰ
2463 5662 2560 5733 μὲν
2604 5664 2765 5734 μόνον
2790 5667 2859 5737 τῇ
2902 5667 3067 5749 φύσει
3094 5670 3217 5724 ἐστὶ
3259 5671 3415 5740 Θεὸς,
3453 5677 3521 5747 τῇ
3556 5676 3861 5733 ὑποστάσει
