4116 6446
379 384 515 451 1577

1344 379 1744 444 ADVERSUS
1783 376 2337 441 NESTORIANOS.
2372 378 2589 442 —LIB.
2623 380 2707 439 II.

3535 379 3671 444 1578

373 499 409 570 ἢ
432 497 722 569 ἂνθρωπος
753 492 997 567 ἧέτερόν
1023 490 1129 563 τιῆ
1152 488 1526 554 ἀνυπόστατος
1548 487 1683 551 ὅλως
1711 486 1860 540 ἐστίν
1883 502 1895 515 ο
1925 485 1975 537 εἱ

2102 488 2139 542 Si
2174 504 2307 544 vero
2331 496 2389 543 et
2418 503 2657 559 persona
2686 497 2773 543 est
2818 488 2984 556 Deus,
3036 488 3123 544 vel
3164 488 3270 543 ista
3309 487 3421 544 erit
3463 496 3577 543 tota
3615 497 3696 543 et-

372 591 432 645 δὲ
456 590 551 644 καὶ
585 587 886 643 ὑποστάσει
933 586 1055 639 ἐστὶ
1085 583 1240 648 Θεὸς,
1271 580 1425 653 ἢδλῃ
1469 581 1578 635 τινὶ
1630 579 1727 634 καὶ
1752 578 1938 649 τελείᾳ
1959 592 1972 604 ·

376 684 474 740 καὶ
518 682 631 737 ἰδοὺ
652 680 749 736 δύο
779 679 948 735 αὑτοῦ
983 680 1041 734 αἱ
1072 677 1424 740 ὑποστάσεις,
1454 674 1644 745 ὥσπερ
1679 668 1773 727 οὖν
1803 673 1895 725 καὶ
1919 672 1977 725 αἱ

377 778 611 849 φύσεις·
677 776 837 846 εἴπερ
888 772 1026 845 μηδὲ
1073 772 1108 843 ἡ
1165 768 1525 842 ἀνθρωπότης
1562 766 1728 821 αὑτοῦ
1777 765 1981 821 ἀνυπό-

380 887 595 931 στατος·
628 868 662 939 ἢ
695 870 761 922 ὲκ
788 865 991 939 μέρους
1020 863 1194 935 αὐτῆς
1229 862 1328 931 τῆς
1383 862 1512 933 μιᾶς
1541 860 1707 914 αὑτοῦ
1736 858 1980 912 ὑποστά-

380 979 542 1027 σεως,
571 962 688 1014 ἐστι
716 958 850 1022 Θεὸς
881 958 975 1012 καὶ
1007 958 1075 1028 τῇ
1110 955 1448 1009 ὑποστάσει·
1484 954 1640 1006 ἔσται
1662 949 1755 1004 οῦν
1783 950 1816 1021 ἢ
1849 951 1978 1004 ἁτε-

379 1057 476 1129 λῆς
510 1056 654 1111 κατὰ
672 1054 772 1125 τὴν
800 1053 877 1118 ὡς
925 1051 1281 1115 ὑποστάσεως
1330 1048 1430 1118 τῆς
1465 1045 1819 1116 ἀνθρωπίνης
1864 1042 1979 1096 θεό-

356 1130 367 1170 ⁵
379 1151 568 1221 τηταὸ
602 1144 861 1220 Χριστὸς,
890 1143 925 1215 ἢ
957 1141 1309 1215 ὑπερτέλειος
1344 1140 1440 1193 καὶ
1482 1136 1752 1209 ὑπέρθεος
1783 1136 1817 1207 ἡ
1856 1133 1984 1188 ὑπό-

384 1257 577 1304 στασις
610 1235 874 1310 Χριστοῦ,
913 1236 1053 1307 ὑπὲρ
1084 1234 1177 1289 τὸν
1219 1231 1441 1302 Πατέρα
1474 1246 1535 1283 τε
1567 1230 1662 1283 καὶ
1676 1228 1738 1282 τὸ
1757 1225 1983 1297 Πνεῦμα

384 1334 483 1389 καὶ
536 1333 629 1387 τὸν
666 1330 841 1399 Λόγον
880 1326 1182 1398 νοουμένη·
1238 1325 1334 1378 τοῦ
1380 1322 1491 1394 γάρ
1533 1320 1664 1376 ἰδίου
1714 1319 1914 1391 μέρους
1954 1316 1984 1369 ὃ

382 1423 454 1497 ἦν
510 1425 719 1487 τέλειος
764 1421 921 1487 Θεὸς,
962 1417 1150 1491 μεῖζον
1178 1414 1353 1485 αὑτῆς
1402 1416 1438 1486 ή
1481 1412 1676 1483 ὁλότης
1712 1410 1831 1464 ἐστὶ
1861 1407 1983 1462 καθ’

385 1520 706 1575 ὑπόστασιν.
756 1545 761 1549 -

455 1611 596 1665 Ἀλλ’
640 1612 848 1672 ἐκεῖνος
880 1605 978 1677 μὲν
1026 1602 1199 1659 ταῦτα
1254 1601 1450 1664 εἰπὼν,
1494 1599 1591 1654 καὶ
1648 1595 1986 1669 συνταράξας

386 1705 538 1776 ἡμᾶς
572 1699 651 1772 τῷ
681 1700 895 1769 ἀπόρῳ,
921 1695 1138 1763 ἀπέστη
1166 1692 1480 1764 σκοτοδινίᾳ
1506 1688 1821 1762 περιϐαλών
1840 1703 1854 1717 ’
1891 1686 1987 1758 ὁρ-

393 1798 527 1870 θρου
585 1795 643 1850 δὲ
673 1793 811 1866 πρὸς
872 1791 930 1845 τὸ
958 1787 1076 1860 φῶς
1103 1788 1166 1842 τὸ
1222 1785 1474 1858 ἀληθινὸν
1497 1782 1987 1852 ἁποσκοπήσαντες

2080 580 2349 652 perfecta,
2391 590 2449 636 et
2491 582 2591 652 ipsi
2630 581 2753 637 dum
2783 589 2949 636 erunt
2984 595 3255 650 personae,
3289 579 3516 636 totidem
3541 586 3676 649 quot

2081 680 2315 739 naturae,
2347 690 2472 730 cum
2509 675 2818 746 personalis
2839 684 3187 744 supponatur
3208 674 3524 729 humanitas
3547 689 3563 737 ;
3590 671 3674 726 vel

2081 767 2250 821 etiam
2288 766 2343 821 in
2376 782 2609 837 persona
2639 768 2785 822 Deus
2823 766 2952 833 erit,
2994 766 3092 821 sed
3128 781 3228 836 pro
3266 775 3423 836 parte
3462 770 3677 820 tantum

2084 859 2253 930 hujus
2291 860 2459 915 unius
2496 876 2771 931 personae,
2820 861 3011 930 sicque
3046 859 3303 915 Christus
3343 857 3682 928 imperfectae

2085 952 2399 1009 divinitatis
2427 953 2749 1020 habebitur,
2778 968 2879 1023 per
2905 954 3204 1007 humanam
3230 967 3525 1023 personam
3550 949 3681 1005 sub-

2086 1046 2374 1113 sistentis;
2428 1057 2526 1103 aut
2582 1048 2879 1118 plusquam
2926 1046 3173 1116 perfecta
3220 1056 3279 1101 et
3323 1046 3513 1101 divina
3573 1044 3683 1099 erit

2086 1137 2297 1194 Christi
2325 1154 2565 1209 persona
2595 1155 2764 1203 supra
2796 1138 3016 1193 Patrem
3059 1147 3115 1193 et
3154 1138 3423 1210 Spiritum
3462 1148 3519 1193 et
3548 1137 3683 1192 Ver-

2086 1230 2218 1285 bum
2261 1232 2630 1286 aestimanda:
2673 1246 2866 1286 revera
2916 1246 3130 1286 summa
3180 1232 3302 1303 ejus
3346 1233 3522 1303 major
3558 1247 3684 1301 per-

2087 1339 2223 1380 sona
2243 1334 2332 1380 est
2372 1333 2528 1395 parte
2568 1323 2921 1395 particulari,
2954 1339 3078 1393 quae
3094 1325 3208 1397 jam
3237 1324 3513 1394 perfectus
3535 1325 3682 1379 Deus

2088 1418 2413 1475 exsistebat.

2158 1600 2291 1669 Qure
2320 1616 2447 1657 cum
2475 1602 2727 1668 dixisset,
2761 1616 2976 1671 nosque
3018 1598 3357 1656 obscuritate
3402 1596 3682 1653 turbavis.

2093 1700 2199 1758 set,
2234 1702 2293 1749 et
2319 1693 2592 1764 vertigine
2622 1692 2968 1757 involvisset,
3008 1690 3166 1747 abiit.
3209 1691 3280 1746 Et
3314 1689 3496 1760 primo
3522 1703 3683 1743 mane

2092 1785 2161 1840 ad
2188 1784 2375 1840 lumen
2400 1800 2596 1840 verum
2642 1784 2977 1855 aspicientes
3011 1783 3146 1853 quid
3189 1782 3415 1837 daretur
3449 1790 3505 1837 et
3542 1780 3684 1849 adji-

384 1888 748 1959 τίδοθήσεται
784 1883 879 1938 καὶ
912 1881 964 1935 τί
1002 1879 1437 1953 προστεθήσεται
1473 1878 1606 1947 ἡμῖν
1638 1874 1775 1946 πρὸς
1816 1870 1991 1939 γλῶσ-

2102 1886 2319 1932 ceretur
2368 1876 2635 1931 adversus
2692 1876 2939 1946 linguam
2990 1874 3262 1934 dolosam,
3302 1872 3685 1943 cogitabamus

388 1999 492 2038 σαν
516 1980 719 2045 δολίαν,
753 1973 1121 2046 ἐθεωροῦμεν,
1152 1973 1229 2035 ὡς
1249 1969 1310 2023 τὸ
1335 1968 1479 2036 Θεὸς
1505 1966 1722 2038 πρῶτον
1753 1964 1851 2036 μὲν
1880 1979 1986 2031 φυ-

394 2077 550 2130 σικὸν
577 2072 753 2143 ὁνομά
780 2073 953 2133 ἐστιν,
984 2066 1179 2121 οὐσίαν
1213 2062 1448 2134 πρώτως
1484 2062 1576 2116 καὶ
1600 2059 1661 2114 οὐ
1693 2056 1988 2128 πρόσωπον

388 2168 656 2239 σημαῖνον
675 2180 690 2194 ο
720 2161 915 2231 ὥσπερ
943 2159 1037 2213 καὶ
1062 2158 1126 2211 τὸ
1163 2157 1495 2225 ἄντρωπος,
1526 2152 1588 2205 οὑ
1622 2151 1723 2222 τὴν
1749 2147 1988 2201 ὑπόστα-

392 2238 479 2314 σιν
514 2256 753 2318 Παύλου,
788 2253 926 2308 ἀλλὰ
971 2251 1070 2322 τὴν
1100 2249 1266 2320 φύσιν
1286 2249 1459 2317 λέγει,
1490 2244 1571 2300 ἑνί
1598 2261 1657 2297 τε
1687 2242 1784 2296 και
1822 2238 1991 2294 παντι

391 2354 485 2407 καὶ
512 2350 619 2421 ἰδίᾳ
651 2348 888 2417 ἑκάστῳ,
919 2346 1016 2399 καὶ
1042 2346 1199 2415 κοινῇ
1224 2342 1394 2396 πᾶσιν
1415 2337 1726 2409 ἀνθρώποις
1761 2350 1989 2406 προστι-

390 2443 622 2516 θέμενόν
656 2443 827 2504 ἐστιν,
856 2439 996 2511 ὅπερ
1020 2437 1083 2490 τὸ
1111 2436 1322 2496 Παῦλος
1343 2433 1378 2504 ἢ
1431 2431 1637 2501 Πέτρος
1660 2429 1830 2498 ὄνομα
1857 2427 1993 2480 ὑπο-

395 2541 637 2600 στάσεως
658 2537 760 2589 οὑκ
790 2535 935 2605 ἔχει·
977 2530 1098 2595 πῶς
1148 2528 1242 2583 οὖν
1270 2526 1499 2581 δυνατὸν
1527 2524 1591 2577 τὸ
1651 2522 1787 2575 αὑτὸ
1839 2520 1903 2572 ἐκ
1930 2535 1990 2571 τε

394 2631 489 2685 τοῦ
532 2630 695 2700 λόγου
735 2628 834 2698 τῆς
891 2624 1131 2695 φύσεως,
1163 2621 1263 2676 καὶ
1283 2621 1349 2673 ἐκ
1386 2616 1482 2673 τοῦ
1512 2616 1672 2686 λόγου
1728 2614 1830 2684 τῆς
1861 2613 1996 2666 ὑπο-

396 2725 643 2786 στάσεως
671 2719 952 2791 διαφόρως
987 2717 1085 2770 τοῦ
1147 2712 1317 2769 αὑτοῦ
1373 2707 1837 2782 κατηγορεῖσθαι;
1872 2705 1994 2758 Ἔτι

398 2817 510 2890 μὴν
566 2814 710 2869 κατᾶ
745 2812 806 2865 τὸ
850 2809 1081 2881 φυσικὸν
1117 2808 1313 2878 ὄνομα,
1360 2804 1619 2876 ὁμοιότης
1672 2799 1820 2862 τινὸς
1859 2796 1998 2868 πρός

395 2888 523 2965 τινά
555 2907 673 2960 ἐστί
715 2918 882 2959 ποτε·
926 2901 1071 2957 κατὰ
1111 2900 1169 2953 δὲ
1188 2898 1252 2953 τὸ
1302 2893 1687 2957 ὑποστατικὸν,
1735 2888 1992 2960 ἑτερότης

398 3002 564 3076 μόνον
585 3018 600 3031 ’
633 3001 682 3053 εί
715 2994 808 3052 οὖν¹
834 2996 896 3050 τὸ
930 2992 1075 3061 Θεὸς
1112 2992 1208 3045 καὶ⁸
1257 2987 1489 3060 φυσικὸν
1519 2986 1617 3040 καὶ
1647 2979 2000 3054 προσωπικὸν

394 3073 571 3166 ὁνομα
619 3092 698 3164 τῷ
753 3088 1001 3163 Χριστῷ,
1049 3085 1194 3141 κατὰ
1225 3084 1285 3138 τὸ
1314 3081 1448 3136 αὑτὸ
1494 3080 1604 3151 ἄρα
1647 3077 1819 3146 ὄνομα
1862 3073 2000 3166 ἣτε

396 3164 656 3258 ὁμοιότης
687 3182 838 3255 αὑτῷ
895 3182 992 3236 καὶ
1048 3178 1334 3250 ἑτερότης,
1365 3176 1403 3244 ἢ
1440 3172 1581 3243 πρὸς
1611 3169 1681 3223 τὰ
1708 3166 1875 3221 λοιπὰ
1906 3164 2001 3220 δύο

408 3282 531 3335 θεῖα
562 3281 767 3333 νοεῖται
791 3293 806 3308 ·
836 3275 919 3329 ἔτι
975 3272 1082 3345 μὴν
1121 3272 1170 3324 εί
1214 3270 1290 3341 μὴ
1350 3266 1440 3320 διὰ
1493 3265 1596 3333 τὴν
1624 3260 1786 3331 φύσιν

400 3376 703 3436 ὑπόστασις
732 3369 889 3435 Θεὸς,
928 3367 1068 3423 ἀλλὰ
1110 3365 1207 3420 καὶ
1253 3361 1345 3416 διὰ
1367 3360 1460 3414 τὸν
1512 3358 1645 3411 ἴδιον
1672 3355 1830 3423 λόγον
1858 3352 1999 3419 ἐστὶ,

398 3466 498 3521 δύο
523 3465 744 3535 θεότησι
769 3460 903 3525 Θεὸς
933 3460 962 3514 ὁ
986 3453 1225 3529 Χριστός
1246 3468 1263 3486 ο
1301 3448 1505 3522 ὁμοίως
1534 3446 1592 3500 δὲ
1630 3447 1726 3498 καὶ
1746 3444 1776 3495 6
1813 3439 2002 3535 Πατὴρ

403 3559 501 3614 καὶ
520 3558 583 3611 τὸ
609 3531 838 3625 Πνεῦμα
866 3550 928 3605 τὸ
959 3550 1148 3619 ἆγιοψ
1178 3546 1261 3599 ἔτι
1287 3543 1345 3597 δὲ
1376 3542 1426 3595 εί
1458 3541 1493 3611 ἦ
1515 3556 1573 3592 τε
1603 3536 1786 3602 οὐσία,
1816 3533 1912 3587 καὶ
1948 3531 2003 3582 αἱ

406 3651 559 3723 τρεῖς
588 3646 922 3707 ὑποστάσεις
944 3642 1044 3713 τῆς
1072 3640 1233 3710 ἁγίας
1256 3638 1299 3689 Τ
1307 3634 1487 3708 ριάδος
1518 3631 1726 3700 ἑκάστη
1760 3626 1854 3694 ἀφ’
1875 3627 2005 3678 ἐαυ-

404 3718 505 3817 τῆς
533 3742 754 3811 λέγεται
778 3737 935 3803 Θεὸς,
961 3735 1232 3804 τέσσαρες
1263 3730 1380 3783 θεοὶ
1404 3723 1515 3781 εἷεν
1539 3726 1672 3795 ἡμῖν
1693 3718 2002 3788 συναγόμε-

405 3814 488 3889 νοι
520 3833 743 3902 σαφῶςο
782 3828 919 3900 πρὸς
945 3826 1001 3879 δὲ
1033 3823 1268 3886 τούτοις,
1298 3818 1425 3875 ἐπεὶ
1473 3818 1506 3887 ἡ
1544 3814 1706 3884 φύσις
1731 3825 2006 3884 περιεκτι-

408 3927 633 4000 κωτέρα
663 3941 724 3977 τε
761 3922 856 3976 καὶ
878 3918 1166 3988 κοινοτέρα
1190 3913 1298 3981 τῶν
1340 3905 1695 3964 ὑποστάσεών
1725 3905 1842 3956 ἐστι
1861 3918 1876 3934 ·
1912 3904 2009 3955 καὶ

410 4023 447 4093 ἡ
474 3992 616 4071 κατὰ
645 4013 876 4084 φυσικὸν
903 4011 1064 4079 λόγον
1086 4007 1303 4077 θεότης,
1337 4005 1540 4076 μείζων
1570 3999 1750 4054 ἔσται·
1781 3993 1891 4068 ἆρα
1915 3992 2010 4048 οῦν

416 4087 619 4181 μείζων
671 4107 803 4170 Θεὸς
867 4106 932 4158 ὲκ
968 4103 1071 4173 τῆς
1110 4100 1350 4171 φύσεως,
1400 4095 1496 4150 καὶ
1527 4094 1765 4149 ἐλάττων
1812 4091 1875 4143 ὲκ
1910 4087 2011 4157 τῆς

411 4176 772 4261 ὑποστάσεως
803 4197 832 4250 ό
853 4194 1090 4266 Χριστὸς
1115 4191 1277 4253 αὑτὸς
1312 4185 1510 4243 ἑαυτοῦ
1534 4183 1896 4255 νοηθήσεται;
1920 4176 2013 4230 ἐπὶ

408 4295 476 4349 δὲ
500 4296 669 4347 πᾶσιν
698 4291 747 4343 εἰ
770 4291 799 4343 ὁ
826 4288 999 4357 Λόγος
1035 4286 1205 4356 ἧγουν
1232 4283 1267 4353 ἡ
1297 4281 1596 4341 ὑπόστασις
1647 4273 1742 4329 τοῦ
1774 4268 2012 4345 Χριστοῦ

413 4388 513 4442 καὶ
542 4384 682 4440 καθὸ
705 4382 879 4450 Λόγος
900 4380 1020 4433 ἐστὶ
1057 4377 1155 4433 καὶ
1184 4376 1335 4444 Υἱὸς,
1386 4372 1520 4434 Θεὸς
1549 4367 1773 4439 νοηθείη
1802 4363 2012 4431 ἁπλῶς,

413 4486 508 4536 καὶ
539 4480 602 4533 οὑ
636 4480 704 4548 τῇ
735 4470 1153 4545 ἐνθεωρουμένη
1204 4465 1353 4537 αὑτῷ
1399 4464 1558 4534 οὐσίᾳ
1586 4460 1752 4515 αὑτοῦ
1812 4456 2014 4511 τοιόνδε

1846 3258 1998 3327 καὶὴ
2028 3225 2073 3285 C

2087 1969 2194 2026 hoc
2216 1985 2438 2033 nomen,
2470 1970 2639 2034 Deus,
2660 1969 2729 2024 de
2751 1974 2953 2022 natura
2977 1964 3499 2032 esse,suhstantiam
3530 1964 3687 2035 prius

2090 2078 2199 2117 non
2241 2078 2537 2132 personam
2579 2062 2895 2133 designare,
2923 2060 3070 2116 sicut
3090 2074 3195 2114 vox
3225 2057 3391 2113 homo
3414 2072 3525 2112 non
3554 2071 3689 2127 per-

2090 2170 2284 2209 sonam
2312 2156 2493 2219 Pauli,
2518 2155 2616 2210 sed
2643 2166 2897 2210 naturam
2942 2154 3062 2225 ejus
3094 2162 3277 2217 vocat,
3320 2158 3378 2206 et
3411 2149 3531 2215 uni,
3567 2148 3690 2204 cui-

2089 2244 2248 2309 libet,
2315 2245 2517 2315 cuique
2569 2244 2862 2300 individuo
2920 2253 2978 2299 et
3028 2242 3308 2297 universis
3367 2239 3689 2296 hominibus

2092 2344 2277 2405 potest
2318 2336 2519 2406 aptari,
2549 2335 2697 2405 quod
2720 2350 2834 2389 non
2864 2340 2951 2390 est
2972 2348 3129 2403 aeque
3156 2331 3454 2387 dicendum
3495 2330 3565 2384 de
3600 2329 3690 2384 his

2093 2435 2349 2499 vocibus,
2389 2436 2609 2501 Petrus,
2644 2435 2872 2499 Paulus,
2898 2446 3191 2503 personam
3223 2428 3691 2502 signiﬁcantibus.

2093 2527 2215 2596 Qua
2225 2544 2359 2603 ergo
2376 2530 2590 2585 ratione
2607 2528 2715 2584 hoc
2734 2527 2930 2583 eodem
2951 2525 3123 2581 verbo
3138 2525 3256 2580 sive
3279 2533 3552 2588 naturam,
3576 2521 3694 2577 sive

2096 2639 2395 2699 personam
2438 2621 2740 2693 appellanti
2775 2620 2923 2675 idem
2960 2619 3273 2690 subjectum
3298 2616 3476 2672 .variis
3514 2614 3694 2670 modis

2097 2719 2307 2791 poterit
2339 2714 2657 2788 designari?
2685 2715 2755 2770 Et
2784 2713 3010 2769 aliunde
3043 2721 3257 2768 naturae
3289 2725 3495 2765 nomen
3539 2708 3697 2763 simi-

2099 2811 2395 2868 litudinem
2438 2808 2607 2863 unius
2636 2822 2761 2862 cum
2795 2807 2971 2861 altero
3011 2804 3242 2869 indicat,
3277 2800 3568 2872 personale
3595 2815 3696 2854 an—

2101 2912 2213 2959 tem
2253 2901 2479 2958 nonnisi
2512 2899 2909 2955 differentiam.
2954 2895 3012 2951 Si
3048 2911 3182 2967 ergo
3214 2909 3348 2949 voce
3373 2894 3519 2948 Deus
3548 2891 3698 2946 desi-

2102 3004 2343 3068 gnantur
2371 3002 2571 3048 natura
2606 3000 2664 3047 et
2689 3006 2927 3062 persona
2960 2989 3192 3053 Christi,
3225 2988 3331 3041 hac
3364 3001 3472 3042 una
3498 2984 3697 3040 similis

2102 3083 2321 3139 duabus
2354 3082 2483 3136 aliis
2518 3081 2773 3151 personis
2820 3076 3046 3143 divinis,
3085 3085 3143 3131 et
3192 3074 3456 3131 differens
3497 3072 3568 3128 ab
3614 3070 3698 3129 eis

2105 3171 2451 3242 intelligitur.
2502 3169 2561 3226 Si
2604 3185 2719 3224 non
2762 3169 2939 3224 solum
2994 3174 3221 3237 propter
3270 3173 3549 3228 naturam,
3598 3161 3697 3216 sed

2104 3266 2272 3321 etiam
2317 3272 2546 3334 propter
2583 3261 2877 3334 proprium
2923 3275 3126 3316 nomen
3160 3260 3252 3314 illa
3284 3273 3521 3329 persona
3549 3257 3700 3313 Deus

2102 3365 2211 3420 est,
2251 3370 2384 3426 ergo
2418 3354 2636 3409 duabus
2670 3351 3062 3408 divinitatibus
3110 3353 3255 3408 Deus
3302 3350 3598 3416 Christus;
3642 3357 3701 3404 et

2104 3448 2252 3504 idem
2291 3447 2589 3503 dicendum
2616 3446 2685 3501 de
2711 3446 2873 3502 Patre
2903 3455 2961 3501 et
3003 3444 3212 3516 Spiritu
3252 3452 3464 3499 sancto.
3491 3441 3549 3497 Si
3581 3441 3701 3511 ipsa

2107 3539 2446 3605 substantia,
2489 3550 2547 3594 et
2584 3546 2697 3595 tres
2731 3552 2983 3609 persona
3005 3544 3209 3593 sancta:
3234 3534 3525 3591 Trinitatis
3553 3534 3702 3589 Deus

2108 3635 2393 3699 dicuntur,
2433 3646 2669 3704 qumque
2717 3638 2945 3702 propter
2991 3644 3052 3685 se
3076 3628 3272 3700 ipsam,
3304 3635 3420 3681 tum
3453 3625 3702 3696 profecto

2108 3739 2349 3798 quatuor
2393 3725 2528 3781 deos
2574 3724 2868 3779 habemus.
2917 3721 2988 3776 Et
3046 3720 3273 3790 insuper
3322 3733 3451 3774 cum
3503 3728 3705 3773 natura

2109 3821 2377 3891 majorem
2410 3817 2613 3872 habeat
2639 3814 3024 3871 extensionem
3058 3822 3116 3868 et
3142 3809 3703 3882 comprehensionem

2110 3926 2276 3981 quam
2328 3923 2588 3979 persona,
2638 3906 2815 3976 major
2856 3903 2964 3958 erit
3007 3902 3100 3956 illa
3129 3900 3396 3956 divinitas
3434 3914 3557 3970 qua:
3606 3913 3707 3969 per

2112 4014 2367 4058 naturam
2397 3999 2722 4071 designatur
2758 4014 2770 4051 :
2801 3994 3055 4065 nunquid
3081 4009 3214 4064 ergo
3240 3990 3497 4047 Christus
3523 3989 3709 4060 seipso

2112 4095 2291 4165 major
2342 4093 2490 4147 Deus
2535 4107 2605 4146 ex
2654 4098 2879 4155 natura,
2912 4098 2968 4143 et
3007 4086 3189 4142 minor
3228 4101 3298 4140 ex
3326 4082 3606 4155 persona?
3640 4081 3711 4137 Et

2114 4187 2355 4242 maxime
2396 4186 2441 4241 si
2485 4185 2748 4250 Verbum,
2789 4198 2887 4237 seu
2929 4194 3168 4251 persona
3203 4176 3411 4234 Christi
3443 4175 3589 4229 Deus
3620 4172 3709 4227 in-

2118 4280 2385 4350 telligitur
2440 4277 2770 4347 simpliciter
2815 4274 2945 4345 quia
2988 4271 3233 4327 Verbum
3277 4278 3362 4324 est
3408 4276 3467 4323 et
3512 4265 3708 4328 Filius,

2116 4384 2299 4441 neque
2335 4385 2406 4424 ex
2450 4367 2758 4424 substantia
2789 4365 2845 4420 in
2876 4380 2943 4420 eo
2964 4362 3153 4418 habita
3191 4361 3297 4415 hoc
3323 4374 3524 4414 nomen
3552 4372 3712 4412 acce-

2116 4462 2199 4534 pit
2223 4480 2238 4530 ;
2276 4470 2333 4517 et
2364 4478 2489 4516 cum
2522 4462 2685 4518 Pater
2714 4474 2895 4529 neque
2921 4457 3184 4519 Verbum,
3214 4469 3395 4523 neque
3419 4451 3592 4506 Filius
3616 4452 3713 4511 sit,

414 4576 592 4645 ὄνομα
620 4544 781 4642 μόνον
809 4544 1218 4638 σφετερίζεται·
1250 4562 1372 4615 ἐπεὶ
1389 4560 1419 4613 ὁ
1442 4556 1634 4627 Πατὴρ
1650 4551 1999 4645 προδήλως-οξ

2124 4558 2233 4611 erit
2282 4554 2453 4626 igitur
2500 4570 2614 4609 non
2666 4554 2836 4614 Deus,
2882 4550 2970 4607 vel
3022 4565 3136 4604 non
3188 4547 3423 4611 similis;
3465 4553 3523 4599 et
3577 4544 3714 4597 item

415 4642 592 4733 Λόγος
618 4659 742 4715 οὐδὲ
774 4658 927 4723 Υἱὸς,
964 4655 1122 4709 ἔσται
1149 4653 1261 4725 ἄρα
1293 4651 1415 4706 οὑδὲ
1442 4647 1653 4719 Θεὸς,ἢ
1688 4646 1748 4700 οὐ
1772 4642 2010 4697 τοιόσδε·

416 4755 622 4828 ὁμοίως
646 4752 744 4806 καὶ
767 4750 831 4804 τὸ
865 4747 1093 4818 Πνεῦμα
1121 4746 1183 4800 τὸ
1207 4746 1365 4814 ἆγιον
1387 4759 1399 4772 ·
1454 4742 1551 4813 μία
1584 4736 1678 4794 οὖν
1706 4737 1892 4809 ὁμοία,
1926 4735 2017 4789 καὶ

426 4851 578 4923 τρεῖς
607 4847 861 4917 διάφοροι
918 4843 1176 4912 θεότητες
1196 4854 1212 4869 ο
1263 4837 1359 4892 καὶ
1388 4837 1620 4890 ἕκαστον
1651 4832 1797 4885 θεῖον
1845 4828 2017 4901 πρόσ-

416 4959 592 5007 ωπον,
623 4938 878 4993 σύνθετον
902 4936 966 4988 ἐκ
993 4933 1088 4987 δύο
1116 4932 1388 5003 θεοτήτων
1415 4927 1711 4998 διαφόρων,
1759 4922 1887 4994 μιᾶς
1920 4919 2019 4990 μὲν

423 5036 643 5108 ὁμοίας,
703 5032 898 5103 ἑτέρας
959 5027 1017 5081 δὲ
1072 5024 1361 5097 ἀνομοίου·
1420 5022 1469 5074 εί
1525 5019 1581 5073 δὲ
1622 5017 1798 5071 ταῦτα
1837 5014 2021 5067 πάντα

420 5130 626 5191 ἄτοπα,
650 5125 810 5195 δῆλον
842 5122 918 5184 ὡς
952 5123 1019 5174 ὲκ
1063 5117 1281 5189 φύσεως
1321 5116 1483 5188 μόνον
1521 5111 1654 5174 Θεός
1682 5127 1743 5163 τε
1793 5110 1823 5162 ὁ
1849 5108 2020 5177 Λόγος

424 5224 592 5294 ἡγουν
623 5222 651 5275 ὁ
683 5218 943 5291 Χριστὸς,
979 5217 1074 5268 καὶ
1097 5216 1126 5267 ὁ
1154 5212 1370 5284 Πατὴρ,
1396 5210 1488 5263 καὶ
1516 5207 1576 5260 τὸ
1602 5204 1757 5274 am
1791 5202 2015 5273 Πνεῦμα

420 5314 677 5382 λέγεται·
702 5311 895 5382 ῶσπερ
923 5305 1018 5365 οὖν
1074 5305 1170 5360 καὶ
1218 5304 1509 5375 ἄνθρωπος
1563 5300 1592 5354 ὃ
1643 5314 1702 5351 τε
1731 5297 1895 5350 Δαϐιδ
1926 5296 2019 5350 καὶ

424 5405 681 5479 Σολομῶν
701 5422 715 5437 ·
739 5403 866 5459 οὔτε
896 5403 1005 5474 γὰρ
1032 5401 1068 5471 ἢ
1095 5398 1351 5471 Χριστὸς,
1378 5396 1411 5467 ἢ
1437 5393 1628 5458 Δαϐὶδ,
1662 5392 1696 5463 ἢ
1730 5390 2019 5462 προφήτης

2117 4648 2362 4719 Spiritus
2406 4656 2651 4702 sanctus.
2694 4646 2815 4703 Una
2847 4658 2981 4715 ergo
3016 4639 3331 4697 communis
3371 4646 3428 4694 et
3465 4646 3580 4692 tres
3628 4633 3714 4689 di-

2118 4756 2293 4797 versae
2322 4740 2577 4796 essentia:
2621 4739 2854 4807 divinae;
2900 4751 3134 4808 quaeque
3177 4748 3414 4806 persona
3459 4728 3648 4785 divina
3683 4743 3715 4782 e

2120 4835 2337 4891 duabus
2380 4834 2619 4890 diversis
2662 4830 3053 4887 divinitatibus
3096 4826 3395 4891 constabit,
3426 4840 3534 4880 una
3565 4838 3717 4878 com-

2123 4927 2302 4995 muni,
2342 4936 2399 4983 et
2442 4928 2616 4983 altera
2643 4924 2989 4997 particulari.
3024 4922 3157 4989 Quae
3186 4921 3231 4975 si
3256 4916 3496 4974 absurda
3521 4914 3717 4969 viden-

2122 5030 2236 5088 tur,
2270 5029 2424 5093 patet
2447 5022 2563 5076 sola
2587 5029 2790 5075 natura
2817 5018 2991 5073 Deum
3014 5031 3137 5072 esse
3159 5011 3404 5067 Verbum
3432 5024 3530 5064 seu
3555 5004 3717 5061 Chri-

2125 5123 2271 5170 stum
2323 5122 2381 5169 et
2427 5113 2646 5168 Patrem
2676 5121 2735 5167 et
2762 5110 3055 5181 Spiritum,
3086 5115 3148 5161 ut
3177 5104 3367 5159 videre
3398 5109 3483 5156 est
3511 5099 3580 5153 de
3606 5097 3685 5152 Da
3711 5125 3718 5131 -

2125 5204 2240 5269 vid,
2289 5204 2359 5259 de
2415 5203 2710 5258 Salomone
2753 5199 3076 5256 hominibus
3106 5215 3119 5251 :
3151 5210 3264 5250 non
3291 5192 3570 5255 Christus,
3602 5204 3714 5242 non

2124 5293 2319 5360 David,
2360 5307 2471 5348 non
2514 5290 2789 5364 pr0pheta
2838 5296 2924 5344 est
2954 5304 3021 5343 ex
3062 5294 3295 5350 natura;
3327 5294 3508 5351 neque
3548 5278 3718 5333 homo

2127 5399 2305 5447 estex
2339 5404 2599 5460 persona,
2632 5388 2739 5443 nisi
2759 5386 2903 5442 forte
2936 5382 3277 5455 speculative
3306 5376 3608 5450 loquendo.

428 5504 537 5560 ἀπὸ
561 5469 664 5576 τῆς
690 5469 930 5576 φύσεως,
963 5469 1089 5555 οὔτε
1116 5469 1407 5569 ἄνθρωπος
1428 5493 1538 5549 άπὸ
1552 5492 1654 5563 τῆς
1672 5489 2028 5556 ὑποστάσεως
2066 5486 2386 5560 ὀνομάζοιτο
2414 5486 2481 5542 ἂν
2516 5486 2727 5551 ἁπλῶς,
2790 5486 2839 5538 εί
2906 5483 2985 5553 μὴ
3018 5482 3127 5554 ἄρα
3164 5478 3245 5551 τῷ
3273 5476 3373 5548 τῆς
3402 5478 3462 5528 ὲν
3484 5469 3721 5543 θεωρίας

423 5602 586 5674 λόγῳ.

1035 5687 1289 5744 ΚΕΦΑΛ.
1322 5686 1424 5742 ῙΘ’.

497 5786 659 5842 Πᾶσα
699 5783 885 5857 φύσις,
932 5783 1098 5854 φασὶ,
1155 5781 1243 5835 διὰ
1291 5779 1402 5833 τῶν
1454 5777 1808 5834 ὑποστάσεων
1852 5775 2024 5847 αὐτῆς

428 5892 730 5950 εγνωσται·
760 5875 939 5939 οὐδεὶς
976 5875 1088 5946 γὰρ
1120 5868 1263 5927 οἶδεν
1294 5871 1591 5942 ἱππότητα,
1630 5869 1705 5943 μὴ
1733 5869 1897 5941 γνοὺς
1925 5867 2023 5923 ἱδι-

756 5975 1035 6037 PnnOL.
1084 5972 1205 6035 Gn.
1250 5968 1587 6035 LXXXVI.

2752 5673 2904 5731 CAP.
2935 5671 3082 5729 XIX.

2204 5770 2312 5829 Sed
2346 5769 2528 5827 omnis
2557 5779 2781 5836 natura,
2816 5768 3099 5839 inquiunt,
3136 5781 3205 5821 ex
3234 5777 3333 5819 sua
3359 5768 3599 5832 persona
3624 5742 3727 5809 eo;

2132 5862 2419 5939 gnoscitur
2446 5880 2459 5918 :
2495 5862 2742 5935 equitem
2780 5874 2946 5918 nemo
2979 5857 3241 5930 cognovit
3273 5852 3381 5909 nisi
3412 5849 3579 5923 prius
3620 5844 3723 5901 ho-

3284 5950 3364 6011 50
