4116 6444
483 379 505 443 1
516 378 621 444 579

1742 376 2052 437 LEONTII
2094 376 2501 438 BYZANTINI

3618 382 3748 449 1580

476 508 686 551 minem
724 500 783 549 et
825 507 1031 565 equum
1066 489 1325 563 privatim
1374 486 1716 560 cognoverit,
1756 503 1935 557 neque
1970 502 2067 556 pa-

2176 488 2288 553 κῶς
2327 491 2476 543 τόνδε
2508 508 2630 544 τινα
2662 492 2756 545 καὶ
2816 492 2910 545 τὸν
2942 493 3109 548 ίππον
3131 510 3143 522 ·
3201 495 3407 567 ὁμοίως
3440 497 3557 553 οὑδὲ
3611 502 3751 571 αίγό-

479 587 617 643 riter
648 588 985 657 caprarium,
1010 594 1105 641 aut
1135 584 1299 639 aliam
1332 583 1565 639 formam
1596 596 1949 636 communem
1972 595 2071 635 seu

476 676 875 732 individualem
905 695 917 729 :
951 684 1009 730 et
1048 675 1174 730 ideo
1208 674 1348 729 duas
1384 670 1588 728 Christi
1627 679 1856 725 naturas
1885 670 1930 724 si
1970 685 2072 724 no-

474 770 690 833 veritis,
723 779 873 840 patet
896 783 1086 823 carum
1111 781 1379 838 personas
1418 764 1572 836 prius
1606 764 1777 819 fuisse
1799 764 2070 833 cognitas.

474 860 567 917 Sic
604 861 930 932 responderi
966 868 1148 929 potest
1181 858 1357 913 :Visis
1395 856 1604 913 Phidize
1643 856 1930 927 operibus,
1972 871 2070 909 na-

474 964 657 1009 turam
695 955 815 1024 ejus
874 951 1258 1023 intelligimus,
1306 950 1582 1020 siquidem
1634 964 1816 1019 neque
1861 948 2064 1019 angeli,

363 1096 371 1105 .
472 1062 655 1117 neque
700 1042 1100 1099 irrationabilis
1140 1041 1396 1097 animalis
1432 1050 1561 1095 sunt
1594 1040 1836 1095 humana
1867 1053 2064 1109 opera;

472 1153 768 1210 personam
800 1144 983 1191 autem
1024 1134 1069 1189 si
1110 1133 1457 1204 conjicimus,
1498 1131 1663 1198 eheu,
1704 1130 1872 1185 verba
1894 1129 2069 1201 magis

473 1246 638 1300 quam
685 1229 970 1285 hominem
1024 1228 1392 1283 fabricamus!
1440 1224 1547 1281 Sed
1589 1225 1718 1295 quia
1770 1224 1960 1280 Enoch
2008 1233 2067 1279 et

472 1324 589 1379 Nec
633 1338 703 1379 ex
758 1320 1067 1377 substantia
1102 1320 1510 1392 cognoscimus,
1543 1332 1881 1389 personasne
1918 1317 2066 1389 ipsas

473 1431 639 1471 nosse
675 1413 1114 1470 aliirmabimus?
1138 1413 1246 1469 Sed
1278 1413 1425 1468 dicet
1456 1412 1658 1483 aliquis
1680 1427 1859 1482 neque
1887 1411 2060 1482 ipsam

475 1516 735 1564 naturam
785 1508 904 1564 Noe
981 1508 1260 1579 propriam
1304 1524 1335 1562 a
1395 1506 1558 1561 nobis
1614 1506 1908 1577 cognosci,
1964 1505 2061 1561 sed

474 1600 679 1671 conjici
731 1616 801 1655 ex
850 1600 1185 1670 quibusdam
1236 1600 1516 1655 similibus
1568 1600 1938 1670 prtecognitis.
1993 1600 2063 1655 Et

476 1693 625 1749 istud
667 1693 1029 1748 concedatur.
1070 1692 1333 1747 Naturam
1392 1702 1575 1747 autem
1616 1692 1730 1746 Noe
1782 1689 2061 1761 quomodo

474 1785 884 1856 cognoscimus,
931 1784 977 1840 si
1023 1793 1224 1840 natura
1269 1783 1493 1855 quidem
1548 1800 1615 1839 ex
1654 1783 1927 1839 similibus
1958 1782 2101 1856 po-"

476 1876 585 1929 tuit
632 1860 931 1947 cognosci;
988 1890 1222 1944 persona
1272 1884 1457 1930 autem
1506 1890 1575 1930 ex
1623 1874 1792 1929 simili
1826 1889 2064 1945 persona

476 1982 589 2021 non
620 1967 823 2038 potuit,
857 1967 1009 2021 nulla
1031 1967 1179 2022 enim
1216 1982 1458 2036 unquam
1488 1980 1722 2037 persona
1750 1965 1909 2021 altcri
1936 1982 2065 2036 per-

476 2058 620 2112 l‘eete
658 2056 857 2112 similis
881 2064 989 2121 est,
1018 2066 1075 2110 et
1107 2057 1208 2110 ista
1241 2056 1355 2110 Noe
1380 2070 1614 2126 persona
1638 2056 1749 2127 jam
1778 2072 1888 2111 non
1918 2056 2064 2112 exsi-

475 2149 595 2214 stit,
639 2163 742 2203 nec
767 2147 994 2202 alteram
1026 2147 1195 2201 habet
1221 2147 1482 2213 similem,
1524 2155 1587 2201 ut
1619 2146 1721 2217 ipsi
1754 2146 1960 2202 dicitis.
2006 2146 2063 2201 Si

474 2253 609 2294 vero
629 2238 1037 2310 cognoscimus,
1060 2254 1194 2309 ergo
1219 2249 1474 2293 naturam
1506 2255 1839 2311 cognoscere
1870 2238 1953 2295 fas
1978 2248 2065 2295 est

476 2344 715 2399 persona
752 2338 1057 2391 carentem,
1100 2329 1185 2384 vel
1227 2330 1410 2401 ignota
1459 2332 1580 2401 ejus
1617 2346 1871 2401 persona.
1919 2330 2063 2397 Quid

476 2418 603 2482 hoc,
640 2417 759 2473 ait?
796 2418 992 2472 Nonne
1044 2417 1159 2472 Noe
1201 2417 1627 2487 impersonalem
1678 2418 2066 2475 arbitramini?

477 2510 701 2565 Minime
742 2508 1014 2579 profecto,
1056 2525 1237 2579 neque
1280 2510 1387 2564 hoc
1412 2509 1755 2575 dicebamus,
1788 2510 1883 2566 sed
1914 2511 2063 2581 quod

476 2607 734 2652 naturam
788 2613 856 2651 εχ
902 2612 1137 2667 persona
1176 2612 1513 2668 cognoscere
1568 2614 1677 2652 non
1726 2608 1811 2654 ρει
1849 2615 2065 2671 semper

477 2702 585 2743 nec
614 2685 869 2741 absolute
901 2686 1305 2752 necessarium,
1338 2686 1485 2756 quod
1537 2687 1846 2757 ponebatis,
1892 2688 1965 2743 ita
2005 2697 2065 2745 ut

478 2774 772 2830 deﬁciente
811 2789 1064 2844 persona).
1109 2774 1330 2841 notitia,
1362 2774 1625 2830 deﬁceret
1648 2786 1702 2831 et
1732 2785 1959 2832 natum.
1997 2778 2067 2833 Et

478 2866 574 2921 ubi
619 2876 816 2919 natura
857 2880 926 2919 ex
959 2879 1196 2934 persona
1241 2864 1481 2935 perfecte
1517 2866 1889 2938 cognoscitur,
1930 2868 2063 2939 quid

480 2958 739 3028 prohibet
776 2972 884 3011 una
916 2972 1153 3027 persona
1189 2958 1377 3028 plures
1422 2967 1650 3014 naturas
1704 2974 1888 3015 rerum
1922 2976 2065 3032 prae-

477 3049 823 3121 cognitarum
850 3048 1191 3120 agnoscere?
1226 3050 1319 3105 Sic
1355 3050 1475 3105 viso
1503 3050 1745 3116 Andrca,
1774 3050 2065 3109 distinctas

2174 596 2337 650 τητα.
2372 580 2403 651 ἢ
2436 581 2625 651 ἕτερον
2659 580 2799 647 εἶδος
2824 586 3004 639 κοινὸν
3033 586 3065 656 ἦ
3102 587 3269 641 ίδικόν
3290 606 3304 620 ·
3335 590 3383 641 εἰ
3417 589 3507 643 οὖν
3532 590 3624 645 δύο
3661 594 3754 656 τὰς

2174 669 2365 740 φύσεις
2396 674 2509 727 ῖστε
2536 674 2799 746 Χριστοῦ,
2830 676 2990 746 δῆλον
3017 678 3093 740 ὡς
3126 680 3225 740 τὰς
3276 682 3605 747 ὑποστάσεις
3635 686 3753 737 τού-

2172 778 2281 814 των
2331 763 2738 834 προεγνώκατε.
2775 767 2919 837 Ἀρα
2939 767 3033 821 οὖν
3064 769 3343 840 εἴποιμεν·
3375 771 3526 825 Ἐπεὶ
3555 774 3755 829 Φειδίου

2171 852 2240 907 τὰ
2290 853 2428 925 ἔργα
2458 856 2714 925 ὁρῶντες,
2745 857 2847 930 τὴν
2888 859 3055 927 φύσιν
3102 865 3444 933 συνήκαμεν,
3490 863 3613 918 οὗτε
3653 867 3757 939 γὰρ

2171 946 2410 1017 ἀγγέλου
2446 949 2566 1002 οὑδὲ
2619 950 2819 1020 ἀλόγου
2859 952 2929 1005 τά
2979 953 3477 1024 ἁνδρειοπλαστικὰ
3504 959 3681 1011 ἐστίν·
3712 962 3757 1013 εἰ

2169 1038 2229 1092 δὲ
2266 1040 2364 1098 καὶ
2383 1041 2481 1111 τὴν
2522 1040 2825 1097 ὑπόστασιν
2855 1044 3026 1098 αὑτοῦ
3069 1046 3435 1118 γνωρίζομεν,
3463 1048 3627 1118 βαϐαὶ
3653 1050 3759 1104 τῶν

2168 1131 2554 1203 λογοπλαστῶν
2579 1134 2780 1206 μᾶλλον
2805 1136 2837 1204 ἦ
2880 1137 2977 1191 τοῦ
3011 1138 3420 1210 άνδροπλάστου
3445 1142 3459 1194 !
3504 1140 3673 1213 Ἑνὼχ
3701 1142 3757 1196 δὲ

2167 1227 2265 1278 καὶ
2294 1224 2419 1279 Νῶε
2448 1226 2586 1281 διότι
2615 1228 2716 1299 τὴν
2739 1228 2930 1282 οὐσίαν
2951 1231 3055 1284 οὐκ
3082 1233 3410 1303 ἀγνοοῦμεν,
3432 1230 3541 1307 ἆρα
3569 1236 3663 1289 καὶ
3692 1236 3757 1291 τὰ

2165 1317 2435 1389 πρόσωπα
2497 1319 2697 1374 ειδέναι
2758 1320 3307 1395 διαδεόαιωσόμεθα;
3364 1326 3481 1380 ἀλλ’
3553 1329 3756 1383 εἴποιτε

2166 1410 2318 1475 ἴσως,
2350 1410 2434 1464 ὅτι
2450 1410 2585 1465 Ούδὲ
2607 1412 2710 1484 τὴν
2729 1412 2892 1482 φύσιν
2915 1414 3088 1485 αὑτὴν
3106 1415 3231 1469 Νῶε
3255 1417 3356 1489 τὴν
3379 1417 3554 1489 ἱδικὴν
3574 1420 3750 1490 ἴσμεν,

2164 1503 2277 1558 ἀλλ’
2309 1503 2370 1570 ἐξ
2391 1505 2594 1576 ὁμοίων
2622 1506 2785 1560 τινῶν
2805 1525 2881 1561 ων
2915 1506 3261 1579 γινώσκομεν
3303 1511 3751 1585 ἁναλογιζόμεθα.

2163 1596 2412 1652 Δεδόσθω
2438 1597 2533 1652 οὖν
2555 1598 2694 1652 τάδε’
2729 1599 2847 1663 πῶς
2874 1597 2969 1653 οὑν
2992 1601 3041 1653 εί
3060 1599 3158 1671 τὴν
3189 1600 3288 1671 μὲν
3309 1602 3471 1671 φύσιν
3488 1602 3548 1669 ἐξ
3564 1605 3759 1675 ὁμοίων

2163 1689 2570 1761 εὐπορήσαντες
2629 1690 3093 1762 άνελογισάμεθα,
3123 1692 3221 1763 τὴν
3272 1691 3328 1745 δὲ
3369 1694 3669 1750 ὑπόστασιν
3701 1697 3756 1763 ἐξ

2168 1780 2361 1849 ὁμοίας
2403 1781 2755 1844 ὑποστάσεως
2798 1781 2901 1835 οὐκ
2947 1782 3451 1850 ὲπεγνωκότες;υύ
3470 1784 3581 1857 γάρ
3618 1788 3758 1840 ἐστιν

2180 1870 2482 1935 ὑπόστασις
2512 1872 2809 1927 ὑποστάσει
2852 1873 3030 1944 πάντη
3063 1874 3227 1946 ὁμοία
3275 1875 3519 1943 πώποτε,
3553 1878 3640 1931 διὰ
3666 1879 3759 1948 τῆς

2172 1963 2248 2034 μὴ
2301 1961 2470 2035 οὑσης
2506 1964 2646 2035 μηδὲ
2679 1966 2875 2036 ὁμοίαν
2925 1966 3160 2037 ἐχούσης
3192 1967 3551 2034 ὑποστάσεως
3576 1970 3755 2037 αὑτοῦ,

2166 2051 2351 2117 καθώς
2372 2071 2533 2123 φατε,
2559 2055 2809 2127 συνῶμεν
2835 2054 2928 2110 τοῦ
2954 2057 3079 2111 Νῶε
3099 2056 3199 2129 τὴν
3217 2058 3379 2128 φύσιν
3399 2076 3412 2090 ’
3444 2061 3494 2113 εί
3512 2060 3569 2114 δὲ
3592 2062 3752 2133 συνή-

2166 2160 2366 2214 καμεν,
2396 2145 2489 2197 καὶ
2538 2145 2667 2199 ἄνευ
2705 2146 3060 2211 ὑποστάσεως
3089 2147 3197 2217 ἄρα
3251 2162 3315 2216 γε
3350 2147 3500 2202 ἔστιν
3558 2149 3751 2202 εἰδέναι

2165 2237 2350 2305 φύσιν,
2410 2239 2503 2290 καὶ
2532 2237 2660 2290 ἄνευ
2712 2236 2807 2291 τοῦ
2852 2238 3049 2293 εἰδέναι
3098 2237 3272 2309 αὑτῆς
3320 2240 3415 2292 καὶ
3472 2239 3574 2311 τὴν
3625 2239 3755 2294 ὑπό-

2169 2344 2377 2383 στασιν.
2437 2329 2504 2383 Τί
2568 2324 2697 2396 οὑν;
2756 2328 2923 2399 φησίν
2954 2347 2967 2361 ·
3029 2330 3402 2386 ἀνυπόστατον
3479 2333 3578 2403 τὴν
3632 2332 3756 2387 Νῶε

2167 2420 2328 2491 φύσιν
2363 2422 2630 2486 ἐννοεῖτε,
2664 2413 2740 2474 Οὑ
2789 2422 2946 2491 δῆτα·
2992 2423 3053 2475 ού
3103 2422 3212 2494 γὰρ
3261 2422 3421 2477 τοῦτο
3476 2424 3755 2496 ἐλέγομεν,

2164 2514 2278 2568 ἀλλ’
2295 2515 2375 2567 ὅτι
2398 2512 2501 2566 οὑκ
2525 2512 2741 2583 ἀνάγκη
2757 2512 2827 2566 δι’
2854 2513 3211 2577 ὑποστάσεως
3240 2516 3351 2579 ἀεὶ,
3373 2515 3454 2579 ῶς
3475 2534 3639 2585 φατε,
3663 2519 3756 2572 καὶ

2165 2607 2383 2669 πάντως
2420 2604 2520 2676 τὴν
2551 2602 2716 2674 φύσιν
2746 2603 3113 2674 γινώσκεσθαι
3134 2622 3148 2637 ·
3172 2606 3260 2660 ἵνα
3288 2610 3315 2660 ό
3357 2608 3433 2679 μὴ
3463 2608 3753 2679 λαμϐάνων

2164 2698 2366 2766 γνῶσιν
2398 2695 2749 2760 ὑποστάσεως
2777 2695 3018 2769 πρῶτον,
3074 2697 3215 2769 μηδὲ
3248 2698 3466 2767 φύσεως
3486 2716 3501 2730 ·
3527 2701 3661 2754 ὅπου
3694 2717 3755 2769 γε

2165 2790 2215 2843 εί
2246 2789 2341 2843 καὶ
2397 2788 2465 2842 δι’
2492 2788 2847 2851 ὑποστάσεως
2880 2790 2914 2859 ἡ
2944 2787 3146 2856 γνῶσις
3167 2788 3269 2859 τῆς
3292 2789 3510 2859 φύσεως
3540 2793 3755 2856 πάντως

2165 2880 2305 2946 ἐστὶ,
2338 2880 2390 2935 τί
2414 2879 2615 2934 κωλύει
2644 2881 2710 2934 ὲκ
2757 2881 2887 2951 μιᾶς
2917 2880 3269 2946 ὑποστάσεως
3300 2883 3525 2947 πλείους
3555 2884 3757 2956 θεωρῆ·

2167 2991 2258 3027 σαι
2296 2973 2488 3042 φύσεις
2514 2972 2625 3027 τῶν
2673 2972 3186 3044 προεγνωσμένων;
3228 2973 3323 3027 καὶ
3358 2974 3474 3046 γὰρ
3502 2975 3755 3048 Ἀνδρέαν

2164 3067 2423 3140 ὁρῶντες,
2458 3066 2521 3120 οὑ
2562 3069 2661 3137 τῆς
2700 3065 2883 3137 ψυχῆς
2922 3065 3088 3119 αὑτοῦ
3118 3067 3213 3119 καὶ
3254 3066 3350 3120 τοῦ
3400 3066 3659 3139 σώματος
3688 3069 3753 3122 δι’

476 3141 681 3197 mentis
711 3151 769 3196 et
808 3142 1060 3211 corporis
1103 3141 1427 3214 hypostases
1470 3159 1581 3198 non
1624 3143 1916 3211 videmus;
1962 3147 2056 3201 sed

2165 3159 2475 3232 ωρισμένας
2501 3158 2770 3229 βλέπομεν
2806 3158 3156 3225 ὑποστάσεις,
3181 3158 3316 3213 ἀλλὰ
3345 3159 3479 3229 μίαν
3510 3159 3753 3230 Ἀνδρέου

477 3229 713 3284 Δηὼ-(ιω
731 3245 1023 3299 personam
1050 3230 1325 3299 novimus,
1353 3242 1410 3289 et
1435 3232 1571 3289 duas
1594 3242 1823 3289 naturas
1850 3236 2058 3292 intelli-

476 3320 678 3393 gimus,
711 3323 958 3392 corporis
987 3331 1044 3379 et
1072 3323 1291 3381 animae.

1114 3415 1266 3471 CAP.
1296 3416 1416 3471 XX.

552 3504 667 3560 Hoc
703 3504 874 3560 etiam
910 3504 1019 3559 dici
1064 3516 1290 3576 posset:
1323 3506 1461 3562 Cum
1496 3516 1607 3563 tota
1649 3518 1837 3564 nostra
1865 3519 2059 3565 natura

478 3592 536 3647 in
562 3591 783 3648 Christo
813 3592 1089 3659 videatur,
1109 3595 1205 3664 qui
1232 3594 1429 3649 similis
1454 3595 1618 3651 nobis
1647 3596 1826 3652 factus
1850 3606 1935 3652 est
1960 3613 2059 3667 per

476 3680 663 3734 omnia
705 3680 917 3750 absque
962 3691 1231 3751 peccato;
1273 3691 1329 3737 et
1373 3698 1497 3736 cum
1548 3692 1735 3738 nostra
1778 3686 2060 3755 generatio

476 3767 784 3823 secundum
823 3782 1051 3824 carnem
1100 3768 1302 3825 habeat
1350 3770 1738 3826 lormatioiiem
1784 3773 2061 3843 antiquio-

477 3869 594 3908 rem
630 3853 835 3909 unione
871 3855 1113 3925 partium
1150 3856 1221 3911 ad
1256 3857 1520 3921 animam,
1553 3874 1779 3915 necesse
1816 3869 1901 3914 est
1940 3876 2061 3915 cor-

476 3959 583 4014 pus
609 3942 958 3999 Dominicum
998 3953 1126 4001 ante
1156 3946 1395 4002 animam
1428 3948 1723 4015 exsistens,
1778 3951 2058 4021 propriam

476 4036 683 4092 habere
704 4038 1335 4108 personam,etdeinde,
1360 4040 1543 4095 anima
1567 4042 1669 4111 ipsi
1703 4042 1897 4107 indita,
1933 4057 2058 4097 cum

477 4123 659 4180 tribus
679 4124 779 4196 (5),
811 4124 868 4180 in
901 4140 1137 4196 persona
1169 4127 1335 4183 Verbi
1362 4128 1577 4183 unitum
1622 4129 1816 4196 fuisse,
1846 4142 1902 4187 et
1937 4145 2059 4186 sese

477 4214 719 4269 invicem
774 4215 1152 4293 penetravisse
1204 4216 1341 4272 duas
1392 4232 1677 4287 personas.
1732 4218 1888 4285 Quod
1918 4235 2059 4290 quo-

476 4300 644 4356 modo
696 4299 813 4367 ﬁat,
864 4316 974 4372 qua
1024 4302 1237 4358 ratione
1295 4318 1466 4358 unum
1520 4304 1817 4361 formatum
1870 4307 2059 4373 fuerit,

477 4392 838 4462 quaerendum
868 4401 989 4461 est;
1016 4410 1129 4449 non
1162 4395 1310 4450 enim
1341 4397 1449 4452 alia
1485 4408 1684 4467 praeter
1712 4399 2059 4457 charitatem.

475 4485 575 4539 Vel
604 4485 771 4540 etiam
800 4485 1044 4541 Verbum
1067 4488 1287 4559 corpori
1313 4490 1465 4560 prius
1495 4491 1707 4547 unitum
1739 4491 1865 4559 fuit,
1896 4493 2057 4564 eique
2090 4525 2136 4581 υ

477 4583 535 4629 et
560 4575 713 4629 carni
739 4574 981 4631 animam
1012 4578 1291 4634 viventem
1334 4590 1526 4650 postea
1568 4582 1909 4639 insumavit:
1946 4602 2058 4641 non

476 4667 757 4724 mediante
787 4668 992 4736 anima,
1037 4670 1278 4726 Verbum
1318 4673 1471 4729 carni
1517 4675 1725 4741 unitur,
1765 4691 1897 4732 sane
1929 4693 2060 4734 vero

477 4758 699 4825 animm,
752 4775 919 4816 carne
972 4762 1196 4831 media;
1237 4766 1385 4837 quod
1443 4778 1734 4840 repugnat,
1784 4770 2056 4841 siquidem

478 4860 690 4909 remota
716 4853 965 4924 cognatis
994 4862 1051 4911 et
1082 4857 1349 4925 proximis
1380 4860 1547 4918 rebus
1567 4863 1897 4933 junguntur.

548 5055 655 5112 Sed
672 5055 727 5111 in
745 5055 851 5113 boc
865 5060 1215 5125 convenitur,
1235 5061 1528 5117 Dominum
1545 5071 1789 5119 nostram
1806 5074 2062 5124 naturam

476 5160 872 5217 assumentem,
898 5166 963 5207 ea
987 5169 1108 5224 qua:
1144 5169 1308 5225 supra
1345 5170 1466 5211 eam
1489 5162 1621 5211 sunt
1652 5172 1764 5212 non
1804 5159 2063 5228 repudia-

475 5244 645 5299 visse.
681 5243 797 5299 lloc
825 5246 1179 5301 manilestant
1203 5257 1257 5302 et
1283 5248 1403 5319 cjus
1437 5250 1727 5319 conceptio
1757 5250 2060 5323 virginalis,

474 5346 681 5393 nostrae
710 5340 1053 5409 generationi
1076 5339 1380 5408 dissimilis,
1419 5351 1475 5398 et
1512 5352 1706 5413 partus
1744 5344 2054 5417 integritas,

474 5442 693 5483 necnon
714 5436 771 5484 et
792 5429 1063 5502 jejunium
1094 5431 1458 5504 quadraginta
1494 5433 1712 5490 dierum
1740 5437 1860 5492 sine
1890 5438 2053 5503 fame,

470 5536 527 5581 et
550 5526 657 5581 alia
684 5527 982 5597 ejusmodi.
1016 5528 1093 5584 De
1122 5529 1345 5585 Christo
1375 5531 1542 5599 igitur
1566 5531 1711 5587 istud
1756 5551 1924 5606 supra
1956 5553 2055 5591 na-

470 5630 653 5676 turam
692 5622 801 5678 hoc
841 5624 1120 5681 credimus
1146 5626 1318 5682 fuisse
1350 5628 1654 5698 provisum,
1699 5647 1921 5688 carnem
1965 5636 2051 5690 vix

479 5711 839 5767 cxsistentem
890 5724 947 5771 et
984 5716 1281 5772 animatam
1314 5716 1481 5774 fuisse
1510 5707 1577 5774 ἐι
1624 5720 1795 5777 fuisse
1832 5740 2054 5780 carnem

2164 3254 2286 3309 ὅλου
2307 3253 2406 3325 τὴν
2435 3252 2735 3307 ὑπόστασιν
2753 3252 2916 3323 ἴσμεν
2940 3268 2955 3283 ο
2983 3253 3078 3305 καὶ
3100 3251 3250 3322 ὅμως
3270 3251 3362 3306 δύο
3386 3254 3583 3321 φύσεις
3610 3252 3754 3308 vdo-3-

2164 3364 2263 3418 μεν
2291 3343 2483 3409 αὑτοῦ,
2520 3344 2617 3415 τῆς
2654 3344 2835 3415 ψυχῆς
2852 3343 2949 3397 καὶ
2986 3342 3082 3402 τοῦ
3120 3344 3396 3415 σώματος.

2778 3439 3029 3492 ΚΕΦΑΛ.
3064 3435 3148 3493 ις’.

2230 3534 2385 3604 Τάχα
2415 3533 2473 3586 δὲ
2507 3532 2575 3586 ἂν
2603 3531 2698 3585 καὶ
2726 3530 2843 3583 τόδε
2872 3529 3083 3583 εἴποιεν
3104 3570 3120 3594 ,
3155 3530 3236 3583 ὅτι
3272 3529 3465 3585 Πάντα
3506 3532 3577 3586 τὰ
3618 3530 3751 3586 κατὰ

2160 3624 2322 3692 φύσιν
2354 3625 2487 3695 ἡμῖν
2542 3621 2637 3676 καὶ¹
2666 3622 2724 3673 ὲν
2756 3620 2979 3691 Χριστῷ
3029 3621 3267 3691 ὁρῶνται
3295 3636 3309 3650 ⁸
3357 3621 3625 3695 ὡμοιώθη
3648 3626 3751 3692 γὰρ

2161 3718 2293 3788 ἡμῖν
2324 3714 2467 3769 κατὰ
2494 3713 2673 3767 πάντα
2694 3713 2865 3783 χωρὶς
2893 3712 3207 3783 ἁμαρτίας·
3255 3714 3288 3783 ἡ
3323 3711 3380 3766 δὲ
3412 3714 3565 3769 κατὰ
3596 3714 3750 3783 φύσιν

2162 3804 2412 3876 γέννησις
2444 3804 2625 3875 ἡμῶν,
2656 3803 3116 3875 προῦπάρχουσαν
3162 3801 3276 3872 ἔχει
3312 3802 3410 3872 τὴν
3445 3802 3747 3865 διάπλασιν,

2160 3899 2259 3966 τῆς
2288 3893 2537 3957 ἑνώσεως
2595 3892 2776 3946 αὑτῶν
2829 3892 2928 3961 τῆς
2962 3891 3100 3962 πρὸς
3139 3891 3351 3962 ψυχάς
3388 3894 3611 3964 ἀνάγκη
3662 3888 3747 3945 οὖν

2162 3986 2496 4049 ὑποστάντος
2523 3983 2617 4037 τοῦ
2648 3982 2901 4053 σώματος
2930 3983 3025 4036 τοῦ
3063 3984 3345 4055 Κυριακοῦ
3373 3985 3483 4056 πρὸ
3528 3987 3628 4058 τῆς
3654 3988 3748 4057 ψυ-

2162 4081 2286 4150 χῆς,
2311 4078 2344 4149 ἢ
2366 4076 2500 4131 ίδίαν
2522 4076 2666 4147 ἔχειν
2680 4076 3003 4140 ὑπόστασιν,
3023 4069 3142 4128 εἶτα
3164 4076 3585 4152 ὲμπνευσθείσῃ
3606 4078 3748 4144 αὑτῷ

2160 4171 2305 4241 ψυχῇ
2341 4170 2399 4222 ὲν
2420 4168 2625 4240 τρίτοις
2658 4167 2853 4239 καὶτῷ
2882 4167 3027 4239 λόγῳ
3049 4167 3175 4220 καθ’
3207 4168 3514 4225 ὑπόστασιν
3549 4170 3748 4239 ὲνωθῆ-

2162 4282 2273 4328 ναι,
2321 4262 2417 4317 δύο
2468 4262 2824 4316 ὑποστάσεων
2871 4260 3247 4330 συναφθεισῶν
3275 4262 3546 4335 ἀλλήλαις
3572 4280 3585 4293 ’
3616 4266 3747 4335 ὅπερ

2163 4355 2426 4426 ζητητέον
2446 4355 2563 4418 πῶς
2598 4353 2773 4419 ἔσται,
2808 4354 2903 4407 καὶ
2921 4354 3029 4407 τίνι
3077 4354 3275 4425 πρόπῳ
3310 4355 3475 4426 μόνον
3498 4357 3743 4428 γίνεται·

2163 4448 2224 4501 οὑ
2255 4448 2363 4518 γὰρ
2410 4445 2554 4517 ἄλλῳ
2585 4445 2729 4516 πλὴν
2788 4444 2868 4514 τῷ
2894 4444 3016 4499 κατ’
3074 4445 3324 4498 εὐδοκίαν
3366 4447 3542 4517 μόνην
3565 4461 3579 4476 ·
3615 4445 3745 4517 ἤτῷ

2164 4537 2377 4609 σώματι
2408 4537 2693 4608 προήνωτο
2721 4538 2749 4590 ό
2783 4536 2980 4604 Λόγος,
3003 4536 3098 4590 καὶ
3148 4535 3378 4609 ὕστερον
3410 4539 3744 4592 ἐπέπνευσεν

2164 4628 2343 4701 ἑαυτῷ
2372 4630 2467 4683 καὶ
2490 4631 2556 4700 τῇ
2612 4630 2778 4699 σαρκὶ
2825 4628 2923 4700 τὴν
2943 4627 3123 4700 ψυχὴν
3148 4627 3247 4699 τὴν
3302 4627 3516 4693 (ζῶσαν⁸
3550 4632 3611 4684 οὑ
3661 4630 3745 4683 διὰ

2167 4722 2340 4794 μέσης
2368 4720 2545 4792 ψυχῆς
2576 4722 2743 4793 σαρκὶ
2774 4723 2801 4775 ὁ
2830 4720 3003 4790 Λόγος
3032 4720 3266 4791 ἥνωται,
3294 4721 3432 4776 ἀλλὰ
3458 4724 3548 4777 διὰ
3577 4723 3744 4795 μέσης

2164 4812 2368 4885 σαρκὸς
2404 4814 2605 4884 μᾶλλον
2659 4816 2727 4885 τῇ
2757 4811 2905 4885 ψυχῇ
2932 4811 3137 4884 ὴνώθη,
3183 4814 3319 4885 ὅπερ
3350 4815 3594 4885 ἄθεσμον
3614 4831 3628 4846 ’
3660 4816 3743 4868 διὰ

2163 4907 2275 4977 γὰρ
2303 4907 2411 4961 τῶν
2434 4906 2779 4979 οίκειοτέρων
2792 4906 2889 4961 καὶ
2908 4907 3224 4978 ὲγγυτέρων
3262 4909 3377 4971 τοῖς
3406 4909 3741 4980 πορρωτέρω

2161 4996 2493 5051 συνάπτεταί
2515 5013 2588 5051 τι.

2241 5086 2381 5140 Ἀλλ’
2399 5086 2549 5143 ἔστιν
2578 5086 3036 5159 ὁμολογούμενον,
3064 5089 3147 5142 ὅτι
3170 5090 3266 5144 καὶ
3305 5090 3737 5161 καταδεξάμενος

2157 5175 2226 5230 τὰ
2248 5176 2454 5247 φυσικά
2474 5176 2631 5249 ήμῶν
2653 5178 2682 5231 ό
2706 5177 2937 5249 Κύριος,
2959 5179 3070 5233 τῶν
3093 5180 3236 5252 ὑπὲρ
3283 5181 3445 5250 φύσιν
3466 5183 3736 5253 ἡμετέραν

2158 5267 2219 5319 οὑ
2272 5268 2530 5340 χηρεύειο
2583 5269 2719 5323 πολὺ
2767 5271 2877 5342 γὰρ
2935 5271 3091 5325 τοῦδε
3144 5272 3344 5343 μᾶλλον
3377 5274 3732 5345 ἀπεμφαίνει,

2159 5359 2296 5432 πρὸς
2332 5360 2423 5414 τὸν
2471 5362 2741 5434 ἡμέτερον
2783 5364 2882 5435 τῆς
2916 5365 3227 5435 γεννήσεως
3257 5365 3459 5437 τρόπον
3501 5367 3735 5437 ἄσπορος

2159 5452 2324 5508 αὑτοῦ
2354 5453 2570 5525 κύησις,
2595 5456 2691 5511 καὶ
2711 5456 2948 5529 ἄφθορος
2977 5457 3256 5525 άπότεξις,
3283 5457 3419 5513 ἀλλὰ
3446 5459 3541 5513 καὶ
3568 5462 3600 5530 ἡ
3626 5458 3734 5511 ἄλι-

2162 5562 2261 5615 μος
2284 5545 2448 5598 αὑτοῦ
2475 5548 3003 5619 τεσσαρακοντοῦτις
3034 5549 3259 5618 νηστεία
3292 5551 3385 5603 καὶ
3428 5551 3498 5604 τὰ
3524 5550 3695 5605 τοιάδε
3716 5566 3729 5579 ⁸

2158 5640 2250 5693 ἐπὶ
2273 5634 2365 5693 οὖν
2385 5640 2622 5712 Χριστοῦ
2654 5643 2749 5698 καὶ
2789 5643 2907 5697 τόδε
2934 5644 3075 5716 ὑπὲρ
3126 5644 3225 5715 τὴν
3250 5645 3523 5717 ἡμετέραν
3580 5645 3732 5717 φύσιν

2160 5729 2490 5802 πιστεύομεν
2542 5732 2990 5807 οἰκονομηθῆναι,
3053 5735 3127 5800 ὡς
3174 5734 3293 5805 ἅμα
3342 5753 3399 5791 τε
3449 5733 3588 5791 εἶναι
3637 5738 3730 5805 τὴν

552 5825 629 5896 (5)
654 5826 778 5885 llaec
802 5831 903 5887 tria
941 5847 1065 5904 quae
1087 5832 1356 5889 uniuntur
1387 5844 1515 5892 sunt
1540 5854 1551 5891 :
1576 5852 1726 5906 caro,
1762 5838 1969 5911 anima,
1992 5841 2253 5899 Verbum.
