4116 6440
443 388 573 455 1581

1367 398 1763 463 ADVERSUS
1801 404 2354 472 NESTORIANOS.
2393 435 2465 446 -
2496 412 2646 475 LIB.
2689 414 2773 475 II.

3574 417 3711 485 1582

441 504 622 575 σάρκα
652 504 839 572 αὑτοῦ,
882 508 977 565 καὶ
1023 508 1386 585 ἒψυχωμένην
1407 510 1571 580 εἶναι,
1622 518 1843 572 καὶτοῦ
1881 518 2021 573 θείου

2134 519 2302 575 Verbi
2334 522 2429 576 Dei
2482 524 2665 579 anima
2718 526 2975 583 rationali
3023 535 3080 585 et
3117 530 3393 601 cogitante
3424 532 3708 602 praeditam

438 595 615 665 Λόγου
649 598 829 669 σάρκα
866 598 1006 655 εἶναι
1037 602 1397 677 ἐψυχωμένην
1430 607 1575 679 ψυχῇ
1608 608 1798 681 λογικῇ
1848 628 1907 664 τε
1933 611 2027 664 καὶ

439 689 643 759 νοερᾷο
675 689 798 743 οὔτε
842 692 949 763 γὰρ
1001 694 1192 765 χρόνου
1232 697 1370 767 πρὸς
1402 701 1754 772 κατάπραξιν
1780 701 1890 755 τῶν
1923 702 2025 771 τῆς

436 781 686 845 εὑδοκίας
729 784 894 838 αὑτοῦ
925 787 1096 841 δεῖται
1142 790 1172 843 ὁ
1214 792 1656 864 Παντοδὺναμος,
1692 793 1817 848 οὔτε
1862 795 2025 865 λόγον

437 875 583 943 ἔχειν
610 873 708 945 τὴν
735 878 797 929 ἐκ
822 878 1057 944 πίστεως
1085 880 1247 951 λόγου
1283 884 1549 955 σύλληψιν
1578 886 1672 939 καὶ
1697 886 1893 959 κύησιν
1921 889 2023 958 τῆς

440 966 722 1035 μακαρίας
748 969 1026 1040 Παρθένου
1049 978 1423 1047 πιστευσάσης
1478 979 1560 1032 ὅτι
1594 980 1787 1033 Ἔσται
1808 980 2023 1033 τελείω-

437 1073 522 1121 σις
539 1059 651 1121 τοῖς
675 1058 1064 1133 λελαλημένοις
1085 1066 1223 1137 αὐτῇ
1248 1070 1400 1140 παρὰ
1425 1071 1652 1142 Κυρίου,
1687 1073 2022 1143 ὑπὲρπᾶσαν

434 1148 630 1204 ἐλπίδα
658 1153 752 1204 καί
784 1153 995 1210 ἔννοιαν
1019 1158 1112 1211 καὶ
1138 1157 1302 1228 φύσιν
1331 1159 1502 1228 οὑσιν,
1536 1163 1739 1231 ὁμοίως
1769 1164 2017 1233 προϊέναι

434 1240 556 1299 ταῖς
603 1242 711 1294 τῶν
744 1247 1077 1315 σωματικῶν
1136 1250 1469 1320 σπερμάτων
1528 1251 1898 1310 τελειώσεσιν.
1951 1255 2020 1309 Ἦ

437 1332 537 1419 μὲν
557 1333 665 1405 γὰρ
703 1339 783 1400 εἰς
819 1338 998 1409 σάρκα
1020 1343 1219 1413 σπορὰ,
1253 1344 1319 1397 ἐκ
1344 1343 1651 1417 θελήματος
1675 1349 1878 1419 σαρκός
1904 1349 2020 1402 ἐστι

436 1422 766 1496 διωθηθεῖσα
817 1431 953 1502 σὰρξ
1000 1432 1226 1504 δυνάμει
1257 1441 1459 1509 φυσικῇ
1482 1454 1495 1468 ·
1555 1440 1589 1510 ἡ
1620 1438 1677 1492 δὲ
1707 1442 1787 1504 εἰς
1839 1441 2019 1511 ψυχὴν

437 1515 619 1578 πίστις
651 1519 802 1573 ἐστὶν
844 1522 902 1588 ἐξ
934 1523 1181 1590 εὐδοκίας
1230 1526 1363 1580 Θεοῦ
1436 1529 1887 1601 σπινθηρισθεῖσα
1925 1532 2019 1585 καὶ

439 1610 801 1674 μεταδοθεῖσα
825 1614 953 1679 δόξα
977 1616 1067 1669 διὰ
1095 1618 1269 1687 Λόγου
1305 1620 1506 1685 ζῶντος
1528 1622 1664 1675 Θεοῦ
1702 1624 1797 1676 καὶ
1832 1622 2021 1694 μένον-

435 1717 546 1764 τος,
590 1706 837 1772 γεννῶσα
890 1709 1336 1781 ὁμοιογνώμονας
1383 1714 1485 1784 τῆς
1532 1715 1670 1780 ἰδίας
1710 1716 2015 1770 ἐνδιαθέτου

435 1796 673 1863 κρίσεως
698 1796 837 1867 τῷδε
857 1801 934 1872 τῷ
956 1804 1201 1873 εἰρηκότι
1220 1806 1353 1876 πρὸς
1373 1806 1464 1861 τὸν
1489 1808 1660 1876 Λόγον
1681 1807 1897 1876 ἑαυτοῦ,
1912 1809 2018 1863 Ἐν

2131 610 2261 680 (ηοη
2294 613 2441 667 enim
2472 624 2719 687 tempore
2744 620 2951 690 indiget
2970 622 3322 693 omnipotens
3345 623 3413 678 ad
3434 624 3709 694 implenda

2127 716 2239 757 sua:
2271 704 2556 762 cbaritatis
2595 710 2888 781 consilia);
2925 728 3037 769 non
3075 730 3237 783 posse
3271 716 3520 770 enarrari
3549 716 3711 772 Verbi

2127 798 2545 867 conceptionem
2590 817 2656 856 ex
2684 802 2811 869 fide,
2869 814 2926 859 et
2974 805 3216 877 denique
3258 815 3481 877 partum
3536 808 3711 862 beata'

2126 890 2366 961 Virginis
2389 894 2673 950 credentis
2697 896 2974 969 implenda
2996 915 3118 955 esse
3140 917 3261 971 qua:
3282 901 3386 956 sibi
3417 916 3447 955 a
3477 900 3711 955 Domino

2126 980 2271 1036 dicta
2301 984 2543 1051 fuerant,
2572 1003 2738 1057 super
2768 1005 2988 1044 omnem
3029 1005 3205 1059 spem,
3240 999 3297 1044 et
3321 989 3710 1060 cogitationem

2124 1084 2181 1129 et
2215 1080 2493 1139 naturam,
2531 1075 2789 1130 similiter
2834 1085 3098 1146 praestare
3135 1077 3442 1146 corporalis
3485 1077 3713 1131 seminis

2125 1163 2453 1233 operationi.
2489 1164 2707 1219 Etenim
2756 1166 2941 1220 carnis
2984 1165 3312 1230 seminatio,
3355 1180 3485 1221 caro
3520 1174 3606 1220 est
3643 1180 3712 1219 ex

2079 1325 2091 1342 '
2124 1255 2307 1308 carnis
2336 1253 2643 1324 cupiditate
2668 1255 2905 1309 naturali
2938 1256 3184 1325 potentia
3218 1254 3419 1310 emissa
3446 1272 3461 1321 ;
3487 1263 3544 1310 et
3573 1255 3713 1311 ﬁdes

2122 1354 2319 1409 anima:
2362 1355 2635 1425 sapientia
2682 1366 2768 1411 est
2796 1371 2863 1409 ex
2891 1356 3160 1412 charitate
3188 1355 3309 1422 Dei,
3339 1366 3439 1426 per
3466 1355 3710 1411 Verbum

2120 1444 2216 1499 Dei
2236 1446 2427 1501 vivens
2449 1454 2503 1502 et
2523 1461 2877 1517 permanens,
2902 1446 3175 1518 fulgurata
3199 1455 3255 1501 et
3280 1446 3707 1509 communicata,

2120 1553 2243 1607 qua:
2298 1538 2599 1608 participes
2642 1539 2773 1593 fat-it
2827 1538 3113 1610 sapientiae
3158 1538 3397 1609 propriae
3420 1548 3478 1593 et
3508 1538 3710 1593 innatae

2119 1626 2300 1683 Patris
2331 1629 2569 1685 dicentis
2598 1630 2665 1684 ad
2726 1630 2954 1685 Jerbum
3000 1645 3161 1684 suum
3196 1646 3210 1683 :
3238 1629 3303 1684 In
3334 1637 3384 1682 te
3413 1628 3541 1682 mihi
3568 1645 3713 1681 com-

2120 1719 2320 1789 placui.
2373 1721 2478 1776 Per
2537 1722 2679 1777 hanc
2723 1721 3071 1792 Spiritualem
3113 1719 3592 1792 regenerationem
3639 1733 3708 1774 ex

2119 1828 2259 1882 aqua
2294 1822 2351 1867 et
2387 1813 2608 1882 Spiritu,
2642 1813 2962 1883 quicunque
3006 1812 3187 1868 credit
3222 1812 3277 1866 in
3306 1810 3589 1867 Christum
3622 1809 3709 1865 in-

432 1885 532 1940 σοὶ
566 1888 875 1957 εὐδόκησα
902 1907 917 1921 ·
949 1898 1090 1949 κατὰ
1113 1896 1244 1965 γοῦν
1267 1899 1369 1968 τὴν
1394 1899 1603 1953 τοιάνδε
1634 1900 2012 1971 πνευματικὴν

2125 1913 2427 1970 carnatum,
2470 1914 2725 1960 naturam
2761 1906 2946 1961 carnis
2970 1914 3146 1960 mutat
3177 1905 3233 1959 in
3260 1904 3554 1973 Spiritum,
3583 1902 3708 1957 abs-

431 1980 790 2052 ἁναγέννησιν
814 1986 905 2039 καί
926 1986 993 2039 δι’
1014 1986 1205 2054 ὓδατος
1236 1991 1329 2046 καὶ
1355 1993 1493 2046 Πνεὺ
1503 2011 1669 2064 ματος
1695 1995 1895 2057 πάντες
1916 1994 2016 2065 τὴν

433 2073 595 2141 φύσιν
622 2077 723 2147 τῆς
750 2082 950 2153 σαρκὸς
978 2085 1058 2149 εἰς
1092 2084 1308 2157 πνεῦμα
1330 2087 1573 2157 ἁχρόνως
1593 2086 2019 2156 ἀναγεννώμεθα

432 2166 481 2216 οἰ
516 2170 864 2234 πιστεύοντες
908 2173 986 2243 τῷ
1034 2173 1212 2240 οὑτως
1274 2177 1416 2231 κατὰ
1466 2176 1645 2244 σάρκα
1700 2174 2015 2246 γεννηθέντι

372 2266 373 2269 ‘
432 2255 691 2329 Χριστῷ*
724 2259 811 2315 διά
843 2261 901 2315 τὸ
931 2265 988 2317 ἐν
1026 2265 1190 2335 σαρκὶ
1210 2260 1379 2319 οὖσαν
1410 2267 1508 2338 τὴν
1534 2267 1735 2338 ψυχὴν,
1769 2283 2019 2337 πνευμαο

432 2344 593 2416 τικὴν
620 2348 771 2417 ὅμως
794 2351 957 2421 τήνδε
998 2355 1229 2423 σπορὰν,
1272 2356 1368 2409 καὶ
1402 2357 1790 2427 πνευματικῶς
1842 2374 2015 2410 κατα-

432 2435 734 2509 δεξαμένην
757 2443 1026 2514 ὲνωθῆναι
1046 2448 1111 2517 τῇ
1144 2446 1346 2518 κρίσει,
1394 2452 1773 2521 πνευματικῆς
1805 2448 2020 2518 φύσεως

432 2528 732 2602 ἀξιωθῆναι
753 2550 766 2563 ’
798 2535 879 2588 διὸ
900 2536 1070 2610 καὶτῇ
1097 2540 1292 2609 φύσει·
1318 2540 1409 2594 τὸν
1438 2540 1546 2614 γὰρ
1567 2542 1727 2610 λόγον
1761 2560 1874 2609 σου,
1900 2543 2019 2597 K6-

435 2641 539 2695 ριε,
559 2630 733 2682 είτουν
758 2649 777 2682 ι
813 2632 1000 2700 φόϐον,
1028 2635 1086 2687 ὲν
1102 2636 1304 2707 γαστρὶ
1320 2636 1606 2708 ἐλάϐομεν,
1636 2637 1731 2692 καὶ
1756 2637 2020 2709 ώδινὴσα-

434 2736 535 2790 μεν
578 2739 598 2772 ›
638 2725 704 2794 τῇ
741 2722 922 2778 πίστει
950 2726 1131 2795 αὑτὸν,
1159 2728 1217 2781 ὲν
1238 2729 1454 2794 ἑαυτοῖς
1476 2730 1730 2800 ὲργωδῶς
1761 2730 2022 2800 τελεσφο·

437 2813 683 2883 ροῦντες,
729 2835 748 2868 ι
789 2818 884 2871 καὶ
917 2820 1181 2890 ἐτέκομεν
1213 2821 1432 2893 πνεῦμα
1474 2823 1751 2895 σωτηρίας
1782 2823 1811 2877 δ
1836 2825 2023 2893 ἐποιή-

441 2921 616 2975 σαμεν
642 2907 735 2959 ἐπὶ
759 2909 857 2979 τῆς
886 2909 1009 2979 γῆς.
1047 2927 1066 2961 ι
1099 2909 1157 2964 '0
1185 2910 1293 2982 γὰρ
1320 2914 1376 2965 ὲν
1400 2913 1565 2984 σαρκὶ
1582 2911 1678 2977 ὢν,
1697 2912 1792 2967 καί⁵
1818 2913 1892 2985 μὴ
1912 2916 2023 2977 τοῖς

431 2997 575 3051 κατὰ
630 3003 807 3071 σάρκα
841 3002 1210 3071 φαινομένοις,
1261 3003 1399 3057 ἀλλὰ
1442 3007 1558 3068 τοῖς
1610 3005 1755 3059 κατὰ
1804 3004 2024 3076 πνεῦμα

433 3089 734 3159 τιθέμενος,
786 3093 981 3149 ἑαυτοῦ
1019 3113 1137 3159 πως
1191 3096 1290 3167 τὴν
1334 3096 1587 3151 σύνθεσιν
1643 3097 2011 3168 μεταμείϐειο

432 3181 554 3236 ἀντὶ
581 3184 681 3256 τῆς
709 3186 775 3257 τῇ
814 3187 978 3258 σαρκί
1014 3192 1250 3260 φυσικῆς
1283 3190 1682 3260 συμφορήσεως
1711 3188 2019 3259 ἀποσχίσας

2119 2015 2227 2067 que
2262 2006 2543 2069 tempore;
2572 2014 2695 2054 nam
2728 1999 2909 2053 anima
2935 2014 3057 2069 quae
3082 1998 3135 2052 in
3175 2012 3341 2052 carne
3373 2004 3479 2059 est,
3515 2003 3572 2049 et
3601 1994 3709 2049 hoc

2120 2105 2307 2145 semen
2363 2091 2654 2161 spirituale
2708 2090 3077 2161 spiritualiter
3132 2089 3372 2158 accipit,
3422 2085 3709 2156 sapientiae

2120 2177 2332 2242 unitur,
2384 2177 2659 2247 spirituali
2706 2188 2906 2233 natura
2938 2178 3101 2249 digna
3127 2177 3434 2250 judicatur,
3471 2176 3709 2244 ideoque

2118 2279 2175 2323 et
2206 2278 2417 2325 naturae
2454 2270 2666 2325 unitur.
2700 2271 2918 2325 Etenim
2947 2271 3179 2325 verbum
3218 2279 3397 2335 tuum,
3449 2266 3707 2330 Domine.

2123 2376 2221 2417 seu
2262 2381 2279 2413 ι
2318 2365 2572 2417 timorem
2607 2363 2661 2417 in
2716 2373 2875 2417 utero
2921 2362 3258 2432 accepimus,
3301 2368 3359 2415 et
3412 2358 3713 2429 parturivi-

2120 2469 2291 2508 mus»
2352 2453 2460 2509 ﬁde
2514 2463 2571 2509 et
2608 2454 2874 2524 operibus
2924 2456 2982 2509 in
3032 2454 3197 2508 nobis
3242 2452 3601 2523 protulimus,
3655 2459 3715 2505 et

2128 2562 2146 2595 ι
2184 2544 2506 2614 peperimus
2536 2544 2793 2615 spiritum
2837 2545 3033 2600 salutis
3088 2552 3214 2609 tuae,
3266 2559 3432 2615 quem
3480 2544 3715 2599 fecimus

2125 2654 2292 2708 super
2325 2638 2610 2693 terram”.
2644 2658 2661 2690 ›
2690 2638 2795 2705 Qui
2823 2638 2973 2694 enim
3000 2639 3277 2695 exsistens
3307 2639 3362 2694 in
3394 2655 3578 2705 carne,
3600 2654 3715 2694 non

2124 2732 2261 2787 vivit
2289 2733 2593 2786 secundum
2638 2746 2888 2798 carnem,
2939 2732 3036 2788 sed
3083 2732 3392 2788 secundum
3428 2732 3715 2803 spiritum,

2126 2842 2281 2882 suam
2308 2824 2707 2897 conditionem
2761 2824 2950 2894 aliquo
2982 2824 3148 2879 modo
3175 2824 3468 2878 convertit.
3499 2823 3716 2879 Nedum

2126 2917 2450 2987 temporalia
2481 2915 2636 2971 carni
2684 2912 3003 2987 congreget,
3061 2915 3305 2987 seipsum
3356 2915 3613 2986 abnegat,
3660 2922 3722 2970 et

2126 3008 2390 3068 Ecclesia:
2426 3008 2701 3079 spirituali
2739 3023 2863 3078 quae
2910 3007 3094 3063 tendit
3146 3007 3214 3063 ad
3269 3006 3562 3077 Spiritum,
3619 3022 3718 3062 seu

2125 3102 2371 3158 Verbum
2405 3101 2526 3167 Dei,
2562 3100 2622 3157 fit
2656 3100 2863 3155 socius.
2896 3099 3002 3167 Qui
3033 3099 3203 3171 igitur
3248 3099 3490 3154 Domino
3522 3099 3605 3154 sic
3635 3114 3724 3170 ag-

2128 3191 2457 3262 glutinatur,
2498 3205 2645 3246 unus
2675 3188 2904 3261 spiritus
2935 3197 3020 3245 est
3056 3204 3184 3245 eum
3215 3203 3303 3244 eo.

433 3280 642 3346 ἑαυτὸν,
697 3282 792 3336 καὶ
836 3282 935 3353 τῆς
977 3282 1116 3353 πρὸς
1165 3282 1226 3337 τὸ
1289 3282 1515 3354 Πνεῦμα
1552 3284 1581 3337 ὅ
1640 3284 1790 3337 ἐστιν
1858 3283 1888 3335 ὁ
1924 3280 2058 3346 Θεὸς
2089 3280 2262 3352 Λόγος
2314 3284 2611 3354 γενόμενος
2668 3283 2957 3355 γνωμικῆς
3011 3282 3401 3348 συνελεύσεως.
3474 3281 3535 3337 '0
3591 3281 3725 3353 γοῦν

432 3375 578 3431 οὕτω
620 3375 964 3449 κολλώμενος
996 3378 1074 3450 τῷ
1121 3378 1334 3450 Κυρίῳ,
1370 3377 1429 3431 ἓν
1480 3375 1701 3431 πνεῦμά
1739 3375 1857 3430 ἐστι
1896 3375 1994 3430 σὺν
2031 3375 2200 3446 αὑτῷ.

1016 3490 1269 3546 ΚΕΦΔΛ.
1304 3487 1437 3545 KA'.

506 3581 677 3636 Πάλιν
711 3575 807 3636 οῦν
834 3598 999 3651 φασιν
1019 3598 1032 3611 ·
1059 3582 1124 3636 Εἰ
1151 3583 1264 3647 τοῖς
1293 3580 1580 3653 ἰδιώμασιν
1621 3580 1785 3636 αὑτοῦ
1829 3581 1858 3636 ὁ
1887 3580 2020 3647 Θεὸς

433 3675 607 3745 Λόγος
660 3674 1071 3746 διακρινόμενος
1123 3674 1217 3727 τοῦ
1249 3675 1534 3745 όμοουσίου
1602 3673 1768 3729 αὑτοῦ
1807 3674 2023 3746 Πατρός

435 3767 530 3820 καὶ
575 3766 917 3836 Πνεὺματος,
966 3766 1267 3831 ὑπόστασις
1314 3767 1475 3831 εὐθὺς
1512 3769 1733 3833 νοεῖται,
1789 3765 1885 3820 καὶ
1911 3768 2024 3830 τοῖς

439 3860 724 3933 ἰδιώμασιν
774 3860 943 3930 αὑτῆς
974 3860 1081 3931 ἄρα
1116 3861 1150 3929 ὴ
1188 3860 1325 3932 σὰρξ
1364 3858 1528 3913 αὑτοῦ
1561 3858 1723 3929 τυχὸν
1753 3858 1831 3929 τῷ
1894 3857 2022 3910 ἄνευ

433 3953 709 4025 ἁμαρτίας
736 3954 799 4007 ἐκ
821 3951 1097 4022 Παρθένου
1118 3951 1401 4022 προελθεῖν
1421 3950 1641 4015 καὶτοῖς
1670 3950 1898 4003 τοιοῖσδε
1914 3948 2024 4003 τῶν

433 4047 736 4118 όμοουσίων
766 4046 905 4116 αὑτὴ
934 4046 1154 4101 πάντων
1185 4044 1584 4116 διακεκριμένη
1616 4042 1777 4106 εὑθὺς
1807 4042 1903 4096 καὶ
1928 4041 2023 4113 ἥδε

435 4140 730 4202 ὑπόστασις
752 4139 969 4210 νοηθείη
986 4156 1000 4170 ⁸
1035 4140 1156 4192 ἐπεὶ
1172 4134 1265 4192 οῦν
1300 4141 1375 4208 μὴ
1401 4136 1469 4189 τὰ
1490 4135 1631 4190 αὑτὰ
1652 4135 1746 4189 τοῦ
1767 4136 1941 4203 Λόγου
1962 4151 2022 4187 τε

436 4234 528 4288 καὶ
551 4233 649 4299 τῆς
670 4230 872 4303 σαρκὸς
890 4231 957 4283 τὰ
983 4229 1269 4300 ἰδιώματα,
1299 4230 1419 4283 οὑδὲ
1438 4229 1494 4281 αἱ
1521 4226 1853 4288 ὑποστάσεις
1879 4224 1987 4297 ἄρα
2006 4241 2021 4254 ο

435 4329 552 4391 πῶς
579 4325 672 4382 οὖν
709 4327 807 4399 μία
836 4325 1133 4386 ὑπόστασις
1185 4323 1314 4393 ὑμῖν
1354 4325 1388 4394 ἡ
1420 4322 1529 4375 τῶν
1577 4320 1672 4374 δύο
1714 4337 1773 4372 τε
1806 4318 2024 4387 φύσεων

434 4423 529 4477 καὶ
562 4422 756 4484 διττῶς
777 4411 1212 4488 διακεκριμένων
1257 4418 1322 4470 ὲκ
1352 4415 1462 4469 τῶν
1507 4412 1766 4484 ὁμοφυῶν
1811 4409 2023 4476 λελόγι-

436 4531 587 4580 σται;
625 4512 767 4567 Ἀλλ’
803 4510 1025 4582 εὔδηλόν
1058 4512 1176 4563 ἐστι
1216 4508 1294 4579 τῷ
1345 4504 1851 4579 προσεκτικώτερον
1902 4503 2023 4555 ἐπι-

433 4607 702 4672 ϐάλλοντι,
739 4606 814 4669 ὼς
864 4604 933 4658 τὰ
983 4604 1084 4674 τῆς
1120 4602 1319 4670 σαρκὸς
1351 4600 1444 4654 τοῦ
1501 4598 1707 4669 Κυρίου
1755 4596 2025 4666 ἰδιώματα

433 4702 629 4763 πάντα,
658 4700 741 4752 ἑνὶ
772 4694 1189 4766 καθολικωτέρῳ
1210 4694 1370 4765 αἰτίῳ
1420 4691 1600 4746 αὐτῶν
1628 4691 1848 4744 πάντων
1885 4687 2026 4741 ἰδιώ-

434 4811 564 4864 ματι
604 4791 772 4860 αὑτῆς
818 4788 1167 4859 περιέχεται’
1224 4786 1253 4839 ὃ
1294 4787 1411 4839 ἐστι
1445 4784 1578 4837 αὑτὸ
1627 4781 1786 4838 τοῦτο
1826 4781 1888 4837 τὸ
1949 4781 2022 4852 μὴ

2752 3489 2906 3546 CAP.
2938 3489 3082 3546 XXI.

2202 3581 2272 3636 Et
2296 3595 2489 3637 rursus
2509 3580 2771 3653 inquiunt
2805 3599 2819 3636 :
2849 3581 3087 3638 Verbum
3114 3580 3214 3637 Dei
3252 3580 3371 3636 suis
3399 3581 3724 3639 nationibus

2129 3690 2161 3730 a
2204 3674 2368 3729 Patre
2394 3682 2453 3729 et
2507 3673 2719 3744 Spiritu
2766 3672 3335 3729 consubstantialibus
3377 3672 3723 3739 distinctum,

2130 3781 2370 3837 persona
2393 3781 2514 3821 esse
2537 3766 2722 3821 statim
2757 3764 3091 3836 intelligitur
3116 3782 3130 3819 :
3152 3765 3231 3821 sic
3251 3765 3430 3836 ipsius
3453 3782 3584 3821 caro
3605 3783 3729 3837 qua:

2130 3858 2248 3913 suis
2306 3857 2738 3928 proprietatibus
2790 3872 2990 3926 nempe
3047 3865 3176 3910 ortu
3245 3856 3598 3911 immaculato
3657 3872 3725 3912 ex

2131 3948 2378 4019 Virgine,
2427 3956 2483 4003 et
2518 3948 2643 4004 aliis
2698 3947 2976 4003 similibus
3004 3946 3384 4017 {distinguitur
3427 3946 3497 4002 ab
3544 3946 3729 4001 homi-

2131 4039 2296 4094 nibus
2323 4039 2574 4109 ejusdem
2608 4048 2847 4102 naturae,
2874 4053 3111 4108 persona
3136 4038 3413 4093 censenda
3442 4046 3564 4104 est;
3601 4053 3727 4093 cum

2132 4146 2264 4201 ergo
2292 4130 2499 4186 ewdem
2547 4145 2657 4185 non
2696 4129 2809 4186 sint
2836 4129 3005 4186 Verbi
3034 4138 3090 4184 et
3119 4129 3303 4183 carnis
3334 4129 3726 4215 proprietates,

2132 4238 2312 4292 neque
2342 4223 2548 4278 eaedem
2592 4237 2877 4292 personat;
2927 4221 3075 4277 unde
3107 4236 3238 4291 ergo
3286 4237 3396 4276 una
3433 4235 3667 4292 persona
3694 4236 3727 4279 τι

2132 4316 2291 4371 vobis
2324 4317 2669 4387 assignatur,
2702 4331 2824 4385 quae
2872 4315 3085 4370 naturis
3116 4314 3335 4369 duabus
3386 4324 3623 4379 constat,
3671 4322 3731 4367 et

2134 4410 2328 4466 iisdem
2352 4410 2650 4479 dupliciter
2674 4407 2911 4464 diversis
2932 4422 2962 4461 a
2982 4414 3179 4460 natura
3207 4406 3455 4476 ejusdem
3485 4404 3729 4475 speciei?

2133 4503 2465 4575 Diligentius
2496 4501 2808 4558 altendenti
2833 4508 3049 4556 certum
3075 4499 3169 4553 ﬁet
3189 4513 3385 4553 omnes
3411 4497 3593 4552 carnis
3614 4496 3731 4552 Do—

2134 4596 2351 4652 minica:
2385 4595 2763 4667 proprietates
2800 4594 2897 4649 uni
2939 4592 3158 4648 cuidam
3198 4592 3373 4663 magis
3421 4589 3729 4647 universali

2134 4690 2486 4762 proprietati,
2540 4697 2598 4744 et
2648 4696 2975 4743 caeterarum
3029 4686 3325 4741 causativae
3385 4684 3729 4751 incumbere,

2136 4798 2259 4854 qum
2312 4782 2438 4838 talis
2486 4790 2571 4837 est
2607 4799 2620 4835 :
2654 4795 2783 4835 caro
2810 4779 2931 4834 sine
2963 4778 3099 4843 Deo,
3134 4787 3191 4831 et
3245 4777 3302 4832 in
3350 4792 3447 4832 sua
3494 4774 3729 4831 naturali

431 4850 586 4936 ὲιοεει
632 4850 802 4951 αὺτῆν
833 4850 926 4932 mit
966 4850 1032 4948 ἑῇ
1083 4876 1210 4930 καθ’
1241 4874 1410 4945 αὐτὴν
1470 4871 1633 4942 φύσιν
1668 4870 1842 4940 αὑτῆς
1881 4850 2017 4940 ψιλῇ

2126 4850 2364 4944 persona
2422 4887 2708 4942 nunquam
2746 4868 3018 4926 substitit.
3069 4868 3139 4924 Et
3188 4868 3316 4923 ideo
3379 4881 3727 4937 quaecunque

431 4973 734 5043 ὑποστῆναι
770 4970 941 5042 αὑτὴν
994 4967 1213 5023 πώποτε
1236 4982 1251 4998 °
1278 4966 1359 5020 διὸ
1389 4964 1485 5019 καὶ
1511 4964 1614 5016 ὅσα
1654 4961 1838 5024 ἰδικῶς
1869 4958 2022 5029 αὑτῷ

432 5066 757 5137 ἐμφαίνεται
775 5064 939 5135 ἕτερα
962 5061 1230 5130 ἰδιώματα
1252 5056 1406 5128 παρὰ
1431 5055 1642 5117 πάντας
1675 5051 2018 5124 ἀνθρώπους,

429 5155 605 5211 ταῦτά
641 5157 756 5208 ἐστι
792 5152 1095 5226 θεοπρεπῆ,
1123 5147 1235 5205 οἷον
1274 5146 1719 5221 ὴὰναμὰρτητος
1739 5143 2018 5213 γέννησις,

429 5249 525 5303 καὶ
552 5248 851 5311 ἄπταιστος
890 5247 1070 5315 πάντη
1093 5242 1377 5304 διαϐίωσις
1407 5235 1597 5303 αὑτοῦ,
1628 5238 1663 5307 ἡ
1705 5232 2021 5302 πανάγαθος

430 5344 685 5413 πρόθεσις
716 5343 824 5407 ἀεὶ,
861 5342 895 5410 ἡ
956 5337 1334 5410 ὑπερδύναμος
1382 5333 1519 5404 πρὸς
1572 5324 2021 5398 θαυματουργίαν

434 5436 589 5508 ἰσχὺς
638 5434 830 5505 αὑτῆς,
863 5433 1174 5503 ὑπέρσοφος
1204 5426 1430 5498 γνῶσις,
1473 5424 1507 5495 ἡ
1572 5419 1894 5480 παντέλειος
1925 5415 2021 5469 καλ⁹

429 5527 715 5599 ὑπερφυὴς
766 5525 960 5597 ἁρετὴ,
995 5524 1091 5579 καὶ
1120 5521 1190 5575 τὰ
1226 5519 1406 5574 τοιάδε
1443 5517 1591 5571 θεῖαο
1622 5516 1671 5567 εἰ
1717 5512 1777 5566 δὲ
1806 5509 1876 5564 τά
1904 5508 2024 5599 θεῖα

430 5622 531 5675 οὑκ
560 5621 689 5674 ἄνευ
712 5620 861 5683 θείας
898 5615 1114 5689 φύσεώς
1147 5631 1280 5667 ποτε
1329 5611 1605 5683 φαίνεται,
1643 5606 1736 5660 καὶ
1783 5602 1853 5656 τὰ
1879 5598 2025 5655 ἰδιώ-

434 5731 581 5785 ματα
630 5713 814 5784 πάσης
841 5710 1197 5773 ὑποστάσεως
1238 5704 1412 5777 αὐτῆς
1456 5702 1599 5766 ἰδίως
1637 5693 1777 5755 εἶναι
1812 5695 1911 5750 δεῖ.
1949 5693 2025 5747 Οὐ

504 5862 552 5897 ⁸⁸
573 5862 676 5919 lsa.
714 5875 859 5925 XXVI,
900 5857 989 5913 18.

2126 4965 2247 5018 alia:
2296 4963 2671 5033 proprietates
2705 4963 2761 5015 in
2807 4960 3041 5015 Domino
3074 4958 3299 5029 proprie
3338 4956 3725 5019 inveniuntur,

2123 5063 2182 5109 et
2214 5053 2269 5107 in
2307 5052 2543 5123 reliquis
2583 5050 2906 5106 hominibus
2923 5047 3209 5111 deﬁciunt,
3238 5061 3318 5102 eae
3355 5044 3558 5099 divinae
3598 5051 3732 5097 sunt

2124 5149 2267 5204 sicut
2300 5145 2560 5201 nativitas
2606 5141 2995 5205 immaculata,
3051 5137 3318 5194 sanctitas
3351 5136 3524 5191 totius
3574 5133 3731 5209 vitae,

2124 5236 2344 5291 bonitas
2370 5233 2610 5299 consilii,
2640 5232 2696 5286 in
2721 5231 3004 5286 miraculis
3042 5227 3473 5298 omnipotentia,
3505 5225 3731 5295 sapien-

2125 5325 2203 5381 tia
2248 5324 2538 5389 doctrinae,
2564 5322 2807 5393 perfecta
2849 5331 2906 5375 et
2940 5317 3383 5390 supernaturalis
3416 5316 3616 5380 virtus,
3666 5321 3724 5369 et

2126 5425 2323 5473 caetera
2351 5415 2558 5471 divina.
2594 5413 2651 5469 Si
2677 5430 2847 5485 opera
2894 5412 3082 5468 divina
3127 5412 3246 5466 sine
3285 5409 3474 5464 divina
3517 5417 3719 5463 natura

2126 5523 2411 5577 nunquam
2455 5514 2808 5567 exercentur.
2842 5512 2899 5560 et
2922 5504 3289 5575 proprietates
3315 5501 3445 5572 ipsa:
3468 5499 3571 5577 to‘Li
3594 5513 3725 5568 per-

2128 5613 2276 5653 sona:
2326 5598 2551 5669 proprie
2605 5596 2914 5651 tribuenda:
2982 5603 3159 5662 sunt;
3210 5608 3333 5665 quae
3386 5591 3573 5648 enini'
3584 5597 3713 5645 sunt

2129 5690 2294 5745 unius
2319 5704 2587 5760 personae,
2628 5687 2713 5743 vel
2737 5686 2793 5742 in
2822 5702 2930 5743 una
2950 5685 3231 5751 videntur,
3260 5682 3422 5739 alteri
3461 5693 3711 5753 personae
