4116 6444
402 398 537 465 1583
1678 391 1875 453 [ΕΘΝ
1889 392 1992 453 I'II
2034 390 2442 453 BYZANTINI
3561 394 3696 459 1531

399 514 695 573 tribuenda
727 530 835 570 non
872 524 1023 571 sunt.
1058 513 1295 569 Necesse
1331 521 1413 567 est
1443 526 1573 581 ergo
1616 512 1985 582 proprietates

2103 513 2157 579 γά
2166 529 2197 581 ρ
2210 511 2277 564 τὰ
2291 511 2349 576 ἐξ
2366 512 2451 563 ἑτέ
2460 527 2557 582 ρας
2578 510 2611 582 ἢ
2631 510 2689 564 ὲν
2701 510 2863 583 ἑτέρα
2878 510 3173 566 ὑποστάσει
3186 510 3510 583 φαινόμενα,
3528 516 3703 569 ταῦτά

400 610 588 665 carnis
613 607 939 671 Dominica,
966 616 1022 661 et
1044 606 1146 661 ista
1167 605 1353 659 divina
1387 604 1672 658 testilicari
1708 603 1853 673 quod
1902 602 1992 657 illa

2103 621 2184 668 τις
2214 604 2379 675 ἄλλης
2411 604 2763 667 ὑποστάσεως
2787 599 2929 657 εἶναι
2969 603 3237 674 ἰδιώματα
3266 605 3700 672 καταλογίσοιτο.

397 717 634 772 persona
661 717 771 755 non
798 700 870 755 sit
905 700 1114 770 absque
1151 707 1348 752 natura
1372 696 1557 751 divina
1582 713 1597 762 ;
1649 705 1706 751 et
1733 711 1859 750 cum
1899 712 1997 750 na-

400 804 528 850 tura
557 795 743 850 divina
789 810 901 849 non
950 794 1021 850 sit
1063 791 1471 863 impersonalis,
1500 790 1701 861 probat
1746 790 1993 845 divinam

401 902 524 941 esse
550 887 694 941 hanc
721 902 1013 957 personam
1050 884 1264 950 carnis,
1292 899 1417 952 qua
1445 882 1650 937 divinis
1680 882 1991 953 proprieta-

403 978 551 1033 tibus
573 978 643 1033 ab
674 978 935 1033 omnibus
961 977 1283 1031 [nominibus
1304 974 1552 1046 ejusdem
1584 983 1797 1028 natura
1817 989 1999 1028 secer-

400 1070 573 1125 nitur.
601 1072 667 1125 Ει
691 1069 796 1124 nisi
844 1071 900 1125 in
929 1069 1067 1124 duas
1111 1082 1378 1138 personas
1419 1082 1481 1121 se
1535 1064 1766 1121 sciderit
1809 1064 1997 1119 divina

401 1162 567 1217 Verbi
623 1170 853 1227 natura,
893 1176 1017 1230 qua
1062 1159 1261 1214 liliales
1292 1156 1663 1228 proprietates
1709 1171 1769 1212 se
1821 1156 1995 1226 ipsam

400 1254 805 1325 distinguentes
865 1268 895 1307 a
946 1251 1203 1323 personis
1253 1248 1820 1305 consubstantialibus
1870 1257 1998 1302 ante

401 1347 845 1403 incarnationem
879 1344 1139 1409 habebat,
1164 1352 1221 1399 et
1259 1342 1314 1397 in
1343 1358 1509 1396 carne
1536 1341 1742 1395 retinet
1780 1340 1999 1395 divinas

401 1440 770 1512 proprietates
812 1454 935 1494 eam
983 1438 1051 1493 ab
1110 1435 1433 1490 hominibus
1486 1433 1738 1505 ejusdem
1785 1441 2001 1487 natura

403 1533 832 1603 distinguentes,
868 1530 1181 1587 necessario
1210 1544 1318 1583 una
1347 1526 1703 1597 intelligenda
1728 1535 1812 1581 est
1830 1525 1999 1581 Verbi

403 1641 664 1696 persona,
698 1626 865 1680 etiam
897 1632 1021 1694 post
1052 1621 1519 1686 incarnationem,
1541 1618 1629 1675 his
1651 1619 1869 1675 duabus
1898 1634 1998 1673 na-

403 1719 549 1773 turis
583 1718 639 1771 in
674 1733 783 1772 una
821 1716 988 1772 Verbi
1018 1729 1258 1785 persona
1291 1712 1486 1769 unitis.

2115 698 2357 768 ’Λνάγκη
2385 698 2491 769 ἄρα
2525 697 2696 767 αὑτῆς
2722 715 2782 751 τε
2810 698 2908 767 τῆς
2940 698 3146 769 σαρκὸς
3170 697 3266 752 τοῦ
3316 700 3525 767 Κυρίου
3557 699 3699 754 ἰδιώ-

2102 808 2271 862 ματα,
2308 790 2403 844 καὶ
2450 790 2569 843 θεῖα
2616 790 2744 843 τάδε
2788 789 2939 852 ὄντα,
3005 790 3082 859 μὴ
3116 789 3243 843 ἄνευ
3298 789 3452 853 Θείας
3481 790 3703 859 φύσεως

2099 880 2241 938 εἶναι
2279 883 2378 955 τήν
2409 884 2708 937 ὑπόστασιν
2748 883 2907 955 τήνδε
2961 883 3133 954 αὑτὴν
3170 887 3492 954 μαρτυρεῖν.
3534 883 3703 947 Φύσις

2098 977 2153 1029 δὲ
2197 976 2317 1029 θεία
2349 976 2471 1029 ἐπεὶ
2531 976 2902 1038 ἀνυπόστατος
2931 976 3032 1029 οὑκ
3086 975 3225 1039 ἔστι,
3280 975 3440 1045 δῆλον
3494 976 3576 1029 ὅτι
3608 978 3705 1028 καὶ

2101 1068 2253 1122 θείαν
2278 1068 2582 1121 ὑπόστασιν
2617 1062 2759 1121 εἷναι
2784 1068 2912 1138 τῇδε
2948 1068 3446 1139 προσμαρτυρεϊτῇ
3466 1066 3705 1122 ὑποστά-

2102 1177 2185 1213 σει
2207 1159 2309 1229 τῆς
2338 1159 2541 1231 σαρκὸς
2570 1153 2638 1231 ἦς
2663 1160 2730 1213 τά
2765 1158 3047 1230 θεοπρεπῆ
3082 1158 3347 1228 ἰδιώματα
3370 1157 3481 1211 τῶν
3504 1160 3702 1228 όμοου-

2104 1251 2235 1302 σίων
2273 1250 2443 1320 αὑτὴν
2491 1248 2785 1303 διέστειλεν
2843 1247 3150 1320 ἀνθρώπων
3174 1262 3187 1277 ”
3220 1250 3270 1301 εἰ
3299 1248 3355 1301 δὲ
3388 1249 3463 1318 μὴ
3496 1250 3573 1310 εἰς
3608 1247 3703 1300 δύο

2105 1343 2444 1407 ὑποστάσεις
2464 1342 2662 1413 ἑαυτὴν
2679 1342 3009 1414 διέστησενή
3038 1340 3130 1395 τοῦ
3153 1341 3328 1411 Λόγου
3358 1342 3479 1395 θεία
3509 1340 3701 1409 φύσις,

2100 1430 2170 1508 ἧς
2208 1437 2280 1491 τά
2309 1453 2370 1490 τε
2401 1435 2672 1508 υίοπρεπῆ
2704 1434 2972 1506 ἰδιώματα
3020 1435 3129 1507 πρὸ
3174 1435 3276 1505 τῆς
3323 1433 3526 1505 σαρκός
3556 1436 3700 1497 ἐστι,

2101 1528 2212 1582 τῶν
2234 1528 2477 1599 όμοθέων
2507 1528 2644 1599 αὑτῇ
2678 1529 2989 1599 προσώπων
3005 1528 3378 1599 διακρίνοντα,
3402 1528 3496 1580 καὶ
3512 1526 3581 1581 τά
3601 1526 3703 1596 τῆς

2105 1618 2309 1689 σαρκὸς
2342 1618 2623 1690 θεοπρεπῆ
2660 1618 2928 1688 ἰδιώματα
2956 1614 3065 1670 τῶν
3084 1613 3345 1686 ὁμοφυῶν
3380 1615 3553 1683 αὐτὴν
3583 1613 3703 1665 δια-

2102 1708 2393 1763 στέλλοντα
2431 1709 2760 1781 ἀνθρώπων,
2796 1708 3014 1780 ἀνάγκη
3059 1709 3189 1779 μίαν
3251 1706 3492 1761 νοεῖσθαι
3525 1705 3701 1775 μόνην

402 1810 543 1889 εἶναι
581 1816 681 1886 τὴν
716 1814 1016 1868 ὑπόστασιν
1038 1813 1134 1866 τοῦ
1170 1811 1357 1881 Λόγου
1389 1809 1487 1865 καὶ
1511 1808 1651 1875 μετά
1686 1806 1787 1879 τῆς
1811 1806 2016 1878 σαρκὸς
2053 1806 2241 1873 αὐτοῦ,
2280 1806 2404 1863 καθ’
2436 1806 2739 1862 ὑπόστασιν
2798 1804 2966 1861 αὑτοῦ
2994 1803 3301 1859 ένωθεισῶν
3345 1804 3513 1874 ἄμφω
3536 1801 3705 1856 τῶνδε

400 1914 511 1969 τῶν
527 1913 744 1985 φύσεων
778 1914 837 1966 ὲν
864 1910 1110 1983 Χριστῷ.

1024 2020 1177 2077 CAP.
1208 2019 1380 2075 XXII.

474 2117 582 2174 Sed
603 2117 731 2188 quia
763 2116 1005 2170 humana
1035 2113 1245 2169 Christi
1279 2122 1501 2176 natura,
1544 2110 1823 2180 inquiunt,
1867 2107 2005 2163 nihil

404 2208 592 2263 minus
620 2208 789 2262 habet
826 2222 990 2276 quam
1024 2213 1222 2259 natura
1256 2204 1700 2275 uniuscujusque
1740 2200 2003 2267 hominis,

404 2302 533 2356 ideo
566 2301 717 2355 illam
749 2310 961 2355 natura
983 2299 1186 2355 divina
1223 2298 1461 2358 additis;
1499 2313 1621 2361 cur,
1645 2309 1854 2366 quaso,
1879 2308 2005 2349 cum

402 2393 585 2448 nihilo
615 2390 838 2447 deﬁciat
886 2406 917 2445 a
969 2390 1225 2461 personis
1278 2389 1547 2458 cujusque
1596 2384 1845 2439 hominis
1885 2384 2005 2454 ejus

406 2486 649 2540 humana
700 2498 965 2554 persona,
1008 2483 1157 2537 illam
1189 2497 1299 2535 non
1326 2481 1561 2551 jungitis
1608 2478 1675 2532 ad
1710 2491 2004 2547 personam

406 2576 600 2641 Verbi,
632 2590 737 2631 nec
765 2574 904 2628 duas
926 2588 1049 2627 esse
1080 2574 1200 2644 ejus
1231 2586 1496 2642 personas
1518 2567 1879 2624 conlitemini.
1909 2566 2004 2621 Li-

403 2665 603 2721 bentes
635 2662 1096 2733 respondebimus
1135 2661 1240 2730 ipsi
1270 2659 1463 2714 deesse
1495 2658 1909 2712 distinctionem
1934 2655 2003 2709 ab

404 2752 555 2806 omni
616 2766 884 2823 persona,
954 2766 1061 2820 qua
1118 2750 1233 2805 Sola
1276 2749 1687 2803 constituantur
1728 2761 2000 2817 persona.

403 2846 562 2913 Quod
587 2861 676 2901 res
702 2847 779 2900 ita
818 2862 878 2901 se
903 2845 1101 2901 habeat
1122 2844 1201 2899 sic
1232 2843 1598 2915 stabiliemus.
1626 2842 1763 2897 Cum
1800 2841 2002 2896 mulier

404 2936 644 3008 aliquam
673 2951 897 2992 carnem
950 2936 1268 3002 informem,
1314 2952 1411 2992 seu
1444 2951 1648 3006 corpus
1682 2944 2000 2989 monstruo-

404 3043 552 3093 sum,
583 3028 949 3083 inanimatum
990 3028 1253 3093 ediderit,
1290 3036 1349 3082 ut
1382 3028 1569 3083 evenit
1599 3027 1655 3082 in
1684 3026 1906 3093 abortu,
1940 3034 1997 3082 et

403 3120 611 3176 fetibus
639 3120 695 3175 in
732 3120 1024 3176 matricula
1063 3127 1394 3191 praemature
1427 3119 1616 3185 editis,
1645 3118 1793 3174 hunc
1824 3118 1999 3174 fetum

406 3209 643 3267 dicimus
695 3225 988 3281 personam
1046 3211 1339 3279 corporis,
1390 3208 1521 3263 licet
1575 3226 1687 3263 non
1743 3207 1996 3274 animati,

2030 1997 2078 2057 Β

2672 2010 2929 2067 ΚΕΦᾹΛ.
2981 2009 3110 2064 ΚΒ’.

2178 2106 2241 2160 Εί
2265 2104 2353 2158 διὰ
2374 2103 2436 2158 τὸ
2462 2104 2631 2175 μηδὲν
2663 2103 2881 2166 ἐλλιπὲς
2911 2102 3058 2173 ἔχειν
3088 2102 3189 2173 τὴν
3218 2102 3571 2173 ἀνθρωπείαν
3595 2106 3703 2177 φύ-

2112 2217 2195 2253 σιν
2231 2198 2491 2271 Χριστοῦ,
2523 2198 2676 2269 φησὶ,
2706 2199 2859 2265 παρά
2897 2198 2997 2267 τὴν
3028 2196 3192 2267 φύσιν
3242 2198 3353 2252 τῶν
3386 2199 3707 2255 καθέκαστα

2107 2293 2434 2365 ἀνθρώπων,
2468 2292 2900 2365 προσαριθμεῖτε
2930 2290 3026 2345 καὶ
3065 2289 3237 2361 αὑτὴν
3268 2293 3336 2362 τῇ
3372 2291 3473 2362 τῆς
3508 2291 3706 2362 θεότη-

2106 2404 2198 2449 τος
2235 2385 2418 2455 φύσει,
2462 2386 2516 2438 τί
2569 2385 2635 2457 δή
2670 2384 2779 2457 ἄρα
2810 2385 2975 2455 μηδὲν
3017 2383 3377 2456 ἐλλειπούσης
3425 2385 3576 2457 παρά
3603 2388 3708 2449 τὰς

2106 2478 2438 2542 ὑποστάσεις
2467 2477 2580 2531 τῶν
2610 2478 2929 2531 καθέκαστα
2952 2475 3281 2548 ἀνθρώπων,
3309 2477 3408 2530 καὶ
3435 2478 3533 2548 τῆς
3565 2478 3706 2531 ὑπο-

2108 2568 2352 2631 στάσεως
2400 2567 2567 2623 αὑτοῢ
2606 2568 2705 2639 τῆς
2743 2566 3116 2638 ἀνθρωπίνης,
3150 2567 3213 2620 οὑ
3265 2568 3705 2639 προσαριθμεῖτσ

2105 2662 2199 2714 καὶ
2246 2660 2453 2731 ταύτην
2486 2662 2552 2731 τῇ
2585 2660 2885 2713 ὑποστάσει
2923 2658 3017 2712 τοῦ
3068 2659 3267 2727 Λόγου,
3310 2659 3406 2712 καὶ
3437 2660 3532 2713 δύο
3562 2663 3702 2730 φατὲ

2110 2752 2206 2807 καὶ
2261 2753 2364 2815 τὰς
2424 2752 2755 2816 ὑποστάσεις
2818 2750 2913 2805 τοῦ
2974 2750 3210 2820 Λόγου;
3277 2750 3545 2823 Ἐτοίμως
3605 2753 3705 2806 οὖν

2104 2861 2287 2915 φαμεν
2350 2844 2434 2897 ὅτι
2487 2844 2517 2897 ό
2558 2843 2841 2914 διορισμὸς
2913 2843 3050 2915 αὑτῇ
3103 2842 3281 2899 λείπει
3342 2845 3439 2914 ἀφ’
3510 2844 3708 2915 ἑτέρας

2102 2937 2286 3005 πάσης
2317 2934 2689 3000 ὑποστάσεως·
2720 2929 2875 2999 οὗτος
2903 2934 3014 3006 γὰρ
3044 2936 3139 2989 καὶ
3175 2936 3336 3007 μόνος
3367 2936 3515 2990 ἐστὶν
3543 2939 3570 2991 ό
3594 2938 3707 2993 τῶν

2102 3029 2456 3083 ὑποστάσεων
2485 3030 2895 3099 παραστατικός
2918 3046 2932 3062 ·
2980 3030 3064 3084 ὅτι
3110 3030 3167 3083 δὲ
3202 3012 3376 3094 οὕτως
3409 3029 3546 3101 ἔχει,
3578 3048 3708 3084 σκο-

2101 3123 2306 3194 πητέον
2340 3121 2533 3185 οὕτως.
2573 3122 2637 3175 Εί
2684 3122 2795 3194 γάρ
2835 3139 2923 3186 τις
2967 3121 3106 3194 γυνὴ
3161 3123 3389 3193 σαρκίον
3445 3140 3500 3177 τι
3548 3123 3704 3177 ἀδιά-

2102 3215 2342 3268 πλαστον
2370 3214 2471 3267 εἰτ’
2492 3208 2586 3267 οὖν
2616 3212 2783 3284 σῶμά
2818 3229 2873 3265 τι
2900 3212 3161 3284 πωρῶδες
3188 3212 3394 3283 ἄψυχον
3421 3211 3702 3280 ἀποτέκοι,

405 3302 565 3374 quasi
614 3303 688 3357 sit
719 3302 1026 3358 secundum
1058 3312 1314 3356 naturam
1345 3316 1546 3369 corpus
1565 3302 1733 3373 hujus
1759 3300 1995 3356 abortivi

2107 3300 2198 3362 οἷα
2232 3305 2519 3378 συμϐαίνει
2554 3304 2613 3359 ἐν
2656 3321 2715 3359 τε
2767 3307 2888 3369 ταῖς
2924 3303 3324 3373 ὲξαμϐλώσεσι,
3352 3306 3449 3359 καὶ
3482 3306 3577 3359 ἐπὶ
3604 3307 3707 3377 τῆς

406 3404 613 3466 partus.
647 3394 755 3450 Uni
790 3410 858 3450 ex
884 3394 970 3450 his
994 3394 1322 3464 corporibus
1352 3395 1540 3465 etjam
1563 3393 1706 3448 natis
1747 3392 1999 3464 personis

2108 3398 2409 3470 λεγομένης
2438 3396 2618 3471 μύλης
2646 3396 2952 3469 κυηθείσης
2978 3397 3037 3449 ὲν
3071 3400 3139 3468 τῇ
3166 3399 3376 3469 μήτρᾳ,
3401 3398 3706 3453 ὑπόστασῐν

405 3496 750 3558 supponatur
773 3486 941 3541 etiam
973 3485 1137 3555 adjici
1184 3485 1423 3555 aliquam
1457 3499 1680 3539 carnem
1713 3498 2003 3555 supercre-

404 3592 671 3644 scentem,
703 3579 868 3634 modo
908 3578 1129 3649 capitis,
1166 3586 1261 3631 aut
1289 3576 1472 3648 magni
1517 3577 1863 3642 sarcomatis,
1906 3584 2004 3631 aut

404 3672 635 3727 vomica
680 3669 1015 3741 conspicuae,
1052 3678 1113 3724 ut
1148 3684 1290 3740 sape
1314 3669 1492 3723 visum
1518 3677 1603 3723 est
1641 3668 1697 3723 in
1725 3667 2002 3723 abscessi-

405 3765 533 3831 bus,
561 3773 657 3820 aut
687 3767 857 3819 muris
888 3764 1154 3834 aqualem
1189 3762 1501 3833 quantitate
1530 3761 1685 3817 carni
1710 3759 1998 3825 abortiva,

404 3860 635 3930 ejusque
666 3856 997 3911 referentem
1042 3855 1297 3921 formam,
1341 3854 1621 3919 colorem,
1668 3859 1725 3907 et
1751 3861 1948 3907 catera
1984 3869 1996 3906 :

406 3951 539 4006 huic
568 3965 701 4022 ergo
745 3949 1025 4021 propriam
1075 3963 1368 4020 personam
1409 3963 1523 4001 non
1571 3946 1802 4011 damus,
1835 3959 2000 3999 unam

405 4056 591 4103 autem
626 4055 950 4117 reputamus
978 4054 1095 4100 tum
1119 4045 1370 4114 corporis
1398 4041 1707 4098 secundum
1743 4048 2000 4094 naturam

405 4140 799 4206 excrescentis,
820 4147 937 4194 tum
959 4138 1133 4208 ipsius
1153 4136 1563 4193 excrescentia.
1583 4135 1853 4191 Similiter
1872 4149 1999 4189 cum

405 4235 463 4289 in
491 4232 713 4288 Christo
734 4231 1007 4303 quidquid
1035 4232 1340 4286 humanum
1367 4238 1452 4285 est
1484 4238 1682 4283 natura
1713 4241 1999 4296 nunquam

402 4322 717 4381 substiterit
760 4323 816 4378 in
852 4323 1057 4393 seipso,
1095 4337 1229 4377 sane
1266 4328 1450 4375 autem
1488 4318 1544 4373 in
1595 4316 1998 4389 praexsistenti

404 4414 573 4472 Verbi
597 4432 853 4487 persona,
879 4415 1060 4471 Verbo
1080 4413 1184 4469 sibi
1214 4428 1440 4468 carnem
1459 4421 1797 4477 assumente,
1814 4427 1845 4465 e
1864 4409 1997 4466 sub-

405 4508 605 4564 stantia
632 4515 836 4563 sancta
871 4506 1136 4577 Virginis,
1162 4504 1348 4560 statim
1385 4520 1415 4557 a
1446 4502 1743 4575 principio,
1770 4502 1997 4557 ubinam

405 4598 819 4655 distinctionem
851 4597 998 4653 inter
1026 4597 1267 4653 Verbum
1308 4604 1362 4651 et
1391 4593 1897 4665 carnemaspicitis,
1928 4590 1997 4646 ad

2104 3508 2228 3545 τινα
2259 3489 2535 3561 σώματος,
2563 3491 2612 3543 εί
2644 3490 2739 3543 καὶ
2757 3488 2989 3560 ἀψύχου,
3023 3490 3207 3560 φαμὲν
3231 3491 3351 3544 τόδε
3377 3493 3437 3545 τὸ
3456 3494 3707 3562 γέννημα

2105 3580 2269 3647 εἶναι,
2301 3581 2493 3654 ὥσπερ
2528 3584 2625 3636 καὶ
2658 3582 2801 3637 κατά
2830 3581 2994 3652 φύσιν
3021 3582 3238 3654 ἔχοντος
3286 3583 3539 3654 σώματος
3576 3584 3706 3638 τοῦ-

2104 3675 2163 3730 δὲ
2197 3693 2347 3740 τινος
2371 3675 2467 3730 τοῦ
2511 3674 2769 3747 βρέφους·
2800 3676 2850 3729 εί
2878 3675 3053 3747 δήπου
3083 3676 3192 3730 τινὶ
3222 3676 3332 3730 τῶν
3358 3680 3500 3731 κατᾶ
3532 3678 3699 3747 φύσιν

2105 3766 2342 3835 ἐχόντων
2370 3766 2644 3836 σωμάτων
2675 3764 2773 3819 καὶ
2815 3763 2989 3818 πάλαι
3037 3768 3538 3836 προγεγενημένων
3567 3767 3707 3820 ὑπο-

2106 3861 2351 3915 στάσεων
2379 3860 2609 3929 ἔκφυσις
2656 3858 2885 3930 γένηται
2947 3860 3204 3931 ήνωμένη
3256 3859 3401 3913 κατὰ
3454 3860 3706 3930 κορυφῆς

2102 3951 2266 4023 τυχὸν
2315 3950 2349 4023 ἢ
2402 3952 2638 4021 ἑτέρωσε
2676 3951 3184 4022 ὑπερσαρκήματος
3214 3948 3479 4021 μεγάλου,
3517 3950 3551 4020 ἢ
3599 3951 3704 4003 πό-

2105 4062 2201 4115 ρου
2232 4042 2543 4113 ἀξιολόγου,
2579 4038 2667 4097 οἷα
2703 4044 2764 4098 ὲν
2809 4042 3163 4115 στεατώμασι
3196 4042 3293 4097 καὶ
3339 4044 3704 4114 συκαμινέαις

2104 4135 2261 4206 ὤφθη
2295 4136 2579 4201 πολλάκις,
2633 4136 2750 4190 ῐσου
2789 4154 2850 4191 τε
2878 4136 3033 4201 ὄντος
3074 4135 3151 4207 τῷ
3183 4135 3333 4207 ὄγκῳ
3367 4135 3461 4189 καὶ
3509 4136 3700 4206 ὁμοίου

2103 4226 2164 4280 τὸ
2199 4226 2387 4298 σχῆμα
2429 4228 2526 4283 καὶ
2567 4228 2669 4299 τήν
2713 4228 2903 4299 χροιὰν
2941 4231 3035 4283 καὶ
3062 4229 3129 4283 τὰ
3162 4228 3326 4282 λοιπά
3348 4226 3428 4299 τῷ
3456 4228 3565 4281 ἀπὸ
3597 4228 3702 4297 τῆς

2100 4318 2504 4389 ὲξαμϋλώσεως
2565 4320 2795 4391 κρέατι,
2846 4320 2999 4390 ὅμως
3056 4319 3118 4373 οὑ
3167 4337 3351 4390 φαμεν
3393 4319 3488 4373 καὶ
3540 4318 3700 4375 τοῦδε

2102 4411 2240 4466 ίδίαν
2260 4411 2581 4479 ὑπόστασιν,
2620 4412 2757 4467 ἀλλὰ
2780 4413 2911 4484 μίαν
2941 4410 3351 4484 δξαριθμοῦμεν
3380 4412 3480 4483 τήν
3510 4429 3570 4466 τε
3599 4414 3699 4467 τοῦ

2101 4502 2634 4575 ὑπερσαρκήσαντος
2661 4504 2918 4576 σώματος
2953 4505 3015 4558 τὸ
3049 4503 3201 4575 παρὰ
3233 4504 3394 4574 φύσιν
3423 4502 3573 4575 αὑτῴ
3600 4506 3699 4559 καὶ

2100 4597 2201 4665 τὴν
2236 4596 2331 4650 τοῦ
2364 4596 2874 4669 ὑπερσαρκήματος
2914 4595 3107 4651 αὑτοῦ.
3146 4594 3301 4649 Ἐπεὶ
3346 4591 3441 4650 οὖν
3473 4598 3568 4650 καὶ
3600 4598 3699 4651 ἐπὶ

405 4690 706 4748 dicendum
741 4689 880 4744 duas
927 4704 1213 4759 personas,
1242 4688 1388 4743 sicut
1421 4687 1559 4741 duas
1585 4688 1855 4741 naturas?
1884 4686 1995 4740 Na-

2103 4688 2340 4760 Χριστοῦ
2372 4690 2433 4743 οὑ
2465 4690 2589 4744 καθ’
2622 4691 2760 4744 αὑτὰ
2792 4690 3004 4764 ὑπῆρξέ
3033 4708 3190 4756 ποτε,
3218 4688 3335 4745 ἀλλ’
3366 4691 3424 4744 ὲν
3452 4688 3590 4758 αὑτῇ
3625 4692 3697 4761 τῇ

406 4795 545 4841 tura
566 4782 715 4838 enim
749 4780 1129 4846 distinctione,
1155 4778 1471 4834 differentia
1498 4793 1747 4848 persona
1778 4780 1833 4833 in
1853 4779 1993 4833 duas

2107 4781 2505 4855 προῦφεστώσῃ
2558 4782 2654 4839 τοῦ
2699 4783 2877 4853 Λόγου
2918 4783 3217 4838 ὑποστάσει
3252 4782 3485 4853 ὑπέστη,
3515 4783 3702 4836 πάντα

404 4893 517 4933 non
545 4874 864 4931 necessario
894 4872 1248 4928 scinduntur.
1765 4874 1786 4890 ⁸

2106 4878 2175 4929 τὰ
2208 4876 2361 4948 παρὰ
2397 4875 2559 4947 φύσιν
2592 4877 2730 4949 αὐτῇ
2778 4875 3097 4949 ἀνθρώπινα
3139 4874 3305 4931 αὑτοῦ
3327 4917 3341 4941 ,
3379 4874 3560 4945 ἑαυτῷ
3599 4873 3701 4945 τὴν

407 4972 588 5041 σάρκα
610 4968 705 5023 τοῦ
738 4970 916 5038 Λόγου
948 4967 1139 5039 ὥσπερ
1168 4966 1229 5033 ἐξ
1258 4965 1391 5039 ὕλης
1422 4968 1487 5021 ἐκ
1518 4968 1619 5038 τῆς
1658 4967 1822 5036 ἁγίας
1856 4969 2137 5041 Παρθένου
2172 4972 2634 5037 ὲνδιαπλάσαντος
2697 4972 2758 5039 ἐξ
2821 4974 3018 5045 ἀρχῆς,
3055 4971 3160 5027 ποῦ
3211 4971 3544 5041 θεωροῦντες
3604 4971 3703 5026 τὸν

402 5066 688 5138 διορισμὸν
716 5062 812 5118 τοῦ
842 5065 1018 5133 Λόγου
1066 5064 1163 5117 καὶ⁵
1197 5063 1300 5134 τῆς
1332 5064 1537 5136 σαρκὸς
1568 5062 1759 5130 αὑτοῦ,
1825 5063 1921 5118 δύο
1959 5066 2213 5137 εἴποιμεν
2249 5067 2350 5131 τὰς
2420 5066 2773 5134 ὑποστάσεις,
2809 5066 2885 5131 ώς
2922 5068 3017 5122 καὶ
3080 5065 3179 5130 τὰς
3236 5064 3465 5134 φύσεις;
3497 5065 3555 5117 αἱ
3597 5065 3701 5134 μὲν

403 5157 515 5229 γάρ
557 5160 627 5229 τῇ
662 5157 919 5228 διαφορᾷ,
954 5156 1013 5210 αί
1041 5155 1099 5209 δὲ
1132 5155 1209 5227 τῷ
1254 5155 1526 5229 διορισμῷ
1571 5154 1888 5225 ἀναγκαίως
1921 5156 2001 5219 είς
2039 5156 2209 5213 δυάδα
2241 5160 2301 5212 οὑ
2332 5160 2725 5228 διακρίνονται.

1006 5271 1158 5328 CAP.
1193 5271 1385 5327 XXIII.

2691 5274 2943 5328 ΚΕΦΛΛ.
2975 5274 3103 5329 Kl".

472 5386 683 5443 Natura
710 5386 1057 5460 temporalis,
1084 5387 1368 5460 inquiunt,
1397 5396 1664 5445 aternam
1701 5404 1995 5459 personam

2184 5391 2251 5444 Ἠ
2284 5390 2585 5462 ὑπόχρονος
2631 5387 2815 5459 φύσις,
2853 5392 3037 5460 φασὶν,
3070 5389 3240 5443 άῖδιον
3281 5388 3382 5459 οὑχ
3415 5387 3527 5454 ἕξει
3564 5388 3704 5442 ὑπόο

401 5494 519 5537 non
550 5479 799 5554 habebit,
837 5496 940 5536 nec
967 5481 1089 5536 vice
1118 5496 1279 5537 versa
1314 5498 1329 5535 :
1363 5481 1450 5536 vel
1493 5482 1661 5553 igitur
1695 5481 1995 5537 dicendum

2104 5501 2321 5539 στασιν·
2349 5483 2541 5554 ὥσπερ
2580 5482 2677 5537 οὖν
2706 5482 2829 5538 οὑδὲ
2858 5482 2921 5536 τὸ
2959 5481 3234 5554 ἔμπαλιν·
3283 5481 3316 5551 ἢ
3352 5476 3447 5535 οὖν
3486 5480 3702 5533 ἀνυπό-

403 5580 491 5629 est
511 5550 938 5644 ingersonalem
962 5572 1134 5629 fuisse
1164 5573 1463 5629 humanam
1478 5550 1682 5629 Christi
1715 5583 1994 5640 naturam,

2106 5593 2300 5630 στατον
2343 5550 2559 5646 ἀνάγκη
2600 5568 2744 5630 εἶναι
2781 5574 2884 5645 τὴν
2924 5550 3275 5645 ἀνθρωπείαν
3306 5550 3559 5643 Χριστοῦ
3595 5570 3701 5641 φύ·

403 5663 493 5722 vel
526 5665 888 5736 temporalem
920 5680 1220 5736 personam
1263 5665 1556 5733 habuisse;
1589 5665 1822 5737 ideoque
1855 5667 1996 5723 duas

2104 5686 2210 5736 σιν,
2242 5670 2275 5740 ἢ
2316 5671 2412 5722 καὶ
2462 5669 2568 5723 ὑπὸ
2594 5672 2785 5742 χρόνον
2814 5671 2961 5741 ἔχειν
3006 5668 3178 5742 αὑτὴν
3212 5668 3333 5722 δέον
3366 5668 3694 5721 ὑπόστασιν·

404 5754 633 5810 omnino
679 5771 803 5814 esse
842 5772 1132 5828 personas,
1172 5773 1374 5829 nempe
1401 5766 1667 5813 aeternam
1720 5759 1887 5814 Verbi
1936 5768 1994 5813 et

2103 5758 2243 5813 ὥστε
2278 5758 2374 5813 δύο
2418 5754 2531 5814 εἷεν
2578 5761 2802 5826 πάντως
2823 5760 2976 5833 αὑτῷ
3005 5761 3041 5832 ἧ
3078 5778 3139 5815 τε
3169 5759 3265 5815 τοῦ
3301 5760 3481 5829 Λόγου
3521 5759 3695 5821 ἀῖδιος

407 5847 769 5911 temporalem
811 5850 1075 5906 hominis.
1113 5850 1183 5907 Et
1229 5860 1423 5909 contra
1464 5850 1597 5908 licet
1628 5859 1835 5909 aterna
1860 5867 1991 5919 per-

2103 5854 2193 5907 καὶ
2229 5855 2263 5925 ή
2299 5855 2399 5925 τῆς
2432 5852 2637 5926 σαρκὸς
2666 5853 2987 5925 ὑπόχρονος.
3035 5853 3176 5908 Ἀλλ’
3205 5854 3256 5907 εί
3286 5852 3381 5907 καὶ
3412 5851 3490 5925 μὴ
3517 5852 3693 5907 ἀΐδιον
