  <div class='ocr_page' id='page_1' title='image "/cluster/home/n/w/nwhite01/storage/ocr_20150623/86:pt.1/coo.31924054869874/800.png"; bbox 0 0 4116 6448; ppageno 0'>
   <div class='ocr_carea' id='block_1_1' title="bbox 399 442 3686 548">
    <p class='ocr_par' dir='ltr' id='par_1_1' title="bbox 399 442 3686 548">
     <span class='ocr_line' id='line_1_1' title="bbox 399 442 3686 548; baseline 0.013 -42"><span class='ocrx_word' id='word_1_1' title='bbox 399 442 539 507; x_wconf 77' lang='lat'><strong>1535</strong></span> <span class='ocrx_word' id='word_1_2' title='bbox 1337 455 1737 519; x_wconf 76' lang='lat' dir='ltr'><strong>ADVERSUS</strong></span> <span class='ocrx_word' id='word_1_3' title='bbox 1776 456 2332 529; x_wconf 82' lang='lat' dir='ltr'><strong>NESTORIANOS.</strong></span> <span class='ocrx_word' id='word_1_4' title='bbox 2371 489 2440 503; x_wconf 91' lang='lat'><strong>-—</strong></span> <span class='ocrx_word' id='word_1_5' title='bbox 2480 469 2628 530; x_wconf 89' lang='lat' dir='ltr'><strong>LIB.</strong></span> <span class='ocrx_word' id='word_1_6' title='bbox 2672 470 2756 531; x_wconf 91' lang='lat' dir='ltr'><strong>II.</strong></span> <span class='ocrx_word' id='word_1_7' title='bbox 3546 450 3686 548; x_wconf 68' lang='lat'><strong>1586</strong></span> 
     </span>
    </p>
   </div>
   <div class='ocr_carea' id='block_1_2' title="bbox 394 553 1966 661">
    <p class='ocr_par' dir='ltr' id='par_1_2' title="bbox 394 553 1966 655">
     <span class='ocr_line' id='line_1_2' title="bbox 394 553 1966 655; baseline 0.013 -47"><span class='ocrx_word' id='word_1_8' title='bbox 394 555 566 616; x_wconf 65' lang='lat' dir='ltr'><strong>cvm;</strong></span> <span class='ocrx_word' id='word_1_9' title='bbox 609 553 755 625; x_wconf 79' lang='grc' dir='ltr'>ἔχειν</span> <span class='ocrx_word' id='word_1_10' title='bbox 800 556 1101 616; x_wconf 81' lang='grc' dir='ltr'><strong>ὑπόστασιν</strong></span> <span class='ocrx_word' id='word_1_11' title='bbox 1136 561 1576 655; x_wconf 41' lang='grc' dir='ltr'>τὴνβπόχρονον</span> <span class='ocrx_word' id='word_1_12' title='bbox 1621 573 1783 642; x_wconf 85' lang='grc' dir='ltr'>φύσιν</span> <span class='ocrx_word' id='word_1_13' title='bbox 1822 574 1966 628; x_wconf 80' lang='grc' dir='ltr'>δυνα-</span> 
     </span>
    </p>
   </div>
   <div class='ocr_carea' id='block_1_3' title="bbox 2067 553 3685 661">
    <p class='ocr_par' dir='ltr' id='par_1_3' title="bbox 2083 582 3685 661">
     <span class='ocr_line' id='line_1_3' title="bbox 2083 582 3685 661; baseline 0.016 -33"><span class='ocrx_word' id='word_1_14' title='bbox 2083 590 2217 631; x_wconf 89' lang='lat' dir='ltr'><strong>sona</strong></span> <span class='ocrx_word' id='word_1_15' title='bbox 2258 582 2622 651; x_wconf 80' lang='lat' dir='ltr'><strong>temporalem</strong></span> <span class='ocrx_word' id='word_1_16' title='bbox 2670 590 2924 640; x_wconf 89' lang='lat' dir='ltr'><strong>naturam</strong></span> <span class='ocrx_word' id='word_1_17' title='bbox 2955 582 3177 642; x_wconf 76' lang='lat' dir='ltr'><strong>habere</strong></span> <span class='ocrx_word' id='word_1_18' title='bbox 3203 601 3317 644; x_wconf 90' lang='lat' dir='ltr'><strong>non</strong></span> <span class='ocrx_word' id='word_1_19' title='bbox 3355 591 3553 661; x_wconf 89' lang='lat' dir='ltr'><strong>possit,</strong></span> <span class='ocrx_word' id='word_1_20' title='bbox 3585 596 3685 653; x_wconf 86' lang='lat' dir='ltr'><strong>sed</strong></span> 
     </span>
    </p>
   </div>
   <div class='ocr_carea' id='block_1_4' title="bbox 393 643 1966 750">
    <p class='ocr_par' dir='ltr' id='par_1_4' title="bbox 393 643 1960 736">
     <span class='ocr_line' id='line_1_4' title="bbox 393 643 1960 736; baseline 0.015 -40"><span class='ocrx_word' id='word_1_21' title='bbox 393 645 508 701; x_wconf 77' lang='grc' dir='ltr'>τὸν.</span> <span class='ocrx_word' id='word_1_22' title='bbox 549 644 688 700; x_wconf 80' lang='grc' dir='ltr'>ἁλλὰ</span> <span class='ocrx_word' id='word_1_23' title='bbox 728 645 833 700; x_wconf 81' lang='grc' dir='ltr'>ὑπὸ</span> <span class='ocrx_word' id='word_1_24' title='bbox 867 648 1063 719; x_wconf 82' lang='grc' dir='ltr'>χρόνον</span> <span class='ocrx_word' id='word_1_25' title='bbox 1104 643 1445 724; x_wconf 75' lang='grc' dir='ltr'>κτήσασθαι,</span> <span class='ocrx_word' id='word_1_26' title='bbox 1491 662 1588 715; x_wconf 77' lang='grc' dir='ltr'>καὶ</span> <span class='ocrx_word' id='word_1_27' title='bbox 1619 663 1960 736; x_wconf 82' lang='grc' dir='ltr'>ένυποστῆνα</span> 
     </span>
    </p>
   </div>
   <div class='ocr_carea' id='block_1_5' title="bbox 2067 643 3686 750">
    <p class='ocr_par' dir='ltr' id='par_1_5' title="bbox 2087 670 3686 750">
     <span class='ocr_line' id='line_1_5' title="bbox 2087 670 3686 750; baseline 0.015 -27"><span class='ocrx_word' id='word_1_28' title='bbox 2087 670 2377 740; x_wconf 84' lang='lat' dir='ltr'><strong>acquirere</strong></span> <span class='ocrx_word' id='word_1_29' title='bbox 2396 684 2595 743; x_wconf 86' lang='lat' dir='ltr'><strong>potest,</strong></span> <span class='ocrx_word' id='word_1_30' title='bbox 2622 677 2813 748; x_wconf 86' lang='lat' dir='ltr'><strong>sicque</strong></span> <span class='ocrx_word' id='word_1_31' title='bbox 2842 678 2899 733; x_wconf 93' lang='lat' dir='ltr'><strong>in</strong></span> <span class='ocrx_word' id='word_1_32' title='bbox 2938 694 3177 750; x_wconf 89' lang='lat' dir='ltr'><strong>persona</strong></span> <span class='ocrx_word' id='word_1_33' title='bbox 3196 692 3401 739; x_wconf 63' lang='grc' dir='ltr'>αξιοι-ηε</span> <span class='ocrx_word' id='word_1_34' title='bbox 3427 687 3686 747; x_wconf 74' lang='lat' dir='ltr'><strong>subsistit</strong></span> 
     </span>
    </p>
   </div>
   <div class='ocr_carea' id='block_1_6' title="bbox 394 737 1966 849">
    <p class='ocr_par' dir='ltr' id='par_1_6' title="bbox 394 737 1960 824">
     <span class='ocr_line' id='line_1_6' title="bbox 394 737 1960 824; baseline 0.015 -36"><span class='ocrx_word' id='word_1_35' title='bbox 394 739 461 807; x_wconf 76' lang='grc' dir='ltr'><strong>τῇ</strong></span> <span class='ocrx_word' id='word_1_36' title='bbox 507 737 665 811; x_wconf 80' lang='grc' dir='ltr'><strong>ἀϊδίῳ</strong></span> <span class='ocrx_word' id='word_1_37' title='bbox 694 738 991 797; x_wconf 81' lang='grc' dir='ltr'><strong>ὑποστάσει</strong></span> <span class='ocrx_word' id='word_1_38' title='bbox 1030 742 1130 816; x_wconf 78' lang='grc' dir='ltr'>τὴν</span> <span class='ocrx_word' id='word_1_39' title='bbox 1161 746 1269 803; x_wconf 81' lang='grc' dir='ltr'>ὑπὸ</span> <span class='ocrx_word' id='word_1_40' title='bbox 1298 751 1490 822; x_wconf 84' lang='grc' dir='ltr'>χρόνον</span> <span class='ocrx_word' id='word_1_41' title='bbox 1524 753 1687 824; x_wconf 90' lang='grc' dir='ltr'>φύσιν</span> <span class='ocrx_word' id='word_1_42' title='bbox 1733 756 1960 812; x_wconf 87' lang='grc' dir='ltr'>δυνατόν</span> 
     </span>
    </p>
   </div>
   <div class='ocr_carea' id='block_1_7' title="bbox 2067 737 3683 849">
    <p class='ocr_par' dir='ltr' id='par_1_7' title="bbox 2084 737 3683 849">
     <span class='ocr_line' id='line_1_7' title="bbox 2084 737 3683 849; baseline 0.013 -33"><span class='ocrx_word' id='word_1_43' title='bbox 2084 737 2285 820; x_wconf 75' lang='lat' dir='ltr'><strong>natura</strong></span> <span class='ocrx_word' id='word_1_44' title='bbox 2335 737 2678 837; x_wconf 79' lang='lat' dir='ltr'><strong>temporalis.</strong></span> <span class='ocrx_word' id='word_1_45' title='bbox 2723 737 3041 828; x_wconf 51' lang='lat' dir='ltr'><strong>Soluta-est</strong></span> <span class='ocrx_word' id='word_1_46' title='bbox 3068 789 3201 846; x_wconf 82' lang='lat' dir='ltr'><strong>ergo</strong></span> <span class='ocrx_word' id='word_1_47' title='bbox 3251 775 3575 849; x_wconf 76' lang='lat' dir='ltr'><strong>difficultas;</strong></span> <span class='ocrx_word' id='word_1_48' title='bbox 3618 791 3683 838; x_wconf 88' lang='lat' dir='ltr'><strong>ut</strong></span> 
     </span>
    </p>
   </div>
   <div class='ocr_carea' id='block_1_8' title="bbox 396 830 1966 942">
    <p class='ocr_par' dir='ltr' id='par_1_8' title="bbox 396 830 1966 920">
     <span class='ocr_line' id='line_1_8' title="bbox 396 830 1966 920; baseline 0.013 -36"><span class='ocrx_word' id='word_1_49' title='bbox 396 832 489 884; x_wconf 76' lang='grc' dir='ltr'>καὶ</span> <span class='ocrx_word' id='word_1_50' title='bbox 518 830 739 887; x_wconf 79' lang='grc' dir='ltr'><strong>λέλυται</strong></span> <span class='ocrx_word' id='word_1_51' title='bbox 766 836 875 890; x_wconf 84' lang='grc' dir='ltr'><strong>πᾶν</strong></span> <span class='ocrx_word' id='word_1_52' title='bbox 914 836 1034 891; x_wconf 89' lang='grc' dir='ltr'>τόδε</span> <span class='ocrx_word' id='word_1_53' title='bbox 1060 839 1123 892; x_wconf 83' lang='grc' dir='ltr'><strong>τὸ</strong></span> <span class='ocrx_word' id='word_1_54' title='bbox 1154 840 1383 915; x_wconf 82' lang='grc' dir='ltr'>ἄπορον.</span> <span class='ocrx_word' id='word_1_55' title='bbox 1419 845 1578 901; x_wconf 81' lang='grc' dir='ltr'>Οὑτω</span> <span class='ocrx_word' id='word_1_56' title='bbox 1609 848 1720 920; x_wconf 84' lang='grc' dir='ltr'><strong>γὰρ</strong></span> <span class='ocrx_word' id='word_1_57' title='bbox 1756 851 1850 904; x_wconf 76' lang='grc' dir='ltr'>καὶ</span> <span class='ocrx_word' id='word_1_58' title='bbox 1874 852 1966 915; x_wconf 71' lang='grc' dir='ltr'>πᾶς</span> 
     </span>
    </p>
   </div>
   <div class='ocr_carea' id='block_1_9' title="bbox 2067 830 3679 942">
    <p class='ocr_par' dir='ltr' id='par_1_9' title="bbox 2085 830 3679 942">
     <span class='ocr_line' id='line_1_9' title="bbox 2085 830 3679 942; baseline 0.014 -34"><span class='ocrx_word' id='word_1_59' title='bbox 2085 856 2309 924; x_wconf 84' lang='lat' dir='ltr'><strong>quando</strong></span> <span class='ocrx_word' id='word_1_60' title='bbox 2337 830 2544 914; x_wconf 72' lang='lat' dir='ltr'><strong>dicitur</strong></span> <span class='ocrx_word' id='word_1_61' title='bbox 2600 869 2748 915; x_wconf 88' lang='lat' dir='ltr'><strong>totus</strong></span> <span class='ocrx_word' id='word_1_62' title='bbox 2793 862 3036 919; x_wconf 89' lang='lat' dir='ltr'><strong>mundus</strong></span> <span class='ocrx_word' id='word_1_63' title='bbox 3089 830 3187 937; x_wconf 65' lang='lat' dir='ltr'><strong>qu</strong></span> <span class='ocrx_word' id='word_1_64' title='bbox 3209 879 3431 925; x_wconf 87' lang='lat' dir='ltr'><strong>creatus</strong></span> <span class='ocrx_word' id='word_1_65' title='bbox 3463 880 3570 942; x_wconf 89' lang='lat' dir='ltr'><strong>est,</strong></span> <span class='ocrx_word' id='word_1_66' title='bbox 3618 873 3679 929; x_wconf 84' lang='lat' dir='ltr'><strong>in</strong></span> 
     </span>
    </p>
   </div>
   <div class='ocr_carea' id='block_1_10' title="bbox 395 923 1966 1023">
    <p class='ocr_par' dir='ltr' id='par_1_10' title="bbox 395 923 1966 1015">
     <span class='ocr_line' id='line_1_10' title="bbox 395 923 1966 1015; baseline 0.012 -36"><span class='ocrx_word' id='word_1_67' title='bbox 395 926 423 979; x_wconf 87' lang='grc' dir='ltr'>ὁ</span> <span class='ocrx_word' id='word_1_68' title='bbox 450 923 656 994; x_wconf 90' lang='grc' dir='ltr'>κόσμος</span> <span class='ocrx_word' id='word_1_69' title='bbox 703 930 934 999; x_wconf 83' lang='grc' dir='ltr'><strong>γενητὸς</strong></span> <span class='ocrx_word' id='word_1_70' title='bbox 967 928 1065 998; x_wconf 85' lang='grc' dir='ltr'><strong>ῶν,</strong></span> <span class='ocrx_word' id='word_1_71' title='bbox 1096 930 1177 1005; x_wconf 84' lang='grc' dir='ltr'><strong>τῷ</strong></span> <span class='ocrx_word' id='word_1_72' title='bbox 1215 934 1466 1009; x_wconf 78' lang='grc' dir='ltr'><strong>ἀγενήτῳ</strong></span> <span class='ocrx_word' id='word_1_73' title='bbox 1515 941 1836 1015; x_wconf 87' lang='grc' dir='ltr'>κοσμοποιῷ</span> <span class='ocrx_word' id='word_1_74' title='bbox 1864 943 1966 1015; x_wconf 70' lang='grc' dir='ltr'><strong>Θεᾷ</strong></span> 
     </span>
    </p>
   </div>
   <div class='ocr_carea' id='block_1_11' title="bbox 2067 923 3100 1023">
    <p class='ocr_par' dir='ltr' id='par_1_11' title="bbox 2084 945 3100 1023">
     <span class='ocr_line' id='line_1_11' title="bbox 2084 945 3100 1023; baseline 0.013 -23"><span class='ocrx_word' id='word_1_75' title='bbox 2084 945 2198 1001; x_wconf 93' lang='lat' dir='ltr'><strong>Deo</strong></span> <span class='ocrx_word' id='word_1_76' title='bbox 2224 957 2480 1006; x_wconf 81' lang='lat' dir='ltr'><strong>creatore</strong></span> <span class='ocrx_word' id='word_1_77' title='bbox 2500 950 2745 1023; x_wconf 79' lang='lat' dir='ltr'><strong>ingenito</strong></span> <span class='ocrx_word' id='word_1_78' title='bbox 2774 956 3100 1015; x_wconf 85' lang='lat' dir='ltr'><strong>subsistere.</strong></span> 
     </span>
    </p>
   </div>
   <div class='ocr_carea' id='block_1_12' title="bbox 394 1018 784 1091">
    <p class='ocr_par' dir='ltr' id='par_1_12' title="bbox 394 1018 784 1091">
     <span class='ocr_line' id='line_1_12' title="bbox 394 1018 784 1091; baseline 0.015 -20"><span class='ocrx_word' id='word_1_79' title='bbox 394 1018 784 1091; x_wconf 71' lang='grc' dir='ltr'>ἐνυφέστηκεν.</span> 
     </span>
    </p>
   </div>
   <div class='ocr_carea' id='block_1_13' title="bbox 972 1118 1398 1180">
    <p class='ocr_par' dir='ltr' id='par_1_13' title="bbox 972 1118 1398 1180">
     <span class='ocr_line' id='line_1_13' title="bbox 972 1118 1398 1180; baseline 0.014 -7"><span class='ocrx_word' id='word_1_80' title='bbox 972 1118 1225 1178; x_wconf 82' lang='grc' dir='ltr'>ΚΕΦΑΛ.</span> <span class='ocrx_word' id='word_1_81' title='bbox 1270 1124 1398 1180; x_wconf 85' lang='lat' dir='ltr'><strong>KA&#39;.</strong></span> 
     </span>
    </p>
   </div>
   <div class='ocr_carea' id='block_1_14' title="bbox 466 1206 1980 1294">
    <p class='ocr_par' dir='ltr' id='par_1_14' title="bbox 466 1206 1980 1294">
     <span class='ocr_line' id='line_1_14' title="bbox 466 1206 1980 1294; baseline 0.013 -35"><span class='ocrx_word' id='word_1_82' title='bbox 466 1206 535 1259; x_wconf 84' lang='grc' dir='ltr'><strong><em>Ἦ</em></strong></span> <span class='ocrx_word' id='word_1_83' title='bbox 563 1206 717 1261; x_wconf 81' lang='grc' dir='ltr'>οὐδὲν</span> <span class='ocrx_word' id='word_1_84' title='bbox 770 1209 1028 1266; x_wconf 89' lang='grc' dir='ltr'>σύνθετόν</span> <span class='ocrx_word' id='word_1_85' title='bbox 1057 1231 1224 1284; x_wconf 91' lang='grc' dir='ltr'>φασιν</span> <span class='ocrx_word' id='word_1_86' title='bbox 1252 1216 1311 1270; x_wconf 80' lang='grc' dir='ltr'>ὲν</span> <span class='ocrx_word' id='word_1_87' title='bbox 1336 1217 1582 1291; x_wconf 83' lang='grc' dir='ltr'><strong>Χριστῷ,</strong></span> <span class='ocrx_word' id='word_1_88' title='bbox 1627 1222 1660 1294; x_wconf 76' lang='grc' dir='ltr'>ἢ</span> <span class='ocrx_word' id='word_1_89' title='bbox 1696 1224 1788 1278; x_wconf 81' lang='grc' dir='ltr'>καὶ</span> <span class='ocrx_word' id='word_1_90' title='bbox 1817 1224 1980 1294; x_wconf 84' lang='grc' dir='ltr'><strong>φύσις</strong></span> 
     </span>
    </p>
   </div>
   <div class='ocr_carea' id='block_1_15' title="bbox 390 1296 1977 1381">
    <p class='ocr_par' dir='ltr' id='par_1_15' title="bbox 390 1296 1977 1381">
     <span class='ocr_line' id='line_1_15' title="bbox 390 1296 1977 1381; baseline 0.013 -31"><span class='ocrx_word' id='word_1_91' title='bbox 390 1296 484 1351; x_wconf 80' lang='grc' dir='ltr'><strong>καί</strong></span> <span class='ocrx_word' id='word_1_92' title='bbox 506 1297 827 1366; x_wconf 85' lang='grc' dir='ltr'>ὑπόστασις·</span> <span class='ocrx_word' id='word_1_93' title='bbox 859 1301 891 1374; x_wconf 86' lang='grc' dir='ltr'>ἢ</span> <span class='ocrx_word' id='word_1_94' title='bbox 924 1303 1087 1374; x_wconf 81' lang='grc' dir='ltr'><strong>φύσις</strong></span> <span class='ocrx_word' id='word_1_95' title='bbox 1118 1305 1220 1377; x_wconf 86' lang='grc' dir='ltr'>μὲν</span> <span class='ocrx_word' id='word_1_96' title='bbox 1249 1307 1417 1381; x_wconf 84' lang='grc' dir='ltr'>ἁπλῆ,</span> <span class='ocrx_word' id='word_1_97' title='bbox 1445 1310 1744 1378; x_wconf 79' lang='grc' dir='ltr'>ὑπόστασις</span> <span class='ocrx_word' id='word_1_98' title='bbox 1762 1316 1819 1369; x_wconf 82' lang='grc' dir='ltr'>δὲ</span> <span class='ocrx_word' id='word_1_99' title='bbox 1851 1316 1977 1369; x_wconf 86' lang='grc' dir='ltr'>σύν-</span> 
     </span>
    </p>
   </div>
   <div class='ocr_carea' id='block_1_16' title="bbox 390 1389 1980 1472">
    <p class='ocr_par' dir='ltr' id='par_1_16' title="bbox 390 1389 1980 1472">
     <span class='ocr_line' id='line_1_16' title="bbox 390 1389 1980 1472; baseline 0.012 -30"><span class='ocrx_word' id='word_1_100' title='bbox 390 1389 543 1456; x_wconf 88' lang='grc' dir='ltr'>θετος</span> <span class='ocrx_word' id='word_1_101' title='bbox 567 1405 583 1421; x_wconf 90' lang='grc'><strong>·</strong></span> <span class='ocrx_word' id='word_1_102' title='bbox 614 1392 648 1464; x_wconf 83' lang='grc' dir='ltr'>ἢ</span> <span class='ocrx_word' id='word_1_103' title='bbox 700 1394 972 1451; x_wconf 82' lang='grc' dir='ltr'>ἀνάπαλιν</span> <span class='ocrx_word' id='word_1_104' title='bbox 1010 1397 1175 1467; x_wconf 82' lang='grc' dir='ltr'>φύσις</span> <span class='ocrx_word' id='word_1_105' title='bbox 1216 1399 1317 1470; x_wconf 82' lang='grc' dir='ltr'>μὲν</span> <span class='ocrx_word' id='word_1_106' title='bbox 1354 1401 1633 1469; x_wconf 89' lang='grc' dir='ltr'>σύνθετος,</span> <span class='ocrx_word' id='word_1_107' title='bbox 1676 1396 1980 1472; x_wconf 78' lang='grc' dir='ltr'>ὑπόστασις</span> 
     </span>
    </p>
   </div>
   <div class='ocr_carea' id='block_1_17' title="bbox 388 1482 1979 1570">
    <p class='ocr_par' dir='ltr' id='par_1_17' title="bbox 388 1482 1979 1570">
     <span class='ocr_line' id='line_1_17' title="bbox 388 1482 1979 1570; baseline 0.013 -35"><span class='ocrx_word' id='word_1_108' title='bbox 388 1482 445 1536; x_wconf 81' lang='grc' dir='ltr'>δὲ</span> <span class='ocrx_word' id='word_1_109' title='bbox 468 1482 637 1554; x_wconf 82' lang='grc' dir='ltr'>ἁπλῆ·</span> <span class='ocrx_word' id='word_1_110' title='bbox 670 1486 718 1539; x_wconf 90' lang='grc' dir='ltr'><strong>εἰ</strong></span> <span class='ocrx_word' id='word_1_111' title='bbox 751 1487 851 1559; x_wconf 81' lang='grc' dir='ltr'>μὲν</span> <span class='ocrx_word' id='word_1_112' title='bbox 878 1483 971 1543; x_wconf 82' lang='grc' dir='ltr'><strong>οῦν</strong></span> <span class='ocrx_word' id='word_1_113' title='bbox 992 1490 1171 1545; x_wconf 86' lang='grc' dir='ltr'>πάντα</span> <span class='ocrx_word' id='word_1_114' title='bbox 1200 1492 1349 1547; x_wconf 79' lang='grc' dir='ltr'>ἁπλᾶ</span> <span class='ocrx_word' id='word_1_115' title='bbox 1376 1494 1447 1549; x_wconf 84' lang='grc' dir='ltr'>τὰ</span> <span class='ocrx_word' id='word_1_116' title='bbox 1479 1497 1539 1550; x_wconf 79' lang='grc' dir='ltr'>ἐν</span> <span class='ocrx_word' id='word_1_117' title='bbox 1562 1498 1733 1570; x_wconf 84' lang='grc' dir='ltr'>αὑτῷ,</span> <span class='ocrx_word' id='word_1_118' title='bbox 1766 1501 1979 1569; x_wconf 76' lang='grc' dir='ltr'>ψευδῶς</span> 
     </span>
    </p>
   </div>
   <div class='ocr_carea' id='block_1_18' title="bbox 390 1574 1979 1661">
    <p class='ocr_par' dir='ltr' id='par_1_18' title="bbox 390 1574 1979 1661">
     <span class='ocr_line' id='line_1_18' title="bbox 390 1574 1979 1661; baseline 0.013 -34"><span class='ocrx_word' id='word_1_119' title='bbox 390 1574 636 1631; x_wconf 89' lang='grc' dir='ltr'>σύνθεσιν</span> <span class='ocrx_word' id='word_1_120' title='bbox 682 1579 981 1649; x_wconf 72' lang='grc' dir='ltr'><strong>ὀνομάζετε</strong></span> <span class='ocrx_word' id='word_1_121' title='bbox 1012 1583 1100 1635; x_wconf 73' lang='grc' dir='ltr'><strong>ἐπ’</strong></span> <span class='ocrx_word' id='word_1_122' title='bbox 1134 1583 1334 1640; x_wconf 87' lang='grc' dir='ltr'>αὑτοῦ·</span> <span class='ocrx_word' id='word_1_123' title='bbox 1367 1587 1416 1640; x_wconf 87' lang='grc' dir='ltr'><strong>εἰ</strong></span> <span class='ocrx_word' id='word_1_124' title='bbox 1444 1587 1559 1661; x_wconf 57' lang='lat' dir='ltr'><strong>sua</strong></span> <span class='ocrx_word' id='word_1_125' title='bbox 1588 1607 1649 1643; x_wconf 92' lang='grc' dir='ltr'>τε</span> <span class='ocrx_word' id='word_1_126' title='bbox 1680 1591 1843 1661; x_wconf 81' lang='grc' dir='ltr'>φύσις</span> <span class='ocrx_word' id='word_1_127' title='bbox 1882 1595 1979 1649; x_wconf 74' lang='grc' dir='ltr'><strong>καὶ</strong></span> 
     </span>
    </p>
   </div>
   <div class='ocr_carea' id='block_1_19' title="bbox 387 1667 1979 1758">
    <p class='ocr_par' dir='ltr' id='par_1_19' title="bbox 387 1667 1979 1758">
     <span class='ocr_line' id='line_1_19' title="bbox 387 1667 1979 1758; baseline 0.014 -38"><span class='ocrx_word' id='word_1_128' title='bbox 387 1667 687 1734; x_wconf 82' lang='grc' dir='ltr'>ὑπόστασις</span> <span class='ocrx_word' id='word_1_129' title='bbox 720 1672 884 1726; x_wconf 87' lang='grc' dir='ltr'>αὑτοῦ</span> <span class='ocrx_word' id='word_1_130' title='bbox 936 1673 1203 1742; x_wconf 86' lang='grc' dir='ltr'>σύνθετοι,</span> <span class='ocrx_word' id='word_1_131' title='bbox 1239 1678 1293 1732; x_wconf 83' lang='grc' dir='ltr'><strong>τί</strong></span> <span class='ocrx_word' id='word_1_132' title='bbox 1343 1680 1408 1751; x_wconf 73' lang='grc' dir='ltr'>δὴ</span> <span class='ocrx_word' id='word_1_133' title='bbox 1442 1682 1551 1753; x_wconf 79' lang='grc' dir='ltr'>ἄρα</span> <span class='ocrx_word' id='word_1_134' title='bbox 1582 1686 1711 1748; x_wconf 78' lang='grc' dir='ltr'>τοὺς</span> <span class='ocrx_word' id='word_1_135' title='bbox 1750 1687 1979 1758; x_wconf 79' lang='grc' dir='ltr'>Σεϐηρί-</span> 
     </span>
    </p>
   </div>
   <div class='ocr_carea' id='block_1_20' title="bbox 385 1760 1976 1847">
    <p class='ocr_par' dir='ltr' id='par_1_20' title="bbox 385 1760 1976 1847">
     <span class='ocr_line' id='line_1_20' title="bbox 385 1760 1976 1847; baseline 0.014 -35"><span class='ocrx_word' id='word_1_136' title='bbox 385 1777 484 1823; x_wconf 88' lang='grc' dir='ltr'><strong>τας</strong></span> <span class='ocrx_word' id='word_1_137' title='bbox 525 1760 884 1831; x_wconf 73' lang='grc' dir='ltr'>ἁποσείεσθες</span> <span class='ocrx_word' id='word_1_138' title='bbox 931 1767 982 1819; x_wconf 87' lang='grc' dir='ltr'>εἰ</span> <span class='ocrx_word' id='word_1_139' title='bbox 1028 1767 1087 1822; x_wconf 84' lang='grc' dir='ltr'>δὲ</span> <span class='ocrx_word' id='word_1_140' title='bbox 1135 1770 1193 1823; x_wconf 87' lang='grc' dir='ltr'><strong>αἰ</strong></span> <span class='ocrx_word' id='word_1_141' title='bbox 1242 1770 1437 1840; x_wconf 88' lang='grc' dir='ltr'>φύσεις</span> <span class='ocrx_word' id='word_1_142' title='bbox 1480 1774 1581 1844; x_wconf 81' lang='grc' dir='ltr'>μὲν</span> <span class='ocrx_word' id='word_1_143' title='bbox 1631 1776 1822 1845; x_wconf 81' lang='grc' dir='ltr'><strong>ἁπλαῖ,</strong></span> <span class='ocrx_word' id='word_1_144' title='bbox 1855 1781 1887 1847; x_wconf 86' lang='grc' dir='ltr'>ἡ</span> <span class='ocrx_word' id='word_1_145' title='bbox 1917 1780 1976 1834; x_wconf 83' lang='grc' dir='ltr'>δὲ</span> 
     </span>
    </p>
   </div>
   <div class='ocr_carea' id='block_1_21' title="bbox 383 1851 1969 1938">
    <p class='ocr_par' dir='ltr' id='par_1_21' title="bbox 383 1851 1969 1938">
     <span class='ocr_line' id='line_1_21' title="bbox 383 1851 1969 1938; baseline 0.013 -35"><span class='ocrx_word' id='word_1_146' title='bbox 383 1851 681 1917; x_wconf 87' lang='grc' dir='ltr'>ὑπόστασις</span> <span class='ocrx_word' id='word_1_147' title='bbox 714 1853 970 1921; x_wconf 89' lang='grc' dir='ltr'>σύνθετος</span> <span class='ocrx_word' id='word_1_148' title='bbox 1004 1858 1133 1928; x_wconf 83' lang='grc' dir='ltr'>ὑμῖν</span> <span class='ocrx_word' id='word_1_149' title='bbox 1168 1859 1336 1927; x_wconf 80' lang='grc' dir='ltr'>δοκεῖ,</span> <span class='ocrx_word' id='word_1_150' title='bbox 1368 1863 1604 1938; x_wconf 78' lang='grc' dir='ltr'>ἐπείπερ</span> <span class='ocrx_word' id='word_1_151' title='bbox 1649 1868 1799 1938; x_wconf 85' lang='grc' dir='ltr'>ἁπλῆ</span> <span class='ocrx_word' id='word_1_152' title='bbox 1833 1870 1969 1923; x_wconf 86' lang='grc' dir='ltr'>ὑπό-</span> 
     </span>
    </p>
   </div>
   <div class='ocr_carea' id='block_1_22' title="bbox 383 1940 1971 2031">
    <p class='ocr_par' dir='ltr' id='par_1_22' title="bbox 383 1940 1971 2031">
     <span class='ocr_line' id='line_1_22' title="bbox 383 1940 1971 2031; baseline 0.014 -36"><span class='ocrx_word' id='word_1_153' title='bbox 383 1943 574 2008; x_wconf 91' lang='grc' dir='ltr'>στάσις</span> <span class='ocrx_word' id='word_1_154' title='bbox 604 1940 748 2031; x_wconf 76' lang='grc' dir='ltr'>εἶναι</span> <span class='ocrx_word' id='word_1_155' title='bbox 778 1949 811 2019; x_wconf 79' lang='grc' dir='ltr'><strong>ή</strong></span> <span class='ocrx_word' id='word_1_156' title='bbox 845 1948 939 2002; x_wconf 91' lang='grc' dir='ltr'><strong>τοῦ</strong></span> <span class='ocrx_word' id='word_1_157' title='bbox 975 1950 1153 2020; x_wconf 86' lang='grc' dir='ltr'>Λόγου</span> <span class='ocrx_word' id='word_1_158' title='bbox 1190 1953 1562 2027; x_wconf 84' lang='grc' dir='ltr'>ὡμολόγηται,</span> <span class='ocrx_word' id='word_1_159' title='bbox 1594 1959 1722 2031; x_wconf 83' lang='grc' dir='ltr'>ὑμῖν</span> <span class='ocrx_word' id='word_1_160' title='bbox 1750 1961 1807 2016; x_wconf 83' lang='grc' dir='ltr'>δὲ</span> <span class='ocrx_word' id='word_1_161' title='bbox 1840 1963 1971 2019; x_wconf 88' lang='grc' dir='ltr'>σύν-</span> 
     </span>
    </p>
   </div>
   <div class='ocr_carea' id='block_1_23' title="bbox 382 2028 1971 2123">
    <p class='ocr_par' dir='ltr' id='par_1_23' title="bbox 382 2028 1971 2123">
     <span class='ocr_line' id='line_1_23' title="bbox 382 2028 1971 2123; baseline 0.016 -37"><span class='ocrx_word' id='word_1_162' title='bbox 382 2032 535 2099; x_wconf 88' lang='grc' dir='ltr'>θετος</span> <span class='ocrx_word' id='word_1_163' title='bbox 572 2028 713 2091; x_wconf 76' lang='grc' dir='ltr'>εἶναι</span> <span class='ocrx_word' id='word_1_164' title='bbox 750 2038 784 2108; x_wconf 79' lang='grc' dir='ltr'><strong>ἡ</strong></span> <span class='ocrx_word' id='word_1_165' title='bbox 812 2038 907 2094; x_wconf 89' lang='grc' dir='ltr'><strong>τοῦ</strong></span> <span class='ocrx_word' id='word_1_166' title='bbox 932 2041 1171 2113; x_wconf 82' lang='grc' dir='ltr'>Χριστοῦ</span> <span class='ocrx_word' id='word_1_167' title='bbox 1203 2044 1446 2115; x_wconf 85' lang='grc' dir='ltr'>λέγεται,</span> <span class='ocrx_word' id='word_1_168' title='bbox 1467 2048 1561 2103; x_wconf 89' lang='grc' dir='ltr'><strong>δύο</strong></span> <span class='ocrx_word' id='word_1_169' title='bbox 1591 2028 1701 2123; x_wconf 78' lang='grc' dir='ltr'>ἄρα</span> <span class='ocrx_word' id='word_1_170' title='bbox 1729 2053 1971 2112; x_wconf 88' lang='grc' dir='ltr'>ὑποστὰ-</span> 
     </span>
    </p>
   </div>
   <div class='ocr_carea' id='block_1_24' title="bbox 382 2127 1967 2217">
    <p class='ocr_par' dir='ltr' id='par_1_24' title="bbox 382 2127 1967 2217">
     <span class='ocr_line' id='line_1_24' title="bbox 382 2127 1967 2217; baseline 0.017 -41"><span class='ocrx_word' id='word_1_171' title='bbox 382 2140 498 2189; x_wconf 88' lang='grc' dir='ltr'>σεις</span> <span class='ocrx_word' id='word_1_172' title='bbox 527 2127 635 2180; x_wconf 78' lang='grc' dir='ltr'>εἰσὶ</span> <span class='ocrx_word' id='word_1_173' title='bbox 674 2130 883 2198; x_wconf 84' lang='grc' dir='ltr'>σαφῶς,</span> <span class='ocrx_word' id='word_1_174' title='bbox 910 2132 946 2203; x_wconf 81' lang='grc' dir='ltr'><strong>ἧ</strong></span> <span class='ocrx_word' id='word_1_175' title='bbox 979 2150 1041 2186; x_wconf 92' lang='grc' dir='ltr'><strong>τε</strong></span> <span class='ocrx_word' id='word_1_176' title='bbox 1081 2134 1177 2188; x_wconf 91' lang='grc' dir='ltr'><strong>τοῦ</strong></span> <span class='ocrx_word' id='word_1_177' title='bbox 1228 2137 1405 2206; x_wconf 85' lang='grc' dir='ltr'>Λόγου</span> <span class='ocrx_word' id='word_1_178' title='bbox 1445 2142 1540 2195; x_wconf 77' lang='grc' dir='ltr'>καὶ</span> <span class='ocrx_word' id='word_1_179' title='bbox 1575 2142 1670 2197; x_wconf 91' lang='grc' dir='ltr'><strong>τοῦ</strong></span> <span class='ocrx_word' id='word_1_180' title='bbox 1703 2146 1967 2217; x_wconf 83' lang='grc' dir='ltr'>Χριστοῦ.</span> 
     </span>
    </p>
   </div>
   <div class='ocr_carea' id='block_1_25' title="bbox 393 2213 1970 2310">
    <p class='ocr_par' dir='ltr' id='par_1_25' title="bbox 393 2213 1970 2310">
     <span class='ocr_line' id='line_1_25' title="bbox 393 2213 1970 2310; baseline 0.018 -41"><span class='ocrx_word' id='word_1_181' title='bbox 393 2217 555 2285; x_wconf 81' lang='grc' dir='ltr'>’Δλλ’,</span> <span class='ocrx_word' id='word_1_182' title='bbox 572 2213 618 2274; x_wconf 84' lang='grc' dir='ltr'>ὧ</span> <span class='ocrx_word' id='word_1_183' title='bbox 637 2214 806 2291; x_wconf 75' lang='grc' dir='ltr'>οὗτοι,</span> <span class='ocrx_word' id='word_1_184' title='bbox 835 2226 1052 2297; x_wconf 90' lang='grc' dir='ltr'>πρῶτον</span> <span class='ocrx_word' id='word_1_185' title='bbox 1081 2230 1180 2300; x_wconf 83' lang='grc' dir='ltr'>μὲν</span> <span class='ocrx_word' id='word_1_186' title='bbox 1195 2229 1263 2285; x_wconf 85' lang='grc' dir='ltr'><strong>τά</strong></span> <span class='ocrx_word' id='word_1_187' title='bbox 1285 2232 1431 2286; x_wconf 83' lang='grc' dir='ltr'>ἁπλᾶ</span> <span class='ocrx_word' id='word_1_188' title='bbox 1449 2213 1841 2310; x_wconf 74' lang='grc' dir='ltr'>ἐμπεριέχεται</span> <span class='ocrx_word' id='word_1_189' title='bbox 1856 2245 1970 2308; x_wconf 88' lang='grc' dir='ltr'>τοῖς</span> 
     </span>
    </p>
   </div>
   <div class='ocr_carea' id='block_1_26' title="bbox 381 2311 1970 2407">
    <p class='ocr_par' dir='ltr' id='par_1_26' title="bbox 381 2311 1970 2407">
     <span class='ocr_line' id='line_1_26' title="bbox 381 2311 1970 2407; baseline 0.016 -44"><span class='ocrx_word' id='word_1_190' title='bbox 381 2311 687 2378; x_wconf 82' lang='grc' dir='ltr'>συνθέτοις·</span> <span class='ocrx_word' id='word_1_191' title='bbox 723 2314 865 2370; x_wconf 86' lang='grc' dir='ltr'>ῶστε</span> <span class='ocrx_word' id='word_1_192' title='bbox 898 2318 994 2372; x_wconf 90' lang='grc' dir='ltr'><strong>τοῦ</strong></span> <span class='ocrx_word' id='word_1_193' title='bbox 1024 2320 1198 2390; x_wconf 88' lang='grc' dir='ltr'>Λόγου</span> <span class='ocrx_word' id='word_1_194' title='bbox 1248 2324 1420 2397; x_wconf 83' lang='grc' dir='ltr'>αὐτὴν</span> <span class='ocrx_word' id='word_1_195' title='bbox 1447 2328 1667 2400; x_wconf 82' lang='grc' dir='ltr'>νοητέον</span> <span class='ocrx_word' id='word_1_196' title='bbox 1694 2328 1837 2387; x_wconf 78' lang='grc' dir='ltr'>εἶναι</span> <span class='ocrx_word' id='word_1_197' title='bbox 1871 2334 1970 2407; x_wconf 82' lang='grc' dir='ltr'>τὴν</span> 
     </span>
    </p>
   </div>
   <div class='ocr_carea' id='block_1_27' title="bbox 378 2405 1969 2499">
    <p class='ocr_par' dir='ltr' id='par_1_27' title="bbox 378 2405 1969 2499">
     <span class='ocr_line' id='line_1_27' title="bbox 378 2405 1969 2499; baseline 0.017 -42"><span class='ocrx_word' id='word_1_198' title='bbox 378 2405 471 2458; x_wconf 78' lang='grc' dir='ltr'>καὶ</span> <span class='ocrx_word' id='word_1_199' title='bbox 495 2407 676 2479; x_wconf 80' lang='grc' dir='ltr'>ἁπλῆν</span> <span class='ocrx_word' id='word_1_200' title='bbox 702 2409 894 2482; x_wconf 86' lang='grc' dir='ltr'>πρώην</span> <span class='ocrx_word' id='word_1_201' title='bbox 921 2415 1015 2467; x_wconf 76' lang='grc' dir='ltr'>καὶ</span> <span class='ocrx_word' id='word_1_202' title='bbox 1044 2414 1301 2473; x_wconf 91' lang='grc' dir='ltr'>σύνθετον</span> <span class='ocrx_word' id='word_1_203' title='bbox 1321 2419 1418 2473; x_wconf 89' lang='grc' dir='ltr'><strong>νῦν</strong></span> <span class='ocrx_word' id='word_1_204' title='bbox 1450 2422 1509 2475; x_wconf 82' lang='grc' dir='ltr'>ὲν</span> <span class='ocrx_word' id='word_1_205' title='bbox 1541 2424 1784 2497; x_wconf 81' lang='grc' dir='ltr'>Χριστῷ·</span> <span class='ocrx_word' id='word_1_206' title='bbox 1818 2405 1969 2499; x_wconf 82' lang='grc' dir='ltr'>ὅμως</span> 
     </span>
    </p>
   </div>
   <div class='ocr_carea' id='block_1_28' title="bbox 380 2499 1968 2591">
    <p class='ocr_par' dir='ltr' id='par_1_28' title="bbox 380 2499 1968 2591">
     <span class='ocr_line' id='line_1_28' title="bbox 380 2499 1968 2591; baseline 0.016 -41"><span class='ocrx_word' id='word_1_207' title='bbox 380 2499 561 2569; x_wconf 86' lang='grc' dir='ltr'>μέντοι</span> <span class='ocrx_word' id='word_1_208' title='bbox 582 2503 678 2556; x_wconf 72' lang='grc' dir='ltr'><strong>καὶ</strong></span> <span class='ocrx_word' id='word_1_209' title='bbox 714 2505 776 2557; x_wconf 86' lang='grc' dir='ltr'><strong>τὸ</strong></span> <span class='ocrx_word' id='word_1_210' title='bbox 805 2505 1059 2561; x_wconf 85' lang='grc' dir='ltr'>σύνθετον</span> <span class='ocrx_word' id='word_1_211' title='bbox 1086 2510 1239 2576; x_wconf 84' lang='grc' dir='ltr'>ὅπως</span> <span class='ocrx_word' id='word_1_212' title='bbox 1267 2511 1488 2582; x_wconf 88' lang='grc' dir='ltr'>λέγεται</span> <span class='ocrx_word' id='word_1_213' title='bbox 1542 2518 1673 2590; x_wconf 75' lang='grc' dir='ltr'>περὶ</span> <span class='ocrx_word' id='word_1_214' title='bbox 1701 2520 1802 2591; x_wconf 81' lang='grc' dir='ltr'>τῆς</span> <span class='ocrx_word' id='word_1_215' title='bbox 1831 2522 1968 2575; x_wconf 77' lang='grc' dir='ltr'>ὑπο-</span> 
     </span>
    </p>
   </div>
   <div class='ocr_carea' id='block_1_29' title="bbox 378 2597 1970 2681">
    <p class='ocr_par' dir='ltr' id='par_1_29' title="bbox 378 2597 1970 2681">
     <span class='ocr_line' id='line_1_29' title="bbox 378 2597 1970 2681; baseline 0.014 -35"><span class='ocrx_word' id='word_1_216' title='bbox 378 2597 623 2660; x_wconf 75' lang='grc' dir='ltr'>στάσεως</span> <span class='ocrx_word' id='word_1_217' title='bbox 656 2597 895 2669; x_wconf 82' lang='grc' dir='ltr'>Χριστοῦ</span> <span class='ocrx_word' id='word_1_218' title='bbox 919 2639 935 2666; x_wconf 93' lang='grc'><strong>,</strong></span> <span class='ocrx_word' id='word_1_219' title='bbox 966 2599 1352 2676; x_wconf 81' lang='grc' dir='ltr'>διασαφητέον·</span> <span class='ocrx_word' id='word_1_220' title='bbox 1389 2604 1506 2662; x_wconf 78' lang='grc' dir='ltr'>ἐστι</span> <span class='ocrx_word' id='word_1_221' title='bbox 1532 2609 1643 2681; x_wconf 79' lang='grc' dir='ltr'><strong>γὰρ</strong></span> <span class='ocrx_word' id='word_1_222' title='bbox 1674 2614 1771 2666; x_wconf 77' lang='grc' dir='ltr'>καὶ</span> <span class='ocrx_word' id='word_1_223' title='bbox 1802 2612 1867 2667; x_wconf 79' lang='grc' dir='ltr'>ἔκ</span> <span class='ocrx_word' id='word_1_224' title='bbox 1893 2631 1970 2668; x_wconf 83' lang='grc' dir='ltr'>τι-</span> 
     </span>
    </p>
   </div>
   <div class='ocr_carea' id='block_1_30' title="bbox 373 2688 1971 2774">
    <p class='ocr_par' dir='ltr' id='par_1_30' title="bbox 373 2688 1971 2774">
     <span class='ocr_line' id='line_1_30' title="bbox 373 2688 1971 2774; baseline 0.012 -32"><span class='ocrx_word' id='word_1_225' title='bbox 373 2704 482 2742; x_wconf 87' lang='grc' dir='ltr'><strong>νων</strong></span> <span class='ocrx_word' id='word_1_226' title='bbox 509 2688 620 2742; x_wconf 88' lang='grc' dir='ltr'><strong>τῶν</strong></span> <span class='ocrx_word' id='word_1_227' title='bbox 654 2692 797 2743; x_wconf 87' lang='grc' dir='ltr'><strong>κατὰ</strong></span> <span class='ocrx_word' id='word_1_228' title='bbox 826 2692 1023 2746; x_wconf 79' lang='grc' dir='ltr'>ταυτὸν</span> <span class='ocrx_word' id='word_1_229' title='bbox 1054 2695 1151 2748; x_wconf 87' lang='grc' dir='ltr'>τοῦ</span> <span class='ocrx_word' id='word_1_230' title='bbox 1186 2697 1447 2753; x_wconf 79' lang='grc' dir='ltr'>συνθέτου</span> <span class='ocrx_word' id='word_1_231' title='bbox 1503 2704 1833 2774; x_wconf 86' lang='grc' dir='ltr'>πράγματος</span> <span class='ocrx_word' id='word_1_232' title='bbox 1881 2706 1971 2761; x_wconf 89' lang='grc' dir='ltr'>λό-</span> 
     </span>
    </p>
   </div>
   <div class='ocr_carea' id='block_1_31' title="bbox 373 2783 1967 2868">
    <p class='ocr_par' dir='ltr' id='par_1_31' title="bbox 373 2783 1967 2868">
     <span class='ocr_line' id='line_1_31' title="bbox 373 2783 1967 2868; baseline 0.012 -33"><span class='ocrx_word' id='word_1_233' title='bbox 373 2798 490 2850; x_wconf 90' lang='grc' dir='ltr'><strong>γων</strong></span> <span class='ocrx_word' id='word_1_234' title='bbox 541 2783 922 2855; x_wconf 81' lang='grc' dir='ltr'>ἁπλουστέραν</span> <span class='ocrx_word' id='word_1_235' title='bbox 968 2787 1156 2857; x_wconf 87' lang='grc' dir='ltr'>μέντοι</span> <span class='ocrx_word' id='word_1_236' title='bbox 1203 2787 1345 2845; x_wconf 78' lang='grc' dir='ltr'>εἷναί</span> <span class='ocrx_word' id='word_1_237' title='bbox 1395 2811 1515 2861; x_wconf 86' lang='grc' dir='ltr'><strong>πως</strong></span> <span class='ocrx_word' id='word_1_238' title='bbox 1563 2796 1666 2868; x_wconf 80' lang='grc' dir='ltr'>τὴν</span> <span class='ocrx_word' id='word_1_239' title='bbox 1715 2798 1967 2854; x_wconf 88' lang='grc' dir='ltr'>σύνθεσιν</span> 
     </span>
    </p>
   </div>
   <div class='ocr_carea' id='block_1_32' title="bbox 372 2875 1967 2960">
    <p class='ocr_par' dir='ltr' id='par_1_32' title="bbox 372 2875 1967 2960">
     <span class='ocr_line' id='line_1_32' title="bbox 372 2875 1967 2960; baseline 0.012 -32"><span class='ocrx_word' id='word_1_240' title='bbox 372 2875 573 2930; x_wconf 85' lang='grc' dir='ltr'>αὑτοῦ·</span> <span class='ocrx_word' id='word_1_241' title='bbox 618 2879 714 2932; x_wconf 78' lang='grc' dir='ltr'>καὶ</span> <span class='ocrx_word' id='word_1_242' title='bbox 764 2878 916 2933; x_wconf 77' lang='grc' dir='ltr'>ἔστιν</span> <span class='ocrx_word' id='word_1_243' title='bbox 965 2881 1027 2946; x_wconf 78' lang='grc' dir='ltr'>ἐξ</span> <span class='ocrx_word' id='word_1_244' title='bbox 1079 2883 1396 2956; x_wconf 82' lang='grc' dir='ltr'>έτεροειδῶν</span> <span class='ocrx_word' id='word_1_245' title='bbox 1430 2889 1813 2960; x_wconf 83' lang='grc' dir='ltr'>πραγμάτων·</span> <span class='ocrx_word' id='word_1_246' title='bbox 1854 2886 1967 2947; x_wconf 76' lang='grc' dir='ltr'>οἷον</span> 
     </span>
    </p>
   </div>
   <div class='ocr_carea' id='block_1_33' title="bbox 373 2970 1966 3055">
    <p class='ocr_par' dir='ltr' id='par_1_33' title="bbox 373 2970 1966 3055">
     <span class='ocr_line' id='line_1_33' title="bbox 373 2970 1966 3055; baseline 0.01 -33"><span class='ocrx_word' id='word_1_247' title='bbox 373 2970 523 3023; x_wconf 76' lang='grc' dir='ltr'>ἔστιν</span> <span class='ocrx_word' id='word_1_248' title='bbox 581 2970 642 3037; x_wconf 78' lang='grc' dir='ltr'>ἐξ</span> <span class='ocrx_word' id='word_1_249' title='bbox 712 2971 1100 3045; x_wconf 83' lang='grc' dir='ltr'>ἁπλουστέρων</span> <span class='ocrx_word' id='word_1_250' title='bbox 1166 2978 1510 3049; x_wconf 83' lang='grc' dir='ltr'>φαρμάκων,</span> <span class='ocrx_word' id='word_1_251' title='bbox 1576 2982 1966 3055; x_wconf 88' lang='grc' dir='ltr'>ποικιλώτερον</span> 
     </span>
    </p>
   </div>
   <div class='ocr_carea' id='block_1_34' title="bbox 374 3065 1961 3147">
    <p class='ocr_par' dir='ltr' id='par_1_34' title="bbox 374 3065 1961 3147">
     <span class='ocr_line' id='line_1_34' title="bbox 374 3065 1961 3147; baseline 0.008 -30"><span class='ocrx_word' id='word_1_252' title='bbox 374 3066 648 3117; x_wconf 79' lang='grc' dir='ltr'>συνθεῖναι</span> <span class='ocrx_word' id='word_1_253' title='bbox 680 3065 990 3137; x_wconf 83' lang='grc' dir='ltr'>φάρμακον·</span> <span class='ocrx_word' id='word_1_254' title='bbox 1030 3068 1127 3121; x_wconf 80' lang='grc' dir='ltr'>καὶ</span> <span class='ocrx_word' id='word_1_255' title='bbox 1150 3071 1215 3122; x_wconf 86' lang='grc' dir='ltr'>ὲκ</span> <span class='ocrx_word' id='word_1_256' title='bbox 1250 3071 1538 3141; x_wconf 86' lang='grc' dir='ltr'>σωμάτων,</span> <span class='ocrx_word' id='word_1_257' title='bbox 1569 3073 1727 3145; x_wconf 90' lang='grc' dir='ltr'>σῶμα</span> <span class='ocrx_word' id='word_1_258' title='bbox 1756 3075 1961 3147; x_wconf 76' lang='grc' dir='ltr'>ἕτερον·</span> 
     </span>
    </p>
   </div>
   <div class='ocr_carea' id='block_1_35' title="bbox 370 3155 1966 3238">
    <p class='ocr_par' dir='ltr' id='par_1_35' title="bbox 370 3155 1966 3238">
     <span class='ocr_line' id='line_1_35' title="bbox 370 3155 1966 3238; baseline 0.009 -27"><span class='ocrx_word' id='word_1_259' title='bbox 370 3156 468 3211; x_wconf 60' lang='grc' dir='ltr'>καὶ</span> <span class='ocrx_word' id='word_1_260' title='bbox 492 3155 599 3210; x_wconf 80' lang='grc' dir='ltr'><strong>ἀπὸ</strong></span> <span class='ocrx_word' id='word_1_261' title='bbox 632 3156 832 3224; x_wconf 82' lang='grc' dir='ltr'>λέξεων</span> <span class='ocrx_word' id='word_1_262' title='bbox 860 3157 1070 3225; x_wconf 84' lang='grc' dir='ltr'>ἁπλῶν,</span> <span class='ocrx_word' id='word_1_263' title='bbox 1102 3158 1246 3226; x_wconf 82' lang='grc' dir='ltr'>λέξιν</span> <span class='ocrx_word' id='word_1_264' title='bbox 1281 3163 1537 3218; x_wconf 86' lang='grc' dir='ltr'>σύνθετον</span> <span class='ocrx_word' id='word_1_265' title='bbox 1564 3166 1813 3238; x_wconf 83' lang='grc' dir='ltr'>ποιῆσαι·</span> <span class='ocrx_word' id='word_1_266' title='bbox 1849 3169 1966 3225; x_wconf 80' lang='grc' dir='ltr'>ἔστι</span> 
     </span>
    </p>
   </div>
   <div class='ocr_carea' id='block_1_36' title="bbox 369 3244 2036 3351">
    <p class='ocr_par' dir='ltr' id='par_1_36' title="bbox 369 3244 2036 3351">
     <span class='ocr_line' id='line_1_36' title="bbox 369 3244 2036 3351; baseline 0.01 -49"><span class='ocrx_word' id='word_1_267' title='bbox 369 3249 415 3302; x_wconf 83' lang='grc' dir='ltr'>δ’</span> <span class='ocrx_word' id='word_1_268' title='bbox 448 3244 543 3303; x_wconf 82' lang='grc' dir='ltr'>οὖν</span> <span class='ocrx_word' id='word_1_269' title='bbox 574 3249 673 3304; x_wconf 70' lang='grc' dir='ltr'>καὶ</span> <span class='ocrx_word' id='word_1_270' title='bbox 716 3250 826 3305; x_wconf 78' lang='grc' dir='ltr'><strong>ἀπὸ</strong></span> <span class='ocrx_word' id='word_1_271' title='bbox 873 3251 1229 3309; x_wconf 83' lang='grc' dir='ltr'>ὑποστάσεων</span> <span class='ocrx_word' id='word_1_272' title='bbox 1255 3254 1518 3313; x_wconf 88' lang='grc' dir='ltr'>πλειόνων</span> <span class='ocrx_word' id='word_1_273' title='bbox 1563 3260 1693 3330; x_wconf 88' lang='grc' dir='ltr'>μίαν</span> <span class='ocrx_word' id='word_1_274' title='bbox 1727 3261 1965 3318; x_wconf 86' lang='grc' dir='ltr'>ὑπόστα-</span> <span class='ocrx_word' id='word_1_275' title='bbox 1990 3286 2036 3351; x_wconf 75' lang='lat' dir='ltr'><strong><em>C</em></strong></span> 
     </span>
    </p>
   </div>
   <div class='ocr_carea' id='block_1_37' title="bbox 372 3345 1962 3421">
    <p class='ocr_par' dir='ltr' id='par_1_37' title="bbox 372 3345 1962 3421">
     <span class='ocr_line' id='line_1_37' title="bbox 372 3345 1962 3421; baseline 0.01 -25"><span class='ocrx_word' id='word_1_276' title='bbox 372 3360 461 3397; x_wconf 86' lang='grc' dir='ltr'><strong>σιν</strong></span> <span class='ocrx_word' id='word_1_277' title='bbox 486 3347 628 3399; x_wconf 86' lang='grc' dir='ltr'>νοεῖν</span> <span class='ocrx_word' id='word_1_278' title='bbox 662 3345 941 3414; x_wconf 86' lang='grc' dir='ltr'>σύνθετον,</span> <span class='ocrx_word' id='word_1_279' title='bbox 979 3347 1055 3413; x_wconf 88' lang='grc' dir='ltr'>ὡς</span> <span class='ocrx_word' id='word_1_280' title='bbox 1094 3349 1187 3403; x_wconf 78' lang='grc' dir='ltr'><strong>ἐπὶ</strong></span> <span class='ocrx_word' id='word_1_281' title='bbox 1219 3351 1382 3421; x_wconf 90' lang='grc' dir='ltr'>χοροῦ</span> <span class='ocrx_word' id='word_1_282' title='bbox 1409 3352 1506 3405; x_wconf 78' lang='grc' dir='ltr'>καὶ</span> <span class='ocrx_word' id='word_1_283' title='bbox 1543 3353 1694 3410; x_wconf 70' lang='grc' dir='ltr'>οἴκου</span> <span class='ocrx_word' id='word_1_284' title='bbox 1729 3358 1825 3410; x_wconf 72' lang='grc' dir='ltr'><strong>καί¹</strong></span> <span class='ocrx_word' id='word_1_285' title='bbox 1853 3359 1962 3413; x_wconf 90' lang='grc' dir='ltr'><strong>τῶν</strong></span> 
     </span>
    </p>
   </div>
   <div class='ocr_carea' id='block_1_38' title="bbox 368 3426 1961 3520">
    <p class='ocr_par' dir='ltr' id='par_1_38' title="bbox 368 3426 1961 3520">
     <span class='ocr_line' id='line_1_38' title="bbox 368 3426 1961 3520; baseline 0.011 -32"><span class='ocrx_word' id='word_1_286' title='bbox 368 3436 611 3491; x_wconf 83' lang='grc' dir='ltr'>τοιῶνδε·</span> <span class='ocrx_word' id='word_1_287' title='bbox 646 3439 741 3493; x_wconf 76' lang='grc' dir='ltr'><strong>καὶ</strong></span> <span class='ocrx_word' id='word_1_288' title='bbox 774 3439 890 3493; x_wconf 80' lang='grc' dir='ltr'>ἔστι</span> <span class='ocrx_word' id='word_1_289' title='bbox 926 3426 1034 3494; x_wconf 80' lang='grc' dir='ltr'>άπὸ</span> <span class='ocrx_word' id='word_1_290' title='bbox 1068 3441 1291 3497; x_wconf 88' lang='grc' dir='ltr'>συνόδου</span> <span class='ocrx_word' id='word_1_291' title='bbox 1324 3444 1590 3500; x_wconf 84' lang='grc' dir='ltr'>πλειόνων</span> <span class='ocrx_word' id='word_1_292' title='bbox 1630 3448 1961 3520; x_wconf 76' lang='grc' dir='ltr'>ἰδιωμάτων,</span> 
     </span>
    </p>
   </div>
   <div class='ocr_carea' id='block_1_39' title="bbox 368 3527 1964 3612">
    <p class='ocr_par' dir='ltr' id='par_1_39' title="bbox 368 3527 1964 3612">
     <span class='ocr_line' id='line_1_39' title="bbox 368 3527 1964 3612; baseline 0.009 -32"><span class='ocrx_word' id='word_1_293' title='bbox 368 3528 431 3581; x_wconf 86' lang='grc' dir='ltr'><strong>οὑ</strong></span> <span class='ocrx_word' id='word_1_294' title='bbox 460 3527 568 3582; x_wconf 90' lang='grc' dir='ltr'><strong>τῶν</strong></span> <span class='ocrx_word' id='word_1_295' title='bbox 617 3528 713 3583; x_wconf 92' lang='grc' dir='ltr'>τοῦ</span> <span class='ocrx_word' id='word_1_296' title='bbox 745 3529 921 3598; x_wconf 87' lang='grc' dir='ltr'>Λόγου</span> <span class='ocrx_word' id='word_1_297' title='bbox 962 3531 1144 3602; x_wconf 86' lang='grc' dir='ltr'>μόνον,</span> <span class='ocrx_word' id='word_1_298' title='bbox 1176 3532 1312 3588; x_wconf 82' lang='grc' dir='ltr'>ἁ).λὰ</span> <span class='ocrx_word' id='word_1_299' title='bbox 1348 3534 1444 3588; x_wconf 75' lang='grc' dir='ltr'>καὶ</span> <span class='ocrx_word' id='word_1_300' title='bbox 1482 3535 1592 3590; x_wconf 91' lang='grc' dir='ltr'><strong>τῶν</strong></span> <span class='ocrx_word' id='word_1_301' title='bbox 1630 3539 1731 3610; x_wconf 83' lang='grc' dir='ltr'><strong>τῆς</strong></span> <span class='ocrx_word' id='word_1_302' title='bbox 1762 3541 1964 3612; x_wconf 82' lang='grc' dir='ltr'>σαρκὸς</span> 
     </span>
    </p>
   </div>
   <div class='ocr_carea' id='block_1_40' title="bbox 371 3620 1964 3701">
    <p class='ocr_par' dir='ltr' id='par_1_40' title="bbox 371 3620 1964 3701">
     <span class='ocr_line' id='line_1_40' title="bbox 371 3620 1964 3701; baseline 0.009 -28"><span class='ocrx_word' id='word_1_303' title='bbox 371 3620 740 3692; x_wconf 85' lang='grc' dir='ltr'>συγκειμένην</span> <span class='ocrx_word' id='word_1_304' title='bbox 772 3622 870 3693; x_wconf 87' lang='grc' dir='ltr'>τὴν</span> <span class='ocrx_word' id='word_1_305' title='bbox 919 3623 1221 3678; x_wconf 88' lang='grc' dir='ltr'>ὑπόστασιν</span> <span class='ocrx_word' id='word_1_306' title='bbox 1252 3626 1513 3697; x_wconf 88' lang='grc' dir='ltr'>Χριστοῦ·</span> <span class='ocrx_word' id='word_1_307' title='bbox 1561 3629 1594 3701; x_wconf 86' lang='grc' dir='ltr'>ῆ</span> <span class='ocrx_word' id='word_1_308' title='bbox 1636 3631 1701 3685; x_wconf 81' lang='grc' dir='ltr'>ὲκ</span> <span class='ocrx_word' id='word_1_309' title='bbox 1744 3633 1964 3701; x_wconf 90' lang='grc' dir='ltr'>φύσεων</span> 
     </span>
    </p>
   </div>
   <div class='ocr_carea' id='block_1_41' title="bbox 370 3712 1964 3795">
    <p class='ocr_par' dir='ltr' id='par_1_41' title="bbox 370 3712 1964 3795">
     <span class='ocr_line' id='line_1_41' title="bbox 370 3712 1964 3795; baseline 0.009 -29"><span class='ocrx_word' id='word_1_310' title='bbox 370 3713 670 3767; x_wconf 83' lang='grc' dir='ltr'>ὑπόστασιν</span> <span class='ocrx_word' id='word_1_311' title='bbox 699 3712 954 3768; x_wconf 88' lang='grc' dir='ltr'>σύνθετόν</span> <span class='ocrx_word' id='word_1_312' title='bbox 989 3732 1148 3785; x_wconf 87' lang='grc' dir='ltr'>φατε,</span> <span class='ocrx_word' id='word_1_313' title='bbox 1177 3720 1559 3791; x_wconf 87' lang='grc' dir='ltr'>συμφήσομεν·</span> <span class='ocrx_word' id='word_1_314' title='bbox 1594 3724 1644 3777; x_wconf 87' lang='grc' dir='ltr'>εἰ</span> <span class='ocrx_word' id='word_1_315' title='bbox 1677 3724 1734 3778; x_wconf 84' lang='grc' dir='ltr'>δὲ</span> <span class='ocrx_word' id='word_1_316' title='bbox 1764 3725 1863 3795; x_wconf 76' lang='grc' dir='ltr'>τὴν</span> <span class='ocrx_word' id='word_1_317' title='bbox 1887 3726 1964 3792; x_wconf 87' lang='grc' dir='ltr'><strong>ὡς</strong></span> 
     </span>
    </p>
   </div>
   <div class='ocr_carea' id='block_1_42' title="bbox 370 3806 1962 3892">
    <p class='ocr_par' dir='ltr' id='par_1_42' title="bbox 370 3806 1962 3892">
     <span class='ocr_line' id='line_1_42' title="bbox 370 3806 1962 3892; baseline 0.009 -33"><span class='ocrx_word' id='word_1_318' title='bbox 370 3806 432 3881; x_wconf 67' lang='grc' dir='ltr'>ἐξ</span> <span class='ocrx_word' id='word_1_319' title='bbox 471 3807 850 3873; x_wconf 88' lang='grc' dir='ltr'>ὑποστάσεων,</span> <span class='ocrx_word' id='word_1_320' title='bbox 888 3809 963 3879; x_wconf 80' lang='grc' dir='ltr'>μὴ</span> <span class='ocrx_word' id='word_1_321' title='bbox 1000 3809 1234 3878; x_wconf 87' lang='grc' dir='ltr'>γένοιτο·</span> <span class='ocrx_word' id='word_1_322' title='bbox 1274 3816 1531 3868; x_wconf 80' lang='grc' dir='ltr'>σκοπεῖτε</span> <span class='ocrx_word' id='word_1_323' title='bbox 1574 3817 1632 3871; x_wconf 85' lang='grc' dir='ltr'>δὲ</span> <span class='ocrx_word' id='word_1_324' title='bbox 1658 3817 1742 3873; x_wconf 82' lang='grc' dir='ltr'>ὅτι</span> <span class='ocrx_word' id='word_1_325' title='bbox 1774 3822 1874 3892; x_wconf 83' lang='grc' dir='ltr'>τὴν</span> <span class='ocrx_word' id='word_1_326' title='bbox 1902 3821 1962 3889; x_wconf 81' lang='grc' dir='ltr'>ἐξ</span> 
     </span>
    </p>
   </div>
   <div class='ocr_carea' id='block_1_43' title="bbox 371 3880 1962 3982">
    <p class='ocr_par' dir='ltr' id='par_1_43' title="bbox 371 3880 1962 3982">
     <span class='ocr_line' id='line_1_43' title="bbox 371 3880 1962 3982; baseline 0.009 -31"><span class='ocrx_word' id='word_1_327' title='bbox 371 3880 682 3969; x_wconf 73' lang='grc' dir='ltr'>ἰδιωμάτων</span> <span class='ocrx_word' id='word_1_328' title='bbox 715 3896 988 3966; x_wconf 86' lang='grc' dir='ltr'>σύνθεσιν,</span> <span class='ocrx_word' id='word_1_329' title='bbox 1035 3899 1134 3953; x_wconf 76' lang='grc' dir='ltr'>καὶ</span> <span class='ocrx_word' id='word_1_330' title='bbox 1190 3901 1299 3973; x_wconf 82' lang='grc' dir='ltr'>πρὸ</span> <span class='ocrx_word' id='word_1_331' title='bbox 1343 3906 1548 3975; x_wconf 86' lang='grc' dir='ltr'>σαρκὸς</span> <span class='ocrx_word' id='word_1_332' title='bbox 1597 3903 1745 3979; x_wconf 75' lang='grc' dir='ltr'>εἶχεν</span> <span class='ocrx_word' id='word_1_333' title='bbox 1796 3880 1841 3982; x_wconf 44' lang='grc' dir='ltr'><strong>ὴ,</strong></span> <span class='ocrx_word' id='word_1_334' title='bbox 1865 3880 1962 3965; x_wconf 85' lang='grc' dir='ltr'>τοῦ</span> 
     </span>
    </p>
   </div>
   <div class='ocr_carea' id='block_1_44' title="bbox 366 3989 1961 4076">
    <p class='ocr_par' dir='ltr' id='par_1_44' title="bbox 366 3989 1961 4076">
     <span class='ocr_line' id='line_1_44' title="bbox 366 3989 1961 4076; baseline 0.01 -34"><span class='ocrx_word' id='word_1_335' title='bbox 366 3989 530 4060; x_wconf 87' lang='grc' dir='ltr'>λόγου</span> <span class='ocrx_word' id='word_1_336' title='bbox 556 3989 878 4056; x_wconf 84' lang='grc' dir='ltr'>ὑπόστασις,</span> <span class='ocrx_word' id='word_1_337' title='bbox 902 3994 952 4046; x_wconf 91' lang='grc' dir='ltr'><strong>εἰ</strong></span> <span class='ocrx_word' id='word_1_338' title='bbox 981 3993 1078 4046; x_wconf 73' lang='grc' dir='ltr'>καὶ</span> <span class='ocrx_word' id='word_1_339' title='bbox 1104 3993 1178 4066; x_wconf 83' lang='grc' dir='ltr'>μὴ</span> <span class='ocrx_word' id='word_1_340' title='bbox 1210 3997 1275 4049; x_wconf 81' lang='grc' dir='ltr'>ὲκ</span> <span class='ocrx_word' id='word_1_341' title='bbox 1303 3996 1599 4053; x_wconf 86' lang='grc' dir='ltr'>τοσούτων·</span> <span class='ocrx_word' id='word_1_342' title='bbox 1637 4002 1700 4055; x_wconf 88' lang='grc' dir='ltr'><strong>οὑ</strong></span> <span class='ocrx_word' id='word_1_343' title='bbox 1728 4002 1838 4076; x_wconf 84' lang='grc' dir='ltr'><strong>γάρ</strong></span> <span class='ocrx_word' id='word_1_344' title='bbox 1860 4005 1961 4074; x_wconf 77' lang='lat' dir='ltr'><strong>p.6-</strong></span> 
     </span>
    </p>
   </div>
   <div class='ocr_carea' id='block_1_45' title="bbox 368 4082 1961 4158">
    <p class='ocr_par' dir='ltr' id='par_1_45' title="bbox 368 4082 1961 4158">
     <span class='ocr_line' id='line_1_45' title="bbox 368 4082 1961 4158; baseline 0.009 -22"><span class='ocrx_word' id='word_1_345' title='bbox 368 4100 460 4137; x_wconf 82' lang='grc' dir='ltr'><strong>νον</strong></span> <span class='ocrx_word' id='word_1_346' title='bbox 498 4082 559 4137; x_wconf 79' lang='grc' dir='ltr'><strong>τὸ</strong></span> <span class='ocrx_word' id='word_1_347' title='bbox 586 4084 840 4155; x_wconf 81' lang='grc' dir='ltr'>γεννήσει</span> <span class='ocrx_word' id='word_1_348' title='bbox 880 4083 1177 4153; x_wconf 82' lang='grc' dir='ltr'>ὑφεστᾶναι</span> <span class='ocrx_word' id='word_1_349' title='bbox 1209 4087 1341 4142; x_wconf 85' lang='grc' dir='ltr'>ῐδιον</span> <span class='ocrx_word' id='word_1_350' title='bbox 1373 4090 1471 4144; x_wconf 90' lang='grc' dir='ltr'>τοῦ</span> <span class='ocrx_word' id='word_1_351' title='bbox 1506 4091 1662 4158; x_wconf 89' lang='grc' dir='ltr'>Υίοῦ,</span> <span class='ocrx_word' id='word_1_352' title='bbox 1691 4094 1829 4148; x_wconf 83' lang='grc' dir='ltr'>ἀλλά</span> <span class='ocrx_word' id='word_1_353' title='bbox 1865 4098 1961 4151; x_wconf 76' lang='grc' dir='ltr'><strong>καί</strong></span> 
     </span>
    </p>
   </div>
   <div class='ocr_carea' id='block_1_46' title="bbox 368 4177 1959 4255">
    <p class='ocr_par' dir='ltr' id='par_1_46' title="bbox 368 4177 1959 4255">
     <span class='ocr_line' id='line_1_46' title="bbox 368 4177 1959 4255; baseline 0.006 -22"><span class='ocrx_word' id='word_1_354' title='bbox 368 4180 431 4233; x_wconf 76' lang='grc' dir='ltr'><strong>τὸ</strong></span> <span class='ocrx_word' id='word_1_355' title='bbox 484 4177 561 4250; x_wconf 81' lang='grc' dir='ltr'>μὴ</span> <span class='ocrx_word' id='word_1_356' title='bbox 599 4180 797 4250; x_wconf 85' lang='grc' dir='ltr'>γεννᾷν</span> <span class='ocrx_word' id='word_1_357' title='bbox 848 4178 1135 4249; x_wconf 88' lang='grc' dir='ltr'>όμοούσιον</span> <span class='ocrx_word' id='word_1_358' title='bbox 1181 4179 1383 4250; x_wconf 85' lang='grc' dir='ltr'>Λόγον,</span> <span class='ocrx_word' id='word_1_359' title='bbox 1424 4183 1561 4255; x_wconf 82' lang='grc' dir='ltr'>μηδὲ</span> <span class='ocrx_word' id='word_1_360' title='bbox 1620 4186 1717 4255; x_wconf 79' lang='grc' dir='ltr'><strong>ἀφ’</strong></span> <span class='ocrx_word' id='word_1_361' title='bbox 1763 4188 1959 4244; x_wconf 79' lang='grc' dir='ltr'>ἑαυτοῦ</span> 
     </span>
    </p>
   </div>
   <div class='ocr_carea' id='block_1_47' title="bbox 367 4269 1959 4351">
    <p class='ocr_par' dir='ltr' id='par_1_47' title="bbox 367 4269 1959 4351">
     <span class='ocr_line' id='line_1_47' title="bbox 367 4269 1959 4351; baseline 0.008 -28"><span class='ocrx_word' id='word_1_362' title='bbox 367 4270 694 4342; x_wconf 83' lang='grc' dir='ltr'>ὲκπορεύειν</span> <span class='ocrx_word' id='word_1_363' title='bbox 747 4270 969 4341; x_wconf 85' lang='grc' dir='ltr'>πνεῦμα</span> <span class='ocrx_word' id='word_1_364' title='bbox 1024 4269 1302 4342; x_wconf 84' lang='grc' dir='ltr'>πρώτως,</span> <span class='ocrx_word' id='word_1_365' title='bbox 1372 4275 1512 4344; x_wconf 82' lang='grc' dir='ltr'>μηδὲ</span> <span class='ocrx_word' id='word_1_366' title='bbox 1560 4276 1959 4351; x_wconf 71' lang='grc' dir='ltr'>ἐκπορεύεσθαι</span> 
     </span>
    </p>
   </div>
   <div class='ocr_carea' id='block_1_48' title="bbox 366 4360 1959 4445">
    <p class='ocr_par' dir='ltr' id='par_1_48' title="bbox 366 4360 1959 4445">
     <span class='ocr_line' id='line_1_48' title="bbox 366 4360 1959 4445; baseline 0.008 -30"><span class='ocrx_word' id='word_1_367' title='bbox 366 4362 513 4416; x_wconf 77' lang='grc' dir='ltr'>κατὰ</span> <span class='ocrx_word' id='word_1_368' title='bbox 545 4362 607 4416; x_wconf 83' lang='grc' dir='ltr'><strong>τὸ</strong></span> <span class='ocrx_word' id='word_1_369' title='bbox 657 4360 816 4432; x_wconf 81' lang='grc' dir='ltr'>ἆγιον</span> <span class='ocrx_word' id='word_1_370' title='bbox 861 4361 1088 4435; x_wconf 87' lang='grc' dir='ltr'>Πνεῦμα</span> <span class='ocrx_word' id='word_1_371' title='bbox 1112 4380 1127 4395; x_wconf 88' lang='grc'><strong>·</strong></span> <span class='ocrx_word' id='word_1_372' title='bbox 1161 4364 1258 4418; x_wconf 77' lang='grc' dir='ltr'>καὶ</span> <span class='ocrx_word' id='word_1_373' title='bbox 1300 4364 1373 4419; x_wconf 88' lang='grc' dir='ltr'>τὰ</span> <span class='ocrx_word' id='word_1_374' title='bbox 1415 4366 1582 4423; x_wconf 86' lang='grc' dir='ltr'>λοιπά</span> <span class='ocrx_word' id='word_1_375' title='bbox 1631 4371 1778 4435; x_wconf 87' lang='grc' dir='ltr'>ἰδίως</span> <span class='ocrx_word' id='word_1_376' title='bbox 1806 4373 1959 4445; x_wconf 78' lang='grc' dir='ltr'><strong>αὐτῷ</strong></span> 
     </span>
    </p>
   </div>
   <div class='ocr_carea' id='block_1_49' title="bbox 366 4455 1956 4536">
    <p class='ocr_par' dir='ltr' id='par_1_49' title="bbox 366 4455 1956 4536">
     <span class='ocr_line' id='line_1_49' title="bbox 366 4455 1956 4536; baseline 0.007 -25"><span class='ocrx_word' id='word_1_377' title='bbox 366 4455 666 4528; x_wconf 83' lang='grc' dir='ltr'>ἀνήκοντα·</span> <span class='ocrx_word' id='word_1_378' title='bbox 699 4455 957 4521; x_wconf 88' lang='grc' dir='ltr'>σύνθετος</span> <span class='ocrx_word' id='word_1_379' title='bbox 990 4458 1100 4530; x_wconf 80' lang='grc' dir='ltr'>ἄρα</span> <span class='ocrx_word' id='word_1_380' title='bbox 1153 4457 1295 4511; x_wconf 85' lang='grc' dir='ltr'>κατὰ</span> <span class='ocrx_word' id='word_1_381' title='bbox 1325 4458 1476 4514; x_wconf 87' lang='grc' dir='ltr'>τόνδε</span> <span class='ocrx_word' id='word_1_382' title='bbox 1502 4461 1596 4516; x_wconf 80' lang='grc' dir='ltr'><strong>τὸν</strong></span> <span class='ocrx_word' id='word_1_383' title='bbox 1634 4465 1861 4536; x_wconf 89' lang='grc' dir='ltr'>τρόπον,</span> <span class='ocrx_word' id='word_1_384' title='bbox 1894 4468 1956 4521; x_wconf 88' lang='grc' dir='ltr'><strong>οὑ</strong></span> 
     </span>
    </p>
   </div>
   <div class='ocr_carea' id='block_1_50' title="bbox 368 4545 1957 4624">
    <p class='ocr_par' dir='ltr' id='par_1_50' title="bbox 368 4545 1957 4624">
     <span class='ocr_line' id='line_1_50' title="bbox 368 4545 1957 4624; baseline 0.007 -25"><span class='ocrx_word' id='word_1_385' title='bbox 368 4546 534 4617; x_wconf 86' lang='grc' dir='ltr'>μόνον</span> <span class='ocrx_word' id='word_1_386' title='bbox 582 4546 616 4617; x_wconf 80' lang='grc' dir='ltr'><strong>ἡ</strong></span> <span class='ocrx_word' id='word_1_387' title='bbox 657 4545 753 4600; x_wconf 91' lang='grc' dir='ltr'><strong>τοῦ</strong></span> <span class='ocrx_word' id='word_1_388' title='bbox 803 4547 1003 4617; x_wconf 85' lang='grc' dir='ltr'>Λόγου,</span> <span class='ocrx_word' id='word_1_389' title='bbox 1043 4546 1181 4602; x_wconf 82' lang='grc' dir='ltr'>ἀλλὰ</span> <span class='ocrx_word' id='word_1_390' title='bbox 1209 4547 1307 4601; x_wconf 74' lang='grc' dir='ltr'>καὶ</span> <span class='ocrx_word' id='word_1_391' title='bbox 1344 4548 1441 4603; x_wconf 90' lang='grc' dir='ltr'>τοῦ</span> <span class='ocrx_word' id='word_1_392' title='bbox 1491 4551 1704 4624; x_wconf 83' lang='grc' dir='ltr'>Πατρὸς</span> <span class='ocrx_word' id='word_1_393' title='bbox 1732 4556 1957 4610; x_wconf 76' lang='grc' dir='ltr'>καὶτοῦ</span> 
     </span>
    </p>
   </div>
   <div class='ocr_carea' id='block_1_51' title="bbox 2683 1139 3058 1202">
    <p class='ocr_par' dir='ltr' id='par_1_51' title="bbox 2683 1139 3058 1202">
     <span class='ocr_line' id='line_1_51' title="bbox 2683 1139 3058 1202; baseline 0.019 -7"><span class='ocrx_word' id='word_1_394' title='bbox 2683 1139 2834 1197; x_wconf 81' lang='lat' dir='ltr'><strong>CAP.</strong></span> <span class='ocrx_word' id='word_1_395' title='bbox 2868 1143 3058 1202; x_wconf 78' lang='lat' dir='ltr'><strong>XXIV.</strong></span> 
     </span>
    </p>
   </div>
   <div class='ocr_carea' id='block_1_52' title="bbox 2152 1224 3671 1315">
    <p class='ocr_par' dir='ltr' id='par_1_52' title="bbox 2152 1224 3671 1315">
     <span class='ocr_line' id='line_1_52' title="bbox 2152 1224 3671 1315; baseline 0.018 -37"><span class='ocrx_word' id='word_1_396' title='bbox 2152 1224 2407 1283; x_wconf 82' lang='lat' dir='ltr'><strong>Instant:</strong></span> <span class='ocrx_word' id='word_1_397' title='bbox 2444 1229 2542 1286; x_wconf 90' lang='lat' dir='ltr'><strong>Vel</strong></span> <span class='ocrx_word' id='word_1_398' title='bbox 2579 1232 2719 1288; x_wconf 90' lang='lat' dir='ltr'><strong>nihil</strong></span> <span class='ocrx_word' id='word_1_399' title='bbox 2766 1244 2853 1291; x_wconf 89' lang='lat' dir='ltr'><strong>est</strong></span> <span class='ocrx_word' id='word_1_400' title='bbox 2885 1230 3256 1311; x_wconf 89' lang='lat' dir='ltr'><strong>compositum</strong></span> <span class='ocrx_word' id='word_1_401' title='bbox 3314 1244 3371 1299; x_wconf 90' lang='lat' dir='ltr'><strong>in</strong></span> <span class='ocrx_word' id='word_1_402' title='bbox 3426 1245 3671 1315; x_wconf 85' lang='lat' dir='ltr'><strong>Christo,</strong></span> 
     </span>
    </p>
   </div>
   <div class='ocr_carea' id='block_1_53' title="bbox 2079 1315 3673 1407">
    <p class='ocr_par' dir='ltr' id='par_1_53' title="bbox 2079 1315 3673 1407">
     <span class='ocr_line' id='line_1_53' title="bbox 2079 1315 3673 1407; baseline 0.016 -39"><span class='ocrx_word' id='word_1_403' title='bbox 2079 1315 2165 1370; x_wconf 86' lang='lat' dir='ltr'><strong>vel</strong></span> <span class='ocrx_word' id='word_1_404' title='bbox 2212 1328 2409 1374; x_wconf 90' lang='lat' dir='ltr'><strong>natura</strong></span> <span class='ocrx_word' id='word_1_405' title='bbox 2437 1329 2493 1376; x_wconf 89' lang='lat' dir='ltr'><strong>et</strong></span> <span class='ocrx_word' id='word_1_406' title='bbox 2543 1338 2780 1392; x_wconf 90' lang='lat' dir='ltr'><strong>persona</strong></span> <span class='ocrx_word' id='word_1_407' title='bbox 2826 1327 3023 1397; x_wconf 87' lang='lat' dir='ltr'><strong>simul;</strong></span> <span class='ocrx_word' id='word_1_408' title='bbox 3057 1332 3173 1388; x_wconf 86' lang='lat' dir='ltr'><strong>sive</strong></span> <span class='ocrx_word' id='word_1_409' title='bbox 3205 1342 3403 1390; x_wconf 89' lang='lat' dir='ltr'><strong>natura</strong></span> <span class='ocrx_word' id='word_1_410' title='bbox 3444 1338 3673 1407; x_wconf 85' lang='lat' dir='ltr'><strong>quidem</strong></span> 
     </span>
    </p>
   </div>
   <div class='ocr_carea' id='block_1_54' title="bbox 2080 1408 3672 1491">
    <p class='ocr_par' dir='ltr' id='par_1_54' title="bbox 2080 1408 3672 1491">
     <span class='ocr_line' id='line_1_54' title="bbox 2080 1408 3672 1491; baseline 0.015 -29"><span class='ocrx_word' id='word_1_411' title='bbox 2080 1408 2312 1481; x_wconf 84' lang='lat' dir='ltr'><strong>simplex</strong></span> <span class='ocrx_word' id='word_1_412' title='bbox 2333 1422 2390 1469; x_wconf 91' lang='lat' dir='ltr'><strong>et</strong></span> <span class='ocrx_word' id='word_1_413' title='bbox 2418 1419 2723 1487; x_wconf 90' lang='lat' dir='ltr'><strong>composita</strong></span> <span class='ocrx_word' id='word_1_414' title='bbox 2771 1437 3031 1491; x_wconf 88' lang='lat' dir='ltr'><strong>persona,</strong></span> <span class='ocrx_word' id='word_1_415' title='bbox 3082 1426 3200 1481; x_wconf 85' lang='lat' dir='ltr'><strong>sive</strong></span> <span class='ocrx_word' id='word_1_416' title='bbox 3228 1427 3433 1483; x_wconf 88' lang='lat' dir='ltr'><strong>iterum</strong></span> <span class='ocrx_word' id='word_1_417' title='bbox 3472 1439 3672 1487; x_wconf 89' lang='lat' dir='ltr'><strong>natura</strong></span> 
     </span>
    </p>
   </div>
   <div class='ocr_carea' id='block_1_55' title="bbox 2080 1504 3673 1589">
    <p class='ocr_par' dir='ltr' id='par_1_55' title="bbox 2080 1504 3673 1589">
     <span class='ocr_line' id='line_1_55' title="bbox 2080 1504 3673 1589; baseline 0.013 -33"><span class='ocrx_word' id='word_1_418' title='bbox 2080 1504 2387 1573; x_wconf 87' lang='lat' dir='ltr'><strong>composita</strong></span> <span class='ocrx_word' id='word_1_419' title='bbox 2426 1515 2483 1562; x_wconf 90' lang='lat' dir='ltr'><strong>et</strong></span> <span class='ocrx_word' id='word_1_420' title='bbox 2512 1524 2747 1578; x_wconf 86' lang='lat' dir='ltr'><strong>persona</strong></span> <span class='ocrx_word' id='word_1_421' title='bbox 2782 1513 3035 1585; x_wconf 78' lang='lat' dir='ltr'><strong>simplex.</strong></span> <span class='ocrx_word' id='word_1_422' title='bbox 3086 1516 3142 1572; x_wconf 84' lang='lat' dir='ltr'><strong>Si</strong></span> <span class='ocrx_word' id='word_1_423' title='bbox 3191 1518 3360 1589; x_wconf 80' lang='lat' dir='ltr'><strong>igitur</strong></span> <span class='ocrx_word' id='word_1_424' title='bbox 3395 1522 3580 1575; x_wconf 90' lang='lat' dir='ltr'><strong>omnia</strong></span> <span class='ocrx_word' id='word_1_425' title='bbox 3614 1523 3673 1577; x_wconf 90' lang='lat' dir='ltr'><strong>in</strong></span> 
     </span>
    </p>
   </div>
   <div class='ocr_carea' id='block_1_56' title="bbox 2080 1591 3670 1683">
    <p class='ocr_par' dir='ltr' id='par_1_56' title="bbox 2080 1591 3670 1683">
     <span class='ocr_line' id='line_1_56' title="bbox 2080 1591 3670 1683; baseline 0.015 -37"><span class='ocrx_word' id='word_1_426' title='bbox 2080 1591 2202 1663; x_wconf 92' lang='lat' dir='ltr'><strong>ipso</strong></span> <span class='ocrx_word' id='word_1_427' title='bbox 2229 1603 2359 1649; x_wconf 90' lang='lat' dir='ltr'><strong>sunt</strong></span> <span class='ocrx_word' id='word_1_428' title='bbox 2387 1598 2682 1669; x_wconf 84' lang='lat' dir='ltr'><strong>simplicia,</strong></span> <span class='ocrx_word' id='word_1_429' title='bbox 2720 1603 2857 1660; x_wconf 80' lang='lat' dir='ltr'><strong>false</strong></span> <span class='ocrx_word' id='word_1_430' title='bbox 2887 1606 3115 1676; x_wconf 88' lang='lat' dir='ltr'><strong>ponitur</strong></span> <span class='ocrx_word' id='word_1_431' title='bbox 3144 1611 3266 1681; x_wconf 84' lang='lat' dir='ltr'><strong>ejus</strong></span> <span class='ocrx_word' id='word_1_432' title='bbox 3297 1614 3627 1683; x_wconf 82' lang='lat' dir='ltr'><strong>compositio</strong></span> <span class='ocrx_word' id='word_1_433' title='bbox 3653 1631 3670 1679; x_wconf 90' lang='lat'><strong>;</strong></span> 
     </span>
    </p>
   </div>
   <div class='ocr_carea' id='block_1_57' title="bbox 2079 1681 3673 1767">
    <p class='ocr_par' dir='ltr' id='par_1_57' title="bbox 2079 1681 3673 1767">
     <span class='ocr_line' id='line_1_57' title="bbox 2079 1681 3673 1767; baseline 0.014 -33"><span class='ocrx_word' id='word_1_434' title='bbox 2079 1681 2125 1735; x_wconf 87' lang='lat' dir='ltr'><strong>si</strong></span> <span class='ocrx_word' id='word_1_435' title='bbox 2143 1693 2339 1738; x_wconf 90' lang='lat' dir='ltr'><strong>natura</strong></span> <span class='ocrx_word' id='word_1_436' title='bbox 2367 1685 2487 1755; x_wconf 86' lang='lat' dir='ltr'><strong>ejus</strong></span> <span class='ocrx_word' id='word_1_437' title='bbox 2516 1695 2574 1743; x_wconf 90' lang='lat' dir='ltr'><strong>et</strong></span> <span class='ocrx_word' id='word_1_438' title='bbox 2596 1706 2831 1759; x_wconf 90' lang='lat' dir='ltr'><strong>persona</strong></span> <span class='ocrx_word' id='word_1_439' title='bbox 2852 1707 2981 1750; x_wconf 90' lang='lat' dir='ltr'><strong>sunt</strong></span> <span class='ocrx_word' id='word_1_440' title='bbox 3012 1698 3332 1767; x_wconf 83' lang='lat' dir='ltr'><strong>compositae</strong></span> <span class='ocrx_word' id='word_1_441' title='bbox 3357 1681 3543 1767; x_wconf 85' lang='lat' dir='ltr'><strong>simul,</strong></span> <span class='ocrx_word' id='word_1_442' title='bbox 3569 1718 3673 1757; x_wconf 90' lang='lat' dir='ltr'><strong>cur</strong></span> 
     </span>
    </p>
   </div>
   <div class='ocr_carea' id='block_1_58' title="bbox 2078 1775 3670 1863">
    <p class='ocr_par' dir='ltr' id='par_1_58' title="bbox 2078 1775 3670 1863">
     <span class='ocr_line' id='line_1_58' title="bbox 2078 1775 3670 1863; baseline 0.013 -35"><span class='ocrx_word' id='word_1_443' title='bbox 2078 1788 2212 1844; x_wconf 76' lang='lat' dir='ltr'><strong>ergo</strong></span> <span class='ocrx_word' id='word_1_444' title='bbox 2236 1775 2519 1836; x_wconf 88' lang='lat' dir='ltr'><strong>Severitas</strong></span> <span class='ocrx_word' id='word_1_445' title='bbox 2551 1783 2625 1853; x_wconf 72' lang='grc'><strong>(4)</strong></span> <span class='ocrx_word' id='word_1_446' title='bbox 2659 1786 2983 1854; x_wconf 87' lang='lat' dir='ltr'><strong>repulistis?</strong></span> <span class='ocrx_word' id='word_1_447' title='bbox 3006 1789 3164 1855; x_wconf 69' lang='lat' dir='ltr'><strong>Quod</strong></span> <span class='ocrx_word' id='word_1_448' title='bbox 3184 1791 3230 1844; x_wconf 91' lang='lat' dir='ltr'><strong>si</strong></span> <span class='ocrx_word' id='word_1_449' title='bbox 3262 1791 3544 1863; x_wconf 81' lang='lat' dir='ltr'><strong>simplices</strong></span> <span class='ocrx_word' id='word_1_450' title='bbox 3567 1811 3670 1849; x_wconf 88' lang='lat' dir='ltr'><strong>na-</strong></span> 
     </span>
    </p>
   </div>
   <div class='ocr_carea' id='block_1_59' title="bbox 2081 1875 3717 1954">
    <p class='ocr_par' dir='ltr' id='par_1_59' title="bbox 2081 1875 3717 1954">
     <span class='ocr_line' id='line_1_59' title="bbox 2081 1875 3717 1954; baseline 0.013 -33"><span class='ocrx_word' id='word_1_451' title='bbox 2081 1876 2238 1935; x_wconf 71' lang='lat' dir='ltr'><strong>turae,</strong></span> <span class='ocrx_word' id='word_1_452' title='bbox 2268 1878 2324 1925; x_wconf 91' lang='lat' dir='ltr'><strong>et</strong></span> <span class='ocrx_word' id='word_1_453' title='bbox 2353 1875 2656 1943; x_wconf 90' lang='lat' dir='ltr'><strong>composita</strong></span> <span class='ocrx_word' id='word_1_454' title='bbox 2714 1878 2872 1933; x_wconf 87' lang='lat' dir='ltr'><strong>vobis</strong></span> <span class='ocrx_word' id='word_1_455' title='bbox 2918 1879 3203 1936; x_wconf 87' lang='lat' dir='ltr'><strong>videretur</strong></span> <span class='ocrx_word' id='word_1_456' title='bbox 3235 1898 3359 1938; x_wconf 91' lang='lat' dir='ltr'><strong>esse</strong></span> <span class='ocrx_word' id='word_1_457' title='bbox 3403 1900 3667 1954; x_wconf 89' lang='lat' dir='ltr'><strong>persona.</strong></span> <span class='ocrx_word' id='word_1_458' title='bbox 3708 1878 3717 1888; x_wconf 82' lang='grc'><strong>’</strong></span> 
     </span>
    </p>
   </div>
   <div class='ocr_carea' id='block_1_60' title="bbox 2076 1964 3667 2047">
    <p class='ocr_par' dir='ltr' id='par_1_60' title="bbox 2076 1964 3667 2047">
     <span class='ocr_line' id='line_1_60' title="bbox 2076 1964 3667 2047; baseline 0.014 -35"><span class='ocrx_word' id='word_1_459' title='bbox 2076 1967 2206 2015; x_wconf 86' lang='lat' dir='ltr'><strong>tunc</strong></span> <span class='ocrx_word' id='word_1_460' title='bbox 2250 1964 2513 2020; x_wconf 90' lang='lat' dir='ltr'><strong>omnibus</strong></span> <span class='ocrx_word' id='word_1_461' title='bbox 2564 1967 2883 2025; x_wconf 89' lang='lat' dir='ltr'><strong>hominibus</strong></span> <span class='ocrx_word' id='word_1_462' title='bbox 2915 1971 3221 2043; x_wconf 88' lang='lat' dir='ltr'><strong>simplicem</strong></span> <span class='ocrx_word' id='word_1_463' title='bbox 3262 1975 3430 2032; x_wconf 86' lang='lat' dir='ltr'><strong>Verbi</strong></span> <span class='ocrx_word' id='word_1_464' title='bbox 3470 1993 3667 2047; x_wconf 86' lang='lat' dir='ltr'><strong>perso-</strong></span> 
     </span>
    </p>
   </div>
   <div class='ocr_carea' id='block_1_61' title="bbox 2071 2052 3666 2136">
    <p class='ocr_par' dir='ltr' id='par_1_61' title="bbox 2071 2052 3666 2136">
     <span class='ocr_line' id='line_1_61' title="bbox 2071 2052 3666 2136; baseline 0.014 -32"><span class='ocrx_word' id='word_1_465' title='bbox 2071 2066 2199 2106; x_wconf 86' lang='lat' dir='ltr'><strong>nam</strong></span> <span class='ocrx_word' id='word_1_466' title='bbox 2234 2052 2658 2124; x_wconf 69' lang='lat' dir='ltr'><strong>affirmantibus,</strong></span> <span class='ocrx_word' id='word_1_467' title='bbox 2683 2060 2841 2116; x_wconf 90' lang='lat' dir='ltr'><strong>vobis</strong></span> <span class='ocrx_word' id='word_1_468' title='bbox 2865 2070 3052 2118; x_wconf 92' lang='lat' dir='ltr'><strong>autem</strong></span> <span class='ocrx_word' id='word_1_469' title='bbox 3081 2068 3443 2136; x_wconf 87' lang='lat' dir='ltr'><strong>compositam</strong></span> <span class='ocrx_word' id='word_1_470' title='bbox 3476 2069 3666 2126; x_wconf 88' lang='lat' dir='ltr'><strong>dicen-</strong></span> 
     </span>
    </p>
   </div>
   <div class='ocr_carea' id='block_1_62' title="bbox 2073 2144 3665 2231">
    <p class='ocr_par' dir='ltr' id='par_1_62' title="bbox 2073 2144 3665 2231">
     <span class='ocr_line' id='line_1_62' title="bbox 2073 2144 3665 2231; baseline 0.013 -33"><span class='ocrx_word' id='word_1_471' title='bbox 2073 2145 2221 2201; x_wconf 84' lang='lat' dir='ltr'><strong>tibus</strong></span> <span class='ocrx_word' id='word_1_472' title='bbox 2251 2144 2458 2203; x_wconf 88' lang='lat' dir='ltr'><strong>Christi</strong></span> <span class='ocrx_word' id='word_1_473' title='bbox 2499 2165 2821 2219; x_wconf 90' lang='lat' dir='ltr'><strong>personam,</strong></span> <span class='ocrx_word' id='word_1_474' title='bbox 2848 2154 2991 2210; x_wconf 90' lang='lat' dir='ltr'><strong>bene</strong></span> <span class='ocrx_word' id='word_1_475' title='bbox 3026 2156 3148 2211; x_wconf 67' lang='lat' dir='ltr'><strong>duaa</strong></span> <span class='ocrx_word' id='word_1_476' title='bbox 3169 2168 3334 2213; x_wconf 89' lang='lat' dir='ltr'><strong>erunt</strong></span> <span class='ocrx_word' id='word_1_477' title='bbox 3386 2176 3665 2231; x_wconf 57' lang='lat' dir='ltr'><strong>persona,</strong></span> 
     </span>
    </p>
   </div>
   <div class='ocr_carea' id='block_1_63' title="bbox 2070 2238 3662 2321">
    <p class='ocr_par' dir='ltr' id='par_1_63' title="bbox 2070 2238 3662 2321">
     <span class='ocr_line' id='line_1_63' title="bbox 2070 2238 3662 2321; baseline 0.012 -31"><span class='ocrx_word' id='word_1_478' title='bbox 2070 2252 2179 2291; x_wconf 88' lang='lat' dir='ltr'><strong>una</strong></span> <span class='ocrx_word' id='word_1_479' title='bbox 2227 2238 2418 2305; x_wconf 88' lang='lat' dir='ltr'><strong>Verbi,</strong></span> <span class='ocrx_word' id='word_1_480' title='bbox 2446 2248 2503 2294; x_wconf 91' lang='lat' dir='ltr'><strong>et</strong></span> <span class='ocrx_word' id='word_1_481' title='bbox 2567 2243 2740 2297; x_wconf 87' lang='lat' dir='ltr'><strong>altera</strong></span> <span class='ocrx_word' id='word_1_482' title='bbox 2799 2243 3029 2301; x_wconf 88' lang='lat' dir='ltr'><strong>Christi.</strong></span> <span class='ocrx_word' id='word_1_483' title='bbox 3078 2248 3332 2314; x_wconf 88' lang='lat' dir='ltr'><strong>Vobis,o</strong></span> <span class='ocrx_word' id='word_1_484' title='bbox 3381 2252 3662 2321; x_wconf 86' lang='lat' dir='ltr'><strong>homines,</strong></span> 
     </span>
    </p>
   </div>
   <div class='ocr_carea' id='block_1_64' title="bbox 2069 2328 3666 2410">
    <p class='ocr_par' dir='ltr' id='par_1_64' title="bbox 2069 2328 3666 2410">
     <span class='ocr_line' id='line_1_64' title="bbox 2069 2328 3666 2410; baseline 0.011 -29"><span class='ocrx_word' id='word_1_485' title='bbox 2069 2328 2250 2398; x_wconf 88' lang='lat' dir='ltr'><strong>primo</strong></span> <span class='ocrx_word' id='word_1_486' title='bbox 2265 2338 2350 2385; x_wconf 89' lang='lat' dir='ltr'><strong>est</strong></span> <span class='ocrx_word' id='word_1_487' title='bbox 2366 2330 2764 2388; x_wconf 87' lang='lat' dir='ltr'><strong>advertendum</strong></span> <span class='ocrx_word' id='word_1_488' title='bbox 2787 2336 3058 2406; x_wconf 89' lang='lat' dir='ltr'><strong>simplicia</strong></span> <span class='ocrx_word' id='word_1_489' title='bbox 3076 2340 3398 2410; x_wconf 88' lang='lat' dir='ltr'><strong>compositis</strong></span> <span class='ocrx_word' id='word_1_490' title='bbox 3413 2343 3666 2399; x_wconf 92' lang='lat' dir='ltr'><strong>contine-</strong></span> 
     </span>
    </p>
   </div>
   <div class='ocr_carea' id='block_1_65' title="bbox 2069 2420 3661 2507">
    <p class='ocr_par' dir='ltr' id='par_1_65' title="bbox 2069 2420 3661 2507">
     <span class='ocr_line' id='line_1_65' title="bbox 2069 2420 3661 2507; baseline 0.013 -33"><span class='ocrx_word' id='word_1_491' title='bbox 2069 2420 2139 2486; x_wconf 90' lang='lat' dir='ltr'><strong>ri,</strong></span> <span class='ocrx_word' id='word_1_492' title='bbox 2162 2421 2238 2476; x_wconf 86' lang='lat' dir='ltr'><strong>ita</strong></span> <span class='ocrx_word' id='word_1_493' title='bbox 2268 2433 2329 2477; x_wconf 90' lang='lat' dir='ltr'><strong>ut</strong></span> <span class='ocrx_word' id='word_1_494' title='bbox 2362 2424 2555 2479; x_wconf 89' lang='lat' dir='ltr'><strong>eadem</strong></span> <span class='ocrx_word' id='word_1_495' title='bbox 2575 2427 2745 2482; x_wconf 88' lang='lat' dir='ltr'><strong>Verbi</strong></span> <span class='ocrx_word' id='word_1_496' title='bbox 2762 2444 2997 2497; x_wconf 88' lang='lat' dir='ltr'><strong>persona</strong></span> <span class='ocrx_word' id='word_1_497' title='bbox 3027 2431 3185 2500; x_wconf 91' lang='lat' dir='ltr'><strong>prius</strong></span> <span class='ocrx_word' id='word_1_498' title='bbox 3207 2432 3374 2489; x_wconf 76' lang='lat' dir='ltr'><strong>fuerit</strong></span> <span class='ocrx_word' id='word_1_499' title='bbox 3405 2436 3661 2507; x_wconf 83' lang='lat' dir='ltr'><strong>simplex,</strong></span> 
     </span>
    </p>
   </div>
   <div class='ocr_carea' id='block_1_66' title="bbox 2067 2520 3665 2603">
    <p class='ocr_par' dir='ltr' id='par_1_66' title="bbox 2067 2520 3665 2603">
     <span class='ocr_line' id='line_1_66' title="bbox 2067 2520 3665 2603; baseline 0.013 -33"><span class='ocrx_word' id='word_1_500' title='bbox 2067 2524 2125 2572; x_wconf 89' lang='lat' dir='ltr'><strong>et</strong></span> <span class='ocrx_word' id='word_1_501' title='bbox 2157 2533 2306 2573; x_wconf 93' lang='lat' dir='ltr'><strong>nunc</strong></span> <span class='ocrx_word' id='word_1_502' title='bbox 2327 2520 2399 2574; x_wconf 91' lang='lat' dir='ltr'><strong>sit</strong></span> <span class='ocrx_word' id='word_1_503' title='bbox 2414 2523 2717 2591; x_wconf 85' lang='lat' dir='ltr'><strong>composita</strong></span> <span class='ocrx_word' id='word_1_504' title='bbox 2735 2523 2791 2578; x_wconf 92' lang='lat' dir='ltr'><strong>in</strong></span> <span class='ocrx_word' id='word_1_505' title='bbox 2812 2522 3057 2581; x_wconf 89' lang='lat' dir='ltr'><strong>Christo.</strong></span> <span class='ocrx_word' id='word_1_506' title='bbox 3084 2528 3342 2586; x_wconf 83' lang='lat' dir='ltr'><strong>Attamen</strong></span> <span class='ocrx_word' id='word_1_507' title='bbox 3365 2548 3474 2603; x_wconf 89' lang='lat' dir='ltr'><strong>quo</strong></span> <span class='ocrx_word' id='word_1_508' title='bbox 3496 2549 3665 2593; x_wconf 83' lang='lat' dir='ltr'><strong>sensu</strong></span> 
     </span>
    </p>
   </div>
   <div class='ocr_carea' id='block_1_67' title="bbox 2068 2606 3669 2694">
    <p class='ocr_par' dir='ltr' id='par_1_67' title="bbox 2068 2606 3669 2694">
     <span class='ocr_line' id='line_1_67' title="bbox 2068 2606 3669 2694; baseline 0.012 -34"><span class='ocrx_word' id='word_1_509' title='bbox 2068 2606 2290 2662; x_wconf 88' lang='lat' dir='ltr'><strong>dicatur</strong></span> <span class='ocrx_word' id='word_1_510' title='bbox 2336 2612 2666 2681; x_wconf 88' lang='lat' dir='ltr'><strong>compositio</strong></span> <span class='ocrx_word' id='word_1_511' title='bbox 2708 2613 2777 2668; x_wconf 92' lang='lat' dir='ltr'><strong>de</strong></span> <span class='ocrx_word' id='word_1_512' title='bbox 2823 2614 3033 2671; x_wconf 88' lang='lat' dir='ltr'><strong>Christi</strong></span> <span class='ocrx_word' id='word_1_513' title='bbox 3064 2633 3304 2688; x_wconf 89' lang='lat' dir='ltr'><strong>persona</strong></span> <span class='ocrx_word' id='word_1_514' title='bbox 3365 2624 3669 2694; x_wconf 84' lang='lat' dir='ltr'><strong>explanan-</strong></span> 
     </span>
    </p>
   </div>
   <div class='ocr_carea' id='block_1_68' title="bbox 2069 2698 3665 2779">
    <p class='ocr_par' dir='ltr' id='par_1_68' title="bbox 2069 2698 3665 2779">
     <span class='ocr_line' id='line_1_68' title="bbox 2069 2698 3665 2779; baseline 0.013 -26"><span class='ocrx_word' id='word_1_515' title='bbox 2069 2698 2202 2754; x_wconf 90' lang='lat' dir='ltr'><strong>dum</strong></span> <span class='ocrx_word' id='word_1_516' title='bbox 2233 2709 2339 2756; x_wconf 90' lang='lat' dir='ltr'><strong>est.</strong></span> <span class='ocrx_word' id='word_1_517' title='bbox 2383 2702 2697 2773; x_wconf 85' lang='lat' dir='ltr'><strong>Aliquando</strong></span> <span class='ocrx_word' id='word_1_518' title='bbox 2742 2706 2893 2762; x_wconf 87' lang='lat' dir='ltr'><strong>enim</strong></span> <span class='ocrx_word' id='word_1_519' title='bbox 2934 2723 3003 2765; x_wconf 81' lang='lat' dir='ltr'><strong>ex</strong></span> <span class='ocrx_word' id='word_1_520' title='bbox 3043 2712 3301 2779; x_wconf 91' lang='lat' dir='ltr'><strong>pluribus</strong></span> <span class='ocrx_word' id='word_1_521' title='bbox 3355 2717 3546 2773; x_wconf 90' lang='lat' dir='ltr'><strong>verbis</strong></span> <span class='ocrx_word' id='word_1_522' title='bbox 3594 2719 3665 2775; x_wconf 90' lang='lat' dir='ltr'><strong>de</strong></span> 
     </span>
    </p>
   </div>
   <div class='ocr_carea' id='block_1_69' title="bbox 2067 2793 3665 2881">
    <p class='ocr_par' dir='ltr' id='par_1_69' title="bbox 2067 2793 3665 2881">
     <span class='ocr_line' id='line_1_69' title="bbox 2067 2793 3665 2881; baseline 0.015 -38"><span class='ocrx_word' id='word_1_523' title='bbox 2067 2806 2180 2845; x_wconf 88' lang='lat' dir='ltr'><strong>uno</strong></span> <span class='ocrx_word' id='word_1_524' title='bbox 2212 2799 2268 2845; x_wconf 92' lang='lat' dir='ltr'><strong>et</strong></span> <span class='ocrx_word' id='word_1_525' title='bbox 2308 2793 2504 2848; x_wconf 90' lang='lat' dir='ltr'><strong>eodem</strong></span> <span class='ocrx_word' id='word_1_526' title='bbox 2550 2797 2891 2866; x_wconf 88' lang='lat' dir='ltr'><strong>composito,</strong></span> <span class='ocrx_word' id='word_1_527' title='bbox 2941 2800 3251 2872; x_wconf 88' lang='lat' dir='ltr'><strong>simplicior</strong></span> <span class='ocrx_word' id='word_1_528' title='bbox 3284 2806 3504 2863; x_wconf 89' lang='lat' dir='ltr'><strong>videtur</strong></span> <span class='ocrx_word' id='word_1_529' title='bbox 3543 2812 3665 2881; x_wconf 88' lang='lat' dir='ltr'><strong>ejus</strong></span> 
     </span>
    </p>
   </div>
   <div class='ocr_carea' id='block_1_70' title="bbox 2067 2886 3661 2961">
    <p class='ocr_par' dir='ltr' id='par_1_70' title="bbox 2067 2886 3661 2961">
     <span class='ocr_line' id='line_1_70' title="bbox 2067 2886 3661 2961; baseline 0.013 -21"><span class='ocrx_word' id='word_1_530' title='bbox 2067 2886 2429 2955; x_wconf 89' lang='lat' dir='ltr'><strong>compositio;</strong></span> <span class='ocrx_word' id='word_1_531' title='bbox 2454 2888 2754 2958; x_wconf 86' lang='lat' dir='ltr'><strong>aliquando</strong></span> <span class='ocrx_word' id='word_1_532' title='bbox 2788 2891 2937 2947; x_wconf 89' lang='lat' dir='ltr'><strong>idem</strong></span> <span class='ocrx_word' id='word_1_533' title='bbox 2968 2893 3032 2948; x_wconf 89' lang='lat' dir='ltr'><strong>ﬁt</strong></span> <span class='ocrx_word' id='word_1_534' title='bbox 3073 2911 3142 2951; x_wconf 86' lang='lat' dir='ltr'><strong>ex</strong></span> <span class='ocrx_word' id='word_1_535' title='bbox 3179 2897 3415 2955; x_wconf 89' lang='lat' dir='ltr'><strong>diversis</strong></span> <span class='ocrx_word' id='word_1_536' title='bbox 3442 2901 3611 2959; x_wconf 90' lang='lat' dir='ltr'><strong>rebus</strong></span> <span class='ocrx_word' id='word_1_537' title='bbox 3644 2922 3661 2961; x_wconf 89' lang='lat'><strong>:</strong></span> 
     </span>
    </p>
   </div>
   <div class='ocr_carea' id='block_1_71' title="bbox 2065 2980 3663 3061">
    <p class='ocr_par' dir='ltr' id='par_1_71' title="bbox 2065 2980 3663 3061">
     <span class='ocr_line' id='line_1_71' title="bbox 2065 2980 3663 3061; baseline 0.014 -30"><span class='ocrx_word' id='word_1_538' title='bbox 2065 2992 2134 3032; x_wconf 79' lang='lat' dir='ltr'><strong>ex</strong></span> <span class='ocrx_word' id='word_1_539' title='bbox 2167 2980 2606 3049; x_wconf 88' lang='lat' dir='ltr'><strong>simplicioribus</strong></span> <span class='ocrx_word' id='word_1_540' title='bbox 2668 2985 2935 3043; x_wconf 90' lang='lat' dir='ltr'><strong>remediis</strong></span> <span class='ocrx_word' id='word_1_541' title='bbox 2985 2990 3159 3061; x_wconf 77' lang='lat' dir='ltr'><strong>magis</strong></span> <span class='ocrx_word' id='word_1_542' title='bbox 3212 2992 3427 3048; x_wconf 90' lang='lat' dir='ltr'><strong>varium</strong></span> <span class='ocrx_word' id='word_1_543' title='bbox 3482 3011 3663 3053; x_wconf 86' lang='lat' dir='ltr'><strong>reme-</strong></span> 
     </span>
    </p>
   </div>
   <div class='ocr_carea' id='block_1_72' title="bbox 2065 3068 3662 3157">
    <p class='ocr_par' dir='ltr' id='par_1_72' title="bbox 2065 3068 3662 3157">
     <span class='ocr_line' id='line_1_72' title="bbox 2065 3068 3662 3157; baseline 0.014 -33"><span class='ocrx_word' id='word_1_544' title='bbox 2065 3068 2242 3136; x_wconf 90' lang='lat' dir='ltr'><strong>dium,</strong></span> <span class='ocrx_word' id='word_1_545' title='bbox 2289 3087 2358 3127; x_wconf 85' lang='lat' dir='ltr'><strong>ex</strong></span> <span class='ocrx_word' id='word_1_546' title='bbox 2390 3074 2724 3144; x_wconf 88' lang='lat' dir='ltr'><strong>corporibus</strong></span> <span class='ocrx_word' id='word_1_547' title='bbox 2758 3092 2965 3149; x_wconf 89' lang='lat' dir='ltr'><strong>corpus</strong></span> <span class='ocrx_word' id='word_1_548' title='bbox 2994 3081 3167 3148; x_wconf 86' lang='lat' dir='ltr'><strong>aliud,</strong></span> <span class='ocrx_word' id='word_1_549' title='bbox 3212 3100 3280 3139; x_wconf 78' lang='lat' dir='ltr'><strong>ex</strong></span> <span class='ocrx_word' id='word_1_550' title='bbox 3314 3086 3662 3157; x_wconf 88' lang='lat' dir='ltr'><strong>simplicibus</strong></span> 
     </span>
    </p>
   </div>
   <div class='ocr_carea' id='block_1_73' title="bbox 2064 3162 3661 3237">
    <p class='ocr_par' dir='ltr' id='par_1_73' title="bbox 2064 3162 3661 3237">
     <span class='ocr_line' id='line_1_73' title="bbox 2064 3162 3661 3237; baseline 0.013 -22"><span class='ocrx_word' id='word_1_551' title='bbox 2064 3162 2296 3217; x_wconf 87' lang='lat' dir='ltr'><strong>vocibus</strong></span> <span class='ocrx_word' id='word_1_552' title='bbox 2332 3179 2523 3219; x_wconf 91' lang='lat' dir='ltr'><strong>vocem</strong></span> <span class='ocrx_word' id='word_1_553' title='bbox 2553 3168 2918 3237; x_wconf 87' lang='lat' dir='ltr'><strong>compositam</strong></span> <span class='ocrx_word' id='word_1_554' title='bbox 2961 3170 3218 3229; x_wconf 89' lang='lat' dir='ltr'><strong>videmus</strong></span> <span class='ocrx_word' id='word_1_555' title='bbox 3271 3174 3412 3232; x_wconf 82' lang='lat' dir='ltr'><strong>ﬁeri.</strong></span> <span class='ocrx_word' id='word_1_556' title='bbox 3473 3178 3661 3236; x_wconf 86' lang='lat' dir='ltr'><strong>Potest</strong></span> 
     </span>
    </p>
   </div>
   <div class='ocr_carea' id='block_1_74' title="bbox 2066 3256 3662 3340">
    <p class='ocr_par' dir='ltr' id='par_1_74' title="bbox 2066 3256 3662 3340">
     <span class='ocr_line' id='line_1_74' title="bbox 2066 3256 3662 3340; baseline 0.013 -33"><span class='ocrx_word' id='word_1_557' title='bbox 2066 3268 2198 3325; x_wconf 83' lang='lat' dir='ltr'><strong>ergo</strong></span> <span class='ocrx_word' id='word_1_558' title='bbox 2228 3270 2297 3310; x_wconf 84' lang='lat' dir='ltr'><strong>ex</strong></span> <span class='ocrx_word' id='word_1_559' title='bbox 2314 3256 2570 3326; x_wconf 90' lang='lat' dir='ltr'><strong>pluribus</strong></span> <span class='ocrx_word' id='word_1_560' title='bbox 2593 3261 2849 3329; x_wconf 89' lang='lat' dir='ltr'><strong>personis</strong></span> <span class='ocrx_word' id='word_1_561' title='bbox 2869 3264 3169 3334; x_wconf 80' lang='lat' dir='ltr'><strong>excogitari</strong></span> <span class='ocrx_word' id='word_1_562' title='bbox 3199 3282 3308 3322; x_wconf 90' lang='lat' dir='ltr'><strong>una</strong></span> <span class='ocrx_word' id='word_1_563' title='bbox 3329 3271 3662 3340; x_wconf 89' lang='lat' dir='ltr'><strong>composita.</strong></span> 
     </span>
    </p>
   </div>
   <div class='ocr_carea' id='block_1_75' title="bbox 2069 3348 3665 3433">
    <p class='ocr_par' dir='ltr' id='par_1_75' title="bbox 2069 3348 3665 3433">
     <span class='ocr_line' id='line_1_75' title="bbox 2069 3348 3665 3433; baseline 0.013 -34"><span class='ocrx_word' id='word_1_564' title='bbox 2069 3354 2130 3400; x_wconf 91' lang='lat' dir='ltr'><strong>ut</strong></span> <span class='ocrx_word' id='word_1_565' title='bbox 2156 3362 2283 3401; x_wconf 91' lang='lat' dir='ltr'><strong>cum</strong></span> <span class='ocrx_word' id='word_1_566' title='bbox 2320 3348 2501 3419; x_wconf 81' lang='lat' dir='ltr'><strong>agitur</strong></span> <span class='ocrx_word' id='word_1_567' title='bbox 2540 3350 2610 3406; x_wconf 91' lang='lat' dir='ltr'><strong>de</strong></span> <span class='ocrx_word' id='word_1_568' title='bbox 2662 3352 2856 3420; x_wconf 88' lang='lat' dir='ltr'><strong>choro,</strong></span> <span class='ocrx_word' id='word_1_569' title='bbox 2885 3354 2954 3411; x_wconf 90' lang='lat' dir='ltr'><strong>de</strong></span> <span class='ocrx_word' id='word_1_570' title='bbox 2983 3355 3174 3424; x_wconf 88' lang='lat' dir='ltr'><strong>domo,</strong></span> <span class='ocrx_word' id='word_1_571' title='bbox 3208 3368 3265 3414; x_wconf 89' lang='lat' dir='ltr'><strong>et</strong></span> <span class='ocrx_word' id='word_1_572' title='bbox 3310 3360 3434 3415; x_wconf 90' lang='lat' dir='ltr'><strong>aliis</strong></span> <span class='ocrx_word' id='word_1_573' title='bbox 3467 3363 3665 3433; x_wconf 79' lang='lat' dir='ltr'><strong>hujus~</strong></span> 
     </span>
    </p>
   </div>
   <div class='ocr_carea' id='block_1_76' title="bbox 2064 3439 3659 3524">
    <p class='ocr_par' dir='ltr' id='par_1_76' title="bbox 2064 3439 3659 3524">
     <span class='ocr_line' id='line_1_76' title="bbox 2064 3439 3659 3524; baseline 0.011 -30"><span class='ocrx_word' id='word_1_574' title='bbox 2064 3439 2248 3507; x_wconf 89' lang='lat' dir='ltr'><strong>modi;</strong></span> <span class='ocrx_word' id='word_1_575' title='bbox 2284 3448 2468 3511; x_wconf 85' lang='lat' dir='ltr'><strong>potest</strong></span> <span class='ocrx_word' id='word_1_576' title='bbox 2495 3442 2663 3498; x_wconf 89' lang='lat' dir='ltr'><strong>etiam</strong></span> <span class='ocrx_word' id='word_1_577' title='bbox 2684 3460 2752 3499; x_wconf 80' lang='lat' dir='ltr'><strong>ex</strong></span> <span class='ocrx_word' id='word_1_578' title='bbox 2784 3445 3045 3517; x_wconf 83' lang='lat' dir='ltr'><strong>pluribus</strong></span> <span class='ocrx_word' id='word_1_579' title='bbox 3070 3450 3279 3520; x_wconf 86' lang='lat' dir='ltr'><strong>junctis</strong></span> <span class='ocrx_word' id='word_1_580' title='bbox 3300 3454 3659 3524; x_wconf 88' lang='lat' dir='ltr'><strong>proprietati-</strong></span> 
     </span>
    </p>
   </div>
   <div class='ocr_carea' id='block_1_77' title="bbox 2064 3530 3658 3612">
    <p class='ocr_par' dir='ltr' id='par_1_77' title="bbox 2064 3530 3658 3612">
     <span class='ocr_line' id='line_1_77' title="bbox 2064 3530 3658 3612; baseline 0.01 -24"><span class='ocrx_word' id='word_1_581' title='bbox 2064 3530 2169 3589; x_wconf 92' lang='lat' dir='ltr'><strong>bus</strong></span> <span class='ocrx_word' id='word_1_582' title='bbox 2222 3549 2334 3589; x_wconf 90' lang='lat' dir='ltr'><strong>non</strong></span> <span class='ocrx_word' id='word_1_583' title='bbox 2370 3536 2536 3592; x_wconf 92' lang='lat' dir='ltr'><strong>modo</strong></span> <span class='ocrx_word' id='word_1_584' title='bbox 2570 3537 2760 3605; x_wconf 81' lang='lat' dir='ltr'><strong>Verbi,</strong></span> <span class='ocrx_word' id='word_1_585' title='bbox 2801 3540 2899 3596; x_wconf 91' lang='lat' dir='ltr'><strong>sed</strong></span> <span class='ocrx_word' id='word_1_586' title='bbox 2930 3543 3098 3598; x_wconf 88' lang='lat' dir='ltr'><strong>etiam</strong></span> <span class='ocrx_word' id='word_1_587' title='bbox 3143 3546 3347 3612; x_wconf 90' lang='lat' dir='ltr'><strong>carnis,</strong></span> <span class='ocrx_word' id='word_1_588' title='bbox 3399 3557 3658 3605; x_wconf 88' lang='lat' dir='ltr'><strong>constare</strong></span> 
     </span>
    </p>
   </div>
   <div class='ocr_carea' id='block_1_78' title="bbox 2063 3624 3659 3705">
    <p class='ocr_par' dir='ltr' id='par_1_78' title="bbox 2063 3624 3659 3705">
     <span class='ocr_line' id='line_1_78' title="bbox 2063 3624 3659 3705; baseline 0.009 -24"><span class='ocrx_word' id='word_1_589' title='bbox 2063 3624 2273 3682; x_wconf 89' lang='lat' dir='ltr'><strong>Christi</strong></span> <span class='ocrx_word' id='word_1_590' title='bbox 2314 3642 2570 3697; x_wconf 84' lang='lat' dir='ltr'><strong>persona.</strong></span> <span class='ocrx_word' id='word_1_591' title='bbox 2596 3629 2771 3697; x_wconf 85' lang='lat' dir='ltr'><strong>Quam</strong></span> <span class='ocrx_word' id='word_1_592' title='bbox 2797 3632 2843 3688; x_wconf 91' lang='lat' dir='ltr'><strong>si</strong></span> <span class='ocrx_word' id='word_1_593' title='bbox 2881 3636 3245 3705; x_wconf 89' lang='lat' dir='ltr'><strong>compositam</strong></span> <span class='ocrx_word' id='word_1_594' title='bbox 3270 3652 3301 3694; x_wconf 90' lang='lat' dir='ltr'><strong>e</strong></span> <span class='ocrx_word' id='word_1_595' title='bbox 3335 3641 3550 3696; x_wconf 86' lang='lat' dir='ltr'><strong>naturis</strong></span> <span class='ocrx_word' id='word_1_596' title='bbox 3572 3640 3659 3696; x_wconf 87' lang='lat' dir='ltr'><strong>di-</strong></span> 
     </span>
    </p>
   </div>
   <div class='ocr_carea' id='block_1_79' title="bbox 2064 3714 3658 3798">
    <p class='ocr_par' dir='ltr' id='par_1_79' title="bbox 2064 3714 3658 3798">
     <span class='ocr_line' id='line_1_79' title="bbox 2064 3714 3658 3798; baseline 0.012 -31"><span class='ocrx_word' id='word_1_597' title='bbox 2064 3714 2210 3777; x_wconf 91' lang='lat' dir='ltr'><strong>citis,</strong></span> <span class='ocrx_word' id='word_1_598' title='bbox 2239 3720 2652 3787; x_wconf 89' lang='lat' dir='ltr'><strong>consentimus;</strong></span> <span class='ocrx_word' id='word_1_599' title='bbox 2687 3721 2735 3776; x_wconf 94' lang='lat' dir='ltr'><strong>si</strong></span> <span class='ocrx_word' id='word_1_600' title='bbox 2761 3738 2894 3778; x_wconf 84' lang='lat' dir='ltr'><strong>vero</strong></span> <span class='ocrx_word' id='word_1_601' title='bbox 2916 3725 3074 3794; x_wconf 88' lang='lat' dir='ltr'><strong>quasi</strong></span> <span class='ocrx_word' id='word_1_602' title='bbox 3098 3741 3165 3781; x_wconf 82' lang='lat' dir='ltr'><strong>ex</strong></span> <span class='ocrx_word' id='word_1_603' title='bbox 3190 3730 3468 3798; x_wconf 90' lang='lat' dir='ltr'><strong>personis,</strong></span> <span class='ocrx_word' id='word_1_604' title='bbox 3491 3730 3658 3787; x_wconf 90' lang='lat' dir='ltr'><strong>absit.</strong></span> 
     </span>
    </p>
   </div>
   <div class='ocr_carea' id='block_1_80' title="bbox 2063 3806 3663 3888">
    <p class='ocr_par' dir='ltr' id='par_1_80' title="bbox 2063 3806 3663 3888">
     <span class='ocr_line' id='line_1_80' title="bbox 2063 3806 3663 3888; baseline 0.01 -27"><span class='ocrx_word' id='word_1_605' title='bbox 2063 3806 2478 3864; x_wconf 88' lang='lat' dir='ltr'><strong>Advertendum</strong></span> <span class='ocrx_word' id='word_1_606' title='bbox 2513 3820 2598 3867; x_wconf 89' lang='lat' dir='ltr'><strong>est</strong></span> <span class='ocrx_word' id='word_1_607' title='bbox 2627 3812 2796 3868; x_wconf 88' lang='lat' dir='ltr'><strong>etiam</strong></span> <span class='ocrx_word' id='word_1_608' title='bbox 2830 3814 2976 3871; x_wconf 87' lang='lat' dir='ltr'><strong>hanc</strong></span> <span class='ocrx_word' id='word_1_609' title='bbox 3015 3819 3474 3888; x_wconf 89' lang='lat' dir='ltr'><strong>compositionem</strong></span> <span class='ocrx_word' id='word_1_610' title='bbox 3521 3822 3663 3877; x_wconf 79' lang='lat' dir='ltr'><strong>idio-</strong></span> 
     </span>
    </p>
   </div>
   <div class='ocr_carea' id='block_1_81' title="bbox 2063 3898 3661 3977">
    <p class='ocr_par' dir='ltr' id='par_1_81' title="bbox 2063 3898 3661 3977">
     <span class='ocr_line' id='line_1_81' title="bbox 2063 3898 3661 3977; baseline 0.011 -25"><span class='ocrx_word' id='word_1_611' title='bbox 2063 3908 2274 3953; x_wconf 91' lang='lat' dir='ltr'><strong>matum</strong></span> <span class='ocrx_word' id='word_1_612' title='bbox 2300 3898 2432 3955; x_wconf 91' lang='lat' dir='ltr'><strong>licet</strong></span> <span class='ocrx_word' id='word_1_613' title='bbox 2462 3902 2811 3971; x_wconf 91' lang='lat' dir='ltr'><strong>pauciorum,</strong></span> <span class='ocrx_word' id='word_1_614' title='bbox 2858 3913 2987 3961; x_wconf 89' lang='lat' dir='ltr'><strong>ante</strong></span> <span class='ocrx_word' id='word_1_615' title='bbox 3013 3907 3188 3977; x_wconf 90' lang='lat' dir='ltr'><strong>ipsam</strong></span> <span class='ocrx_word' id='word_1_616' title='bbox 3218 3909 3661 3970; x_wconf 90' lang='lat' dir='ltr'><strong>incarnationem</strong></span> 
     </span>
    </p>
   </div>
   <div class='ocr_carea' id='block_1_82' title="bbox 2064 3990 3663 4066">
    <p class='ocr_par' dir='ltr' id='par_1_82' title="bbox 2064 3990 3663 4066">
     <span class='ocr_line' id='line_1_82' title="bbox 2064 3990 3663 4066; baseline 0.012 -22"><span class='ocrx_word' id='word_1_617' title='bbox 2064 3990 2390 4047; x_wconf 88' lang='lat' dir='ltr'><strong>convenisse</strong></span> <span class='ocrx_word' id='word_1_618' title='bbox 2420 3993 2587 4049; x_wconf 81' lang='lat' dir='ltr'><strong>Verbi</strong></span> <span class='ocrx_word' id='word_1_619' title='bbox 2633 4012 2884 4066; x_wconf 64' lang='lat' dir='ltr'><strong>personae</strong></span> <span class='ocrx_word' id='word_1_620' title='bbox 2917 4017 2930 4052; x_wconf 91' lang='lat'><strong>:</strong></span> <span class='ocrx_word' id='word_1_621' title='bbox 2960 4015 3074 4054; x_wconf 92' lang='lat' dir='ltr'><strong>non</strong></span> <span class='ocrx_word' id='word_1_622' title='bbox 3118 4002 3299 4057; x_wconf 92' lang='lat' dir='ltr'><strong>solum</strong></span> <span class='ocrx_word' id='word_1_623' title='bbox 3349 4006 3499 4059; x_wconf 89' lang='lat' dir='ltr'><strong>enim</strong></span> <span class='ocrx_word' id='word_1_624' title='bbox 3536 4022 3663 4063; x_wconf 83' lang='lat' dir='ltr'><strong>esse</strong></span> 
     </span>
    </p>
   </div>
   <div class='ocr_carea' id='block_1_83' title="bbox 2063 4088 3658 4167">
    <p class='ocr_par' dir='ltr' id='par_1_83' title="bbox 2063 4088 3658 4167">
     <span class='ocr_line' id='line_1_83' title="bbox 2063 4088 3658 4167; baseline 0.009 -28"><span class='ocrx_word' id='word_1_625' title='bbox 2063 4092 2406 4154; x_wconf 79' lang='lat' dir='ltr'><strong>generatum,</strong></span> <span class='ocrx_word' id='word_1_626' title='bbox 2461 4094 2546 4141; x_wconf 91' lang='lat' dir='ltr'><strong>est</strong></span> <span class='ocrx_word' id='word_1_627' title='bbox 2575 4088 2889 4158; x_wconf 84' lang='lat' dir='ltr'><strong>preprietas</strong></span> <span class='ocrx_word' id='word_1_628' title='bbox 2924 4090 3111 4158; x_wconf 87' lang='lat' dir='ltr'><strong>Verbi,</strong></span> <span class='ocrx_word' id='word_1_629' title='bbox 3164 4093 3259 4149; x_wconf 88' lang='lat' dir='ltr'><strong>sed</strong></span> <span class='ocrx_word' id='word_1_630' title='bbox 3293 4095 3461 4151; x_wconf 88' lang='lat' dir='ltr'><strong>etiam</strong></span> <span class='ocrx_word' id='word_1_631' title='bbox 3506 4098 3658 4167; x_wconf 92' lang='lat' dir='ltr'><strong>quod</strong></span> 
     </span>
    </p>
   </div>
   <div class='ocr_carea' id='block_1_84' title="bbox 2063 4178 3658 4261">
    <p class='ocr_par' dir='ltr' id='par_1_84' title="bbox 2063 4178 3658 4261">
     <span class='ocr_line' id='line_1_84' title="bbox 2063 4178 3658 4261; baseline 0.011 -30"><span class='ocrx_word' id='word_1_632' title='bbox 2063 4178 2535 4235; x_wconf 90' lang='lat' dir='ltr'><strong>consubstantiale</strong></span> <span class='ocrx_word' id='word_1_633' title='bbox 2563 4179 2800 4236; x_wconf 88' lang='lat' dir='ltr'><strong>Verbum</strong></span> <span class='ocrx_word' id='word_1_634' title='bbox 2830 4198 2944 4238; x_wconf 90' lang='lat' dir='ltr'><strong>non</strong></span> <span class='ocrx_word' id='word_1_635' title='bbox 2968 4195 3216 4256; x_wconf 76' lang='lat' dir='ltr'><strong>generet,</strong></span> <span class='ocrx_word' id='word_1_636' title='bbox 3240 4190 3389 4259; x_wconf 89' lang='lat' dir='ltr'><strong>quod</strong></span> <span class='ocrx_word' id='word_1_637' title='bbox 3414 4190 3658 4261; x_wconf 88' lang='lat' dir='ltr'><strong>Spiritus</strong></span> 
     </span>
    </p>
   </div>
   <div class='ocr_carea' id='block_1_85' title="bbox 2063 4269 3662 4354">
    <p class='ocr_par' dir='ltr' id='par_1_85' title="bbox 2063 4269 3662 4354">
     <span class='ocr_line' id='line_1_85' title="bbox 2063 4269 3662 4354; baseline 0.011 -32"><span class='ocrx_word' id='word_1_638' title='bbox 2063 4269 2335 4340; x_wconf 89' lang='lat' dir='ltr'><strong>primario</strong></span> <span class='ocrx_word' id='word_1_639' title='bbox 2351 4271 2420 4326; x_wconf 90' lang='lat' dir='ltr'><strong>ab</strong></span> <span class='ocrx_word' id='word_1_640' title='bbox 2460 4272 2581 4342; x_wconf 91' lang='lat' dir='ltr'><strong>ipso</strong></span> <span class='ocrx_word' id='word_1_641' title='bbox 2610 4289 2723 4329; x_wconf 92' lang='lat' dir='ltr'><strong>non</strong></span> <span class='ocrx_word' id='word_1_642' title='bbox 2751 4276 3037 4345; x_wconf 87' lang='lat' dir='ltr'><strong>procedat,</strong></span> <span class='ocrx_word' id='word_1_643' title='bbox 3070 4278 3219 4349; x_wconf 92' lang='lat' dir='ltr'><strong>quod</strong></span> <span class='ocrx_word' id='word_1_644' title='bbox 3246 4279 3364 4351; x_wconf 90' lang='lat' dir='ltr'><strong>ipse</strong></span> <span class='ocrx_word' id='word_1_645' title='bbox 3388 4298 3499 4337; x_wconf 92' lang='lat' dir='ltr'><strong>non</strong></span> <span class='ocrx_word' id='word_1_646' title='bbox 3530 4300 3662 4354; x_wconf 91' lang='lat' dir='ltr'><strong>pro-</strong></span> 
     </span>
    </p>
   </div>
   <div class='ocr_carea' id='block_1_86' title="bbox 2063 4362 3660 4436">
    <p class='ocr_par' dir='ltr' id='par_1_86' title="bbox 2063 4362 3660 4436">
     <span class='ocr_line' id='line_1_86' title="bbox 2063 4362 3660 4436; baseline 0.01 -19"><span class='ocrx_word' id='word_1_647' title='bbox 2063 4362 2223 4418; x_wconf 92' lang='lat' dir='ltr'><strong>cedat</strong></span> <span class='ocrx_word' id='word_1_648' title='bbox 2268 4364 2413 4419; x_wconf 91' lang='lat' dir='ltr'><strong>sicut</strong></span> <span class='ocrx_word' id='word_1_649' title='bbox 2444 4364 2685 4436; x_wconf 88' lang='lat' dir='ltr'><strong>Spiritus</strong></span> <span class='ocrx_word' id='word_1_650' title='bbox 2728 4376 2987 4436; x_wconf 90' lang='lat' dir='ltr'><strong>sanetus,</strong></span> <span class='ocrx_word' id='word_1_651' title='bbox 3033 4379 3091 4426; x_wconf 89' lang='lat' dir='ltr'><strong>et</strong></span> <span class='ocrx_word' id='word_1_652' title='bbox 3136 4372 3243 4428; x_wconf 88' lang='lat' dir='ltr'><strong>alia</strong></span> <span class='ocrx_word' id='word_1_653' title='bbox 3286 4373 3547 4431; x_wconf 88' lang='lat' dir='ltr'><strong>idiomata</strong></span> <span class='ocrx_word' id='word_1_654' title='bbox 3589 4378 3660 4434; x_wconf 88' lang='lat' dir='ltr'><strong>ad</strong></span> 
     </span>
    </p>
   </div>
   <div class='ocr_carea' id='block_1_87' title="bbox 2062 4457 3662 4538">
    <p class='ocr_par' dir='ltr' id='par_1_87' title="bbox 2062 4457 3662 4538">
     <span class='ocr_line' id='line_1_87' title="bbox 2062 4457 3662 4538; baseline 0.009 -28"><span class='ocrx_word' id='word_1_655' title='bbox 2062 4470 2190 4511; x_wconf 89' lang='lat' dir='ltr'><strong>eum</strong></span> <span class='ocrx_word' id='word_1_656' title='bbox 2241 4457 2597 4526; x_wconf 87' lang='lat' dir='ltr'><strong>pertinentia.</strong></span> <span class='ocrx_word' id='word_1_657' title='bbox 2648 4458 2857 4516; x_wconf 88' lang='lat' dir='ltr'><strong>Eodem</strong></span> <span class='ocrx_word' id='word_1_658' title='bbox 2910 4464 3077 4519; x_wconf 91' lang='lat' dir='ltr'><strong>modo</strong></span> <span class='ocrx_word' id='word_1_659' title='bbox 3120 4475 3206 4520; x_wconf 90' lang='lat' dir='ltr'><strong>est</strong></span> <span class='ocrx_word' id='word_1_660' title='bbox 3253 4469 3561 4538; x_wconf 90' lang='lat' dir='ltr'><strong>composita</strong></span> <span class='ocrx_word' id='word_1_661' title='bbox 3602 4476 3662 4525; x_wconf 88' lang='lat' dir='ltr'><strong>et</strong></span> 
     </span>
    </p>
   </div>
   <div class='ocr_carea' id='block_1_88' title="bbox 2062 4549 3661 4624">
    <p class='ocr_par' dir='ltr' id='par_1_88' title="bbox 2062 4549 3661 4624">
     <span class='ocr_line' id='line_1_88' title="bbox 2062 4549 3661 4624; baseline 0.01 -23"><span class='ocrx_word' id='word_1_662' title='bbox 2062 4562 2302 4617; x_wconf 87' lang='lat' dir='ltr'><strong>persona</strong></span> <span class='ocrx_word' id='word_1_663' title='bbox 2325 4549 2596 4617; x_wconf 87' lang='lat' dir='ltr'><strong>Patris,et</strong></span> <span class='ocrx_word' id='word_1_664' title='bbox 2619 4551 2859 4623; x_wconf 89' lang='lat' dir='ltr'><strong>Spiritus</strong></span> <span class='ocrx_word' id='word_1_665' title='bbox 2880 4556 3086 4624; x_wconf 88' lang='lat' dir='ltr'><strong>sancti,</strong></span> <span class='ocrx_word' id='word_1_666' title='bbox 3123 4573 3233 4613; x_wconf 93' lang='lat' dir='ltr'><strong>non</strong></span> <span class='ocrx_word' id='word_1_667' title='bbox 3260 4560 3436 4615; x_wconf 89' lang='lat' dir='ltr'><strong>solius</strong></span> <span class='ocrx_word' id='word_1_668' title='bbox 3467 4561 3661 4617; x_wconf 89' lang='lat' dir='ltr'><strong>Verbi.</strong></span> 
     </span>
    </p>
   </div>
   <div class='ocr_carea' id='block_1_89' title="bbox 365 4636 1966 4718">
    <p class='ocr_par' dir='ltr' id='par_1_89' title="bbox 365 4640 1961 4713">
     <span class='ocr_line' id='line_1_89' title="bbox 365 4640 1961 4713; baseline 0.006 -18"><span class='ocrx_word' id='word_1_669' title='bbox 365 4641 529 4709; x_wconf 89' lang='grc' dir='ltr'>ἁγίου</span> <span class='ocrx_word' id='word_1_670' title='bbox 579 4640 899 4711; x_wconf 88' lang='grc' dir='ltr'>Πνεύματος</span> <span class='ocrx_word' id='word_1_671' title='bbox 946 4643 981 4713; x_wconf 86' lang='grc' dir='ltr'><strong>ή</strong></span> <span class='ocrx_word' id='word_1_672' title='bbox 1033 4641 1367 4707; x_wconf 85' lang='grc' dir='ltr'>ὑπόστασις·</span> <span class='ocrx_word' id='word_1_673' title='bbox 1418 4643 1535 4709; x_wconf 87' lang='grc' dir='ltr'><strong>πῶς</strong></span> <span class='ocrx_word' id='word_1_674' title='bbox 1574 4642 1669 4701; x_wconf 83' lang='grc' dir='ltr'><strong>οῦν</strong></span> <span class='ocrx_word' id='word_1_675' title='bbox 1712 4648 1777 4701; x_wconf 82' lang='grc' dir='ltr'>ὲκ</span> <span class='ocrx_word' id='word_1_676' title='bbox 1805 4651 1961 4705; x_wconf 84' lang='grc' dir='ltr'>τοῦδε</span> 
     </span>
    </p>
   </div>
   <div class='ocr_carea' id='block_1_90' title="bbox 2067 4636 3661 4718">
    <p class='ocr_par' dir='ltr' id='par_1_90' title="bbox 2067 4644 3661 4718">
     <span class='ocr_line' id='line_1_90' title="bbox 2067 4644 3661 4718; baseline 0.008 -17"><span class='ocrx_word' id='word_1_677' title='bbox 2067 4644 2273 4715; x_wconf 88' lang='lat' dir='ltr'><strong>thuid</strong></span> <span class='ocrx_word' id='word_1_678' title='bbox 2311 4662 2444 4718; x_wconf 85' lang='lat' dir='ltr'><strong>ergo</strong></span> <span class='ocrx_word' id='word_1_679' title='bbox 2478 4663 2548 4702; x_wconf 85' lang='lat' dir='ltr'><strong>ex</strong></span> <span class='ocrx_word' id='word_1_680' title='bbox 2572 4648 2678 4704; x_wconf 86' lang='lat' dir='ltr'><strong>hoc</strong></span> <span class='ocrx_word' id='word_1_681' title='bbox 2725 4649 2891 4706; x_wconf 89' lang='lat' dir='ltr'><strong>nobis</strong></span> <span class='ocrx_word' id='word_1_682' title='bbox 2922 4653 3319 4710; x_wconf 72' lang='lat' dir='ltr'><strong>enumeranda:</strong></span> <span class='ocrx_word' id='word_1_683' title='bbox 3344 4655 3400 4709; x_wconf 91' lang='lat' dir='ltr'><strong>in</strong></span> <span class='ocrx_word' id='word_1_684' title='bbox 3435 4655 3661 4713; x_wconf 89' lang='lat' dir='ltr'><strong>Christo</strong></span> 
     </span>
    </p>
   </div>
   <div class='ocr_carea' id='block_1_91' title="bbox 362 4732 1961 4811">
    <p class='ocr_par' dir='ltr' id='par_1_91' title="bbox 362 4732 1961 4811">
     <span class='ocr_line' id='line_1_91' title="bbox 362 4732 1961 4811; baseline 0.002 -22"><span class='ocrx_word' id='word_1_685' title='bbox 362 4734 544 4804; x_wconf 86' lang='grc' dir='ltr'>ἁπλῆς</span> <span class='ocrx_word' id='word_1_686' title='bbox 575 4750 637 4787; x_wconf 89' lang='grc' dir='ltr'>τε</span> <span class='ocrx_word' id='word_1_687' title='bbox 672 4734 762 4787; x_wconf 76' lang='grc' dir='ltr'>καὶ</span> <span class='ocrx_word' id='word_1_688' title='bbox 795 4732 1052 4787; x_wconf 87' lang='grc' dir='ltr'>συνθέτου</span> <span class='ocrx_word' id='word_1_689' title='bbox 1096 4733 1454 4800; x_wconf 90' lang='grc' dir='ltr'>ὑποστάσεως</span> <span class='ocrx_word' id='word_1_690' title='bbox 1485 4738 1622 4808; x_wconf 85' lang='grc' dir='ltr'>ἡμῖν</span> <span class='ocrx_word' id='word_1_691' title='bbox 1650 4738 1961 4811; x_wconf 78' lang='grc' dir='ltr'>ἐξαρίθμη-</span> 
     </span>
    </p>
   </div>
   <div class='ocr_carea' id='block_1_92' title="bbox 365 4824 1956 4903">
    <p class='ocr_par' dir='ltr' id='par_1_92' title="bbox 365 4824 1956 4903">
     <span class='ocr_line' id='line_1_92' title="bbox 365 4824 1956 4903; baseline 0.003 -22"><span class='ocrx_word' id='word_1_692' title='bbox 365 4842 452 4890; x_wconf 88' lang='grc' dir='ltr'><strong>σις</strong></span> <span class='ocrx_word' id='word_1_693' title='bbox 481 4826 877 4898; x_wconf 82' lang='grc' dir='ltr'>συναχθήσεται</span> <span class='ocrx_word' id='word_1_694' title='bbox 926 4826 1023 4879; x_wconf 75' lang='grc' dir='ltr'>επὶ</span> <span class='ocrx_word' id='word_1_695' title='bbox 1072 4824 1165 4879; x_wconf 89' lang='grc' dir='ltr'><strong>τοῦ</strong></span> <span class='ocrx_word' id='word_1_696' title='bbox 1207 4825 1420 4895; x_wconf 88' lang='grc' dir='ltr'>Λόγου;</span> <span class='ocrx_word' id='word_1_697' title='bbox 1462 4827 1563 4897; x_wconf 85' lang='grc' dir='ltr'><strong>μία</strong></span> <span class='ocrx_word' id='word_1_698' title='bbox 1611 4828 1721 4898; x_wconf 86' lang='grc' dir='ltr'><strong>γάρ</strong></span> <span class='ocrx_word' id='word_1_699' title='bbox 1754 4830 1788 4901; x_wconf 83' lang='grc' dir='ltr'>ἡ</span> <span class='ocrx_word' id='word_1_700' title='bbox 1819 4830 1956 4903; x_wconf 81' lang='grc' dir='ltr'>αὐτή</span> 
     </span>
    </p>
   </div>
   <div class='ocr_carea' id='block_1_93' title="bbox 362 4918 1959 4996">
    <p class='ocr_par' dir='ltr' id='par_1_93' title="bbox 362 4918 1959 4996">
     <span class='ocr_line' id='line_1_93' title="bbox 362 4918 1959 4996; baseline 0.003 -21"><span class='ocrx_word' id='word_1_701' title='bbox 362 4922 516 4975; x_wconf 72' lang='grc' dir='ltr'>ἔστιν</span> <span class='ocrx_word' id='word_1_702' title='bbox 565 4921 632 4974; x_wconf 81' lang='grc' dir='ltr'>ὲκ</span> <span class='ocrx_word' id='word_1_703' title='bbox 680 4919 944 4973; x_wconf 87' lang='grc' dir='ltr'>πλειόνων</span> <span class='ocrx_word' id='word_1_704' title='bbox 979 4918 1289 4991; x_wconf 86' lang='grc' dir='ltr'>ἰδιωμάτων</span> <span class='ocrx_word' id='word_1_705' title='bbox 1328 4921 1664 4996; x_wconf 86' lang='grc' dir='ltr'>συγκειμένη</span> <span class='ocrx_word' id='word_1_706' title='bbox 1693 4923 1785 4978; x_wconf 79' lang='grc' dir='ltr'><strong>τὸν</strong></span> <span class='ocrx_word' id='word_1_707' title='bbox 1824 4924 1959 4979; x_wconf 88' lang='grc' dir='ltr'>ὑπο-</span> 
     </span>
    </p>
   </div>
   <div class='ocr_carea' id='block_1_94' title="bbox 364 5012 1034 5084">
    <p class='ocr_par' dir='ltr' id='par_1_94' title="bbox 364 5012 1034 5084">
     <span class='ocr_line' id='line_1_94' title="bbox 364 5012 1034 5084; baseline -0.001 -14"><span class='ocrx_word' id='word_1_708' title='bbox 364 5014 621 5071; x_wconf 75' lang='grc' dir='ltr'>στατικὸν</span> <span class='ocrx_word' id='word_1_709' title='bbox 638 5012 813 5084; x_wconf 90' lang='grc' dir='ltr'>Λόγον</span> <span class='ocrx_word' id='word_1_710' title='bbox 842 5012 1034 5084; x_wconf 84' lang='grc' dir='ltr'>αὑτῆς.</span> 
     </span>
    </p>
   </div>
   <div class='ocr_carea' id='block_1_95' title="bbox 944 5106 1363 5163">
    <p class='ocr_par' dir='ltr' id='par_1_95' title="bbox 944 5106 1363 5163">
     <span class='ocr_line' id='line_1_95' title="bbox 944 5106 1363 5163; baseline 0.005 -2"><span class='ocrx_word' id='word_1_711' title='bbox 944 5106 1202 5162; x_wconf 81' lang='grc' dir='ltr'>ΚΕΦΛΛ.</span> <span class='ocrx_word' id='word_1_712' title='bbox 1233 5107 1363 5163; x_wconf 86' lang='lat' dir='ltr'><strong>KE’.</strong></span> 
     </span>
    </p>
   </div>
   <div class='ocr_carea' id='block_1_96' title="bbox 448 5198 1953 5273">
    <p class='ocr_par' dir='ltr' id='par_1_96' title="bbox 448 5198 1953 5273">
     <span class='ocr_line' id='line_1_96' title="bbox 448 5198 1953 5273; baseline 0.001 -18"><span class='ocrx_word' id='word_1_713' title='bbox 448 5200 508 5254; x_wconf 81' lang='grc' dir='ltr'>ὐ</span> <span class='ocrx_word' id='word_1_714' title='bbox 539 5198 615 5272; x_wconf 80' lang='grc' dir='ltr'>μὴ</span> <span class='ocrx_word' id='word_1_715' title='bbox 645 5198 877 5273; x_wconf 90' lang='grc' dir='ltr'>διαιρῶν</span> <span class='ocrx_word' id='word_1_716' title='bbox 917 5198 1013 5253; x_wconf 85' lang='grc' dir='ltr'>τοῦ</span> <span class='ocrx_word' id='word_1_717' title='bbox 1063 5199 1305 5270; x_wconf 91' lang='grc' dir='ltr'>Χριστοῦ</span> <span class='ocrx_word' id='word_1_718' title='bbox 1342 5198 1442 5265; x_wconf 84' lang='grc' dir='ltr'>τὰς</span> <span class='ocrx_word' id='word_1_719' title='bbox 1487 5200 1841 5268; x_wconf 83' lang='grc' dir='ltr'>ὑποστάσεις,</span> <span class='ocrx_word' id='word_1_720' title='bbox 1891 5204 1953 5257; x_wconf 92' lang='grc' dir='ltr'><strong>οὑ</strong></span> 
     </span>
    </p>
   </div>
   <div class='ocr_carea' id='block_1_97' title="bbox 357 5288 1956 5365">
    <p class='ocr_par' dir='ltr' id='par_1_97' title="bbox 357 5288 1956 5365">
     <span class='ocr_line' id='line_1_97' title="bbox 357 5288 1956 5365; baseline 0.001 -18"><span class='ocrx_word' id='word_1_721' title='bbox 357 5290 589 5347; x_wconf 73' lang='grc' dir='ltr'>δύναται</span> <span class='ocrx_word' id='word_1_722' title='bbox 620 5289 805 5358; x_wconf 88' lang='grc' dir='ltr'>λέγειν</span> <span class='ocrx_word' id='word_1_723' title='bbox 848 5290 942 5344; x_wconf 83' lang='grc' dir='ltr'>τὸν</span> <span class='ocrx_word' id='word_1_724' title='bbox 974 5289 1070 5344; x_wconf 87' lang='grc' dir='ltr'>τοῦ</span> <span class='ocrx_word' id='word_1_725' title='bbox 1103 5288 1345 5361; x_wconf 87' lang='grc' dir='ltr'>Χριστοῦ</span> <span class='ocrx_word' id='word_1_726' title='bbox 1388 5291 1457 5346; x_wconf 82' lang='grc' dir='ltr'><strong>τὰ</strong></span> <span class='ocrx_word' id='word_1_727' title='bbox 1511 5292 1612 5363; x_wconf 83' lang='grc' dir='ltr'>μὲν</span> <span class='ocrx_word' id='word_1_728' title='bbox 1643 5292 1860 5365; x_wconf 85' lang='grc' dir='ltr'>θεότητι</span> <span class='ocrx_word' id='word_1_729' title='bbox 1886 5294 1956 5349; x_wconf 85' lang='grc' dir='ltr'>τά</span> 
     </span>
    </p>
   </div>
   <div class='ocr_carea' id='block_1_98' title="bbox 358 5377 1953 5454">
    <p class='ocr_par' dir='ltr' id='par_1_98' title="bbox 358 5377 1953 5454">
     <span class='ocr_line' id='line_1_98' title="bbox 358 5377 1953 5454; baseline 0.004 -21"><span class='ocrx_word' id='word_1_730' title='bbox 358 5380 418 5433; x_wconf 82' lang='grc' dir='ltr'>δὲ</span> <span class='ocrx_word' id='word_1_731' title='bbox 460 5379 647 5451; x_wconf 80' lang='grc' dir='ltr'>σαρκὶ,</span> <span class='ocrx_word' id='word_1_732' title='bbox 685 5377 823 5434; x_wconf 81' lang='grc' dir='ltr'>ἀλλὰ</span> <span class='ocrx_word' id='word_1_733' title='bbox 863 5378 1042 5433; x_wconf 88' lang='grc' dir='ltr'>πάντα</span> <span class='ocrx_word' id='word_1_734' title='bbox 1095 5378 1263 5451; x_wconf 80' lang='grc' dir='ltr'>σαρκὶ</span> <span class='ocrx_word' id='word_1_735' title='bbox 1291 5379 1393 5433; x_wconf 85' lang='grc' dir='ltr'>ὅσα</span> <span class='ocrx_word' id='word_1_736' title='bbox 1440 5382 1535 5436; x_wconf 78' lang='grc' dir='ltr'>καὶ</span> <span class='ocrx_word' id='word_1_737' title='bbox 1583 5383 1769 5454; x_wconf 86' lang='grc' dir='ltr'>σαρκί.</span> <span class='ocrx_word' id='word_1_738' title='bbox 1810 5385 1953 5441; x_wconf 81' lang='grc' dir='ltr'>Ἀλλ’</span> 
     </span>
    </p>
   </div>
   <div class='ocr_carea' id='block_1_99' title="bbox 359 5468 1955 5543">
    <p class='ocr_par' dir='ltr' id='par_1_99' title="bbox 359 5468 1955 5543">
     <span class='ocr_line' id='line_1_99' title="bbox 359 5468 1955 5543; baseline 0.008 -23"><span class='ocrx_word' id='word_1_739' title='bbox 359 5468 479 5523; x_wconf 77' lang='grc' dir='ltr'>ἐστι</span> <span class='ocrx_word' id='word_1_740' title='bbox 517 5471 614 5525; x_wconf 75' lang='grc' dir='ltr'>καὶ</span> <span class='ocrx_word' id='word_1_741' title='bbox 642 5469 920 5543; x_wconf 87' lang='grc' dir='ltr'>διακρίσει</span> <span class='ocrx_word' id='word_1_742' title='bbox 938 5471 1051 5525; x_wconf 90' lang='grc' dir='ltr'><strong>τῶν</strong></span> <span class='ocrx_word' id='word_1_743' title='bbox 1082 5471 1302 5542; x_wconf 88' lang='grc' dir='ltr'>φύσεων</span> <span class='ocrx_word' id='word_1_744' title='bbox 1334 5473 1646 5529; x_wconf 83' lang='grc' dir='ltr'>ἀποδιδόναι</span> <span class='ocrx_word' id='word_1_745' title='bbox 1674 5475 1744 5530; x_wconf 75' lang='grc' dir='ltr'><strong>τά</strong></span> <span class='ocrx_word' id='word_1_746' title='bbox 1775 5479 1955 5535; x_wconf 86' lang='grc' dir='ltr'>οἰκεῖα</span> 
     </span>
    </p>
   </div>
   <div class='ocr_carea' id='block_1_100' title="bbox 359 5562 1955 5646">
    <p class='ocr_par' dir='ltr' id='par_1_100' title="bbox 359 5562 1955 5646">
     <span class='ocr_line' id='line_1_100' title="bbox 359 5562 1955 5646; baseline 0.009 -32"><span class='ocrx_word' id='word_1_747' title='bbox 359 5562 569 5618; x_wconf 84' lang='grc' dir='ltr'>τούτων</span> <span class='ocrx_word' id='word_1_748' title='bbox 623 5565 915 5639; x_wconf 73' lang='grc' dir='ltr'>ἐκατέρῳ·</span> <span class='ocrx_word' id='word_1_749' title='bbox 965 5567 1028 5619; x_wconf 90' lang='grc' dir='ltr'><strong>οὑ</strong></span> <span class='ocrx_word' id='word_1_750' title='bbox 1100 5565 1211 5636; x_wconf 88' lang='grc' dir='ltr'><strong>γὰρ</strong></span> <span class='ocrx_word' id='word_1_751' title='bbox 1265 5567 1595 5634; x_wconf 86' lang='grc' dir='ltr'>ὑποστάσεις</span> <span class='ocrx_word' id='word_1_752' title='bbox 1661 5570 1955 5646; x_wconf 85' lang='grc' dir='ltr'>διαφόρους</span> 
     </span>
    </p>
   </div>
   <div class='ocr_carea' id='block_1_101' title="bbox 361 5656 1955 5737">
    <p class='ocr_par' dir='ltr' id='par_1_101' title="bbox 361 5656 1955 5737">
     <span class='ocr_line' id='line_1_101' title="bbox 361 5656 1955 5737; baseline 0.009 -30"><span class='ocrx_word' id='word_1_753' title='bbox 361 5656 637 5720; x_wconf 80' lang='grc' dir='ltr'>συνιέντες</span> <span class='ocrx_word' id='word_1_754' title='bbox 669 5658 850 5731; x_wconf 80' lang='grc' dir='ltr'>φαμὲν</span> <span class='ocrx_word' id='word_1_755' title='bbox 879 5656 975 5713; x_wconf 90' lang='grc' dir='ltr'>τοῦ</span> <span class='ocrx_word' id='word_1_756' title='bbox 1006 5660 1073 5713; x_wconf 82' lang='grc' dir='ltr'>ὲκ</span> <span class='ocrx_word' id='word_1_757' title='bbox 1111 5657 1304 5724; x_wconf 83' lang='grc' dir='ltr'>δεξιῶν</span> <span class='ocrx_word' id='word_1_758' title='bbox 1337 5658 1537 5732; x_wconf 85' lang='grc' dir='ltr'>λῃστοῦ</span> <span class='ocrx_word' id='word_1_759' title='bbox 1578 5664 1639 5719; x_wconf 80' lang='grc' dir='ltr'>ἐν</span> <span class='ocrx_word' id='word_1_760' title='bbox 1678 5663 1759 5737; x_wconf 84' lang='grc' dir='ltr'><strong>τῷ</strong></span> <span class='ocrx_word' id='word_1_761' title='bbox 1789 5683 1955 5721; x_wconf 89' lang='grc' dir='ltr'>σταυ-</span> 
     </span>
    </p>
   </div>
   <div class='ocr_carea' id='block_1_102' title="bbox 436 5798 1951 5874">
    <p class='ocr_par' dir='ltr' id='par_1_102' title="bbox 436 5798 1951 5874">
     <span class='ocr_line' id='line_1_102' title="bbox 436 5798 1951 5874; baseline 0.008 -20"><span class='ocrx_word' id='word_1_762' title='bbox 436 5798 452 5874; x_wconf 69' lang='grc' dir='ltr'>ζ</span> <span class='ocrx_word' id='word_1_763' title='bbox 466 5800 511 5866; x_wconf 67' lang='grc' dir='ltr'>ἰ)</span> <span class='ocrx_word' id='word_1_764' title='bbox 542 5799 783 5856; x_wconf 86' lang='lat' dir='ltr'><strong>Severus</strong></span> <span class='ocrx_word' id='word_1_765' title='bbox 813 5800 1198 5860; x_wconf 87' lang='lat' dir='ltr'><strong>Antiochenus</strong></span> <span class='ocrx_word' id='word_1_766' title='bbox 1217 5803 1556 5874; x_wconf 85' lang='lat' dir='ltr'><strong>patriarcha,</strong></span> <span class='ocrx_word' id='word_1_767' title='bbox 1582 5806 1638 5861; x_wconf 93' lang='lat' dir='ltr'><strong>in</strong></span> <span class='ocrx_word' id='word_1_768' title='bbox 1664 5817 1822 5863; x_wconf 79' lang='lat' dir='ltr'><strong>sexto</strong></span> <span class='ocrx_word' id='word_1_769' title='bbox 1846 5825 1951 5865; x_wconf 79' lang='lat' dir='ltr'><strong>sae-</strong></span> 
     </span>
    </p>
   </div>
   <div class='ocr_carea' id='block_1_103' title="bbox 362 5868 1953 5947">
    <p class='ocr_par' dir='ltr' id='par_1_103' title="bbox 362 5868 1953 5947">
     <span class='ocr_line' id='line_1_103' title="bbox 362 5868 1953 5947; baseline 0.007 -23"><span class='ocrx_word' id='word_1_770' title='bbox 362 5868 493 5947; x_wconf 67' lang='lat' dir='ltr'><strong>culo</strong></span> <span class='ocrx_word' id='word_1_771' title='bbox 522 5886 735 5926; x_wconf 87' lang='lat' dir='ltr'><strong>ramum</strong></span> <span class='ocrx_word' id='word_1_772' title='bbox 762 5887 969 5928; x_wconf 88' lang='lat' dir='ltr'><strong>novum</strong></span> <span class='ocrx_word' id='word_1_773' title='bbox 1018 5868 1307 5947; x_wconf 79' lang='lat' dir='ltr'><strong>protendit</strong></span> <span class='ocrx_word' id='word_1_774' title='bbox 1336 5875 1414 5947; x_wconf 14' lang='lat' dir='ltr'><strong>ab,</strong></span> <span class='ocrx_word' id='word_1_775' title='bbox 1435 5868 1782 5947; x_wconf 82' lang='lat' dir='ltr'><strong>Eutychiana</strong></span> <span class='ocrx_word' id='word_1_776' title='bbox 1839 5880 1953 5935; x_wconf 74' lang='lat' dir='ltr'><strong>ha:-</strong></span> 
     </span>
    </p>
   </div>
   <div class='ocr_carea' id='block_1_104' title="bbox 364 5940 1953 6018">
    <p class='ocr_par' dir='ltr' id='par_1_104' title="bbox 364 5940 1953 6018">
     <span class='ocr_line' id='line_1_104' title="bbox 364 5940 1953 6018; baseline 0.007 -23"><span class='ocrx_word' id='word_1_777' title='bbox 364 5940 709 5998; x_wconf 81' lang='lat' dir='ltr'><strong>resizunam</strong></span> <span class='ocrx_word' id='word_1_778' title='bbox 772 5958 893 5999; x_wconf 80' lang='lat' dir='ltr'><strong>esse</strong></span> <span class='ocrx_word' id='word_1_779' title='bbox 936 5940 1193 6002; x_wconf 75' lang='lat' dir='ltr'><strong>naturam</strong></span> <span class='ocrx_word' id='word_1_780' title='bbox 1256 5946 1313 6002; x_wconf 88' lang='lat' dir='ltr'><strong>in</strong></span> <span class='ocrx_word' id='word_1_781' title='bbox 1358 5940 1604 6015; x_wconf 79' lang='lat' dir='ltr'><strong>Cbristb,</strong></span> <span class='ocrx_word' id='word_1_782' title='bbox 1671 5949 1953 6018; x_wconf 84' lang='lat' dir='ltr'><strong>dicebant,</strong></span> 
     </span>
    </p>
   </div>
   <div class='ocr_carea' id='block_1_105' title="bbox 2065 4736 3659 4812">
    <p class='ocr_par' dir='ltr' id='par_1_105' title="bbox 2065 4736 3659 4812">
     <span class='ocr_line' id='line_1_105' title="bbox 2065 4736 3659 4812; baseline 0.011 -24"><span class='ocrx_word' id='word_1_783' title='bbox 2065 4745 2121 4790; x_wconf 90' lang='lat' dir='ltr'><strong>et</strong></span> <span class='ocrx_word' id='word_1_784' title='bbox 2145 4736 2401 4807; x_wconf 85' lang='lat' dir='ltr'><strong>simplex,</strong></span> <span class='ocrx_word' id='word_1_785' title='bbox 2428 4747 2484 4793; x_wconf 90' lang='lat' dir='ltr'><strong>et</strong></span> <span class='ocrx_word' id='word_1_786' title='bbox 2509 4740 2818 4811; x_wconf 90' lang='lat' dir='ltr'><strong>composita</strong></span> <span class='ocrx_word' id='word_1_787' title='bbox 2840 4758 3077 4812; x_wconf 90' lang='lat' dir='ltr'><strong>persona</strong></span> <span class='ocrx_word' id='word_1_788' title='bbox 3110 4744 3515 4801; x_wconf 89' lang='lat' dir='ltr'><strong>adducuntur?</strong></span> <span class='ocrx_word' id='word_1_789' title='bbox 3539 4748 3659 4805; x_wconf 87' lang='lat' dir='ltr'><strong>Una</strong></span> 
     </span>
    </p>
   </div>
   <div class='ocr_carea' id='block_1_106' title="bbox 2065 4828 3656 4911">
    <p class='ocr_par' dir='ltr' id='par_1_106' title="bbox 2065 4828 3656 4911">
     <span class='ocr_line' id='line_1_106' title="bbox 2065 4828 3656 4911; baseline 0.01 -30"><span class='ocrx_word' id='word_1_790' title='bbox 2065 4828 2216 4883; x_wconf 88' lang='lat' dir='ltr'><strong>enim</strong></span> <span class='ocrx_word' id='word_1_791' title='bbox 2268 4837 2326 4883; x_wconf 91' lang='lat' dir='ltr'><strong>et</strong></span> <span class='ocrx_word' id='word_1_792' title='bbox 2358 4831 2553 4886; x_wconf 88' lang='lat' dir='ltr'><strong>eadem</strong></span> <span class='ocrx_word' id='word_1_793' title='bbox 2610 4842 2696 4887; x_wconf 86' lang='lat' dir='ltr'><strong>est</strong></span> <span class='ocrx_word' id='word_1_794' title='bbox 2725 4875 2739 4899; x_wconf 91' lang='lat'><strong>,</strong></span> <span class='ocrx_word' id='word_1_795' title='bbox 2793 4849 2860 4889; x_wconf 82' lang='lat' dir='ltr'><strong>ex</strong></span> <span class='ocrx_word' id='word_1_796' title='bbox 2887 4835 3143 4907; x_wconf 90' lang='lat' dir='ltr'><strong>pluribus</strong></span> <span class='ocrx_word' id='word_1_797' title='bbox 3187 4840 3656 4911; x_wconf 85' lang='lat' dir='ltr'><strong>proprietatibus,</strong></span> 
     </span>
    </p>
   </div>
   <div class='ocr_carea' id='block_1_107' title="bbox 2064 4923 3265 5001">
    <p class='ocr_par' dir='ltr' id='par_1_107' title="bbox 2064 4923 3265 5001">
     <span class='ocr_line' id='line_1_107' title="bbox 2064 4923 3265 5001; baseline 0.009 -25"><span class='ocrx_word' id='word_1_798' title='bbox 2064 4937 2193 4977; x_wconf 89' lang='lat' dir='ltr'><strong>cum</strong></span> <span class='ocrx_word' id='word_1_799' title='bbox 2230 4923 2431 4990; x_wconf 90' lang='lat' dir='ltr'><strong>Verbo,</strong></span> <span class='ocrx_word' id='word_1_800' title='bbox 2464 4924 2520 4981; x_wconf 90' lang='lat' dir='ltr'><strong>in</strong></span> <span class='ocrx_word' id='word_1_801' title='bbox 2550 4942 2787 4997; x_wconf 85' lang='lat' dir='ltr'><strong>persona</strong></span> <span class='ocrx_word' id='word_1_802' title='bbox 2820 4929 2943 5001; x_wconf 89' lang='lat' dir='ltr'><strong>ejus</strong></span> <span class='ocrx_word' id='word_1_803' title='bbox 2974 4931 3265 4988; x_wconf 80' lang='lat' dir='ltr'><strong>exsistens.</strong></span> 
     </span>
    </p>
   </div>
   <div class='ocr_carea' id='block_1_108' title="bbox 2684 5108 3048 5165">
    <p class='ocr_par' dir='ltr' id='par_1_108' title="bbox 2684 5108 3048 5165">
     <span class='ocr_line' id='line_1_108' title="bbox 2684 5108 3048 5165; baseline 0 0"><span class='ocrx_word' id='word_1_804' title='bbox 2684 5108 2838 5165; x_wconf 76' lang='lat' dir='ltr'><strong>CAP.</strong></span> <span class='ocrx_word' id='word_1_805' title='bbox 2880 5109 3048 5165; x_wconf 83' lang='lat' dir='ltr'><strong>XXV.</strong></span> 
     </span>
    </p>
   </div>
   <div class='ocr_carea' id='block_1_109' title="bbox 2134 5200 3659 5280">
    <p class='ocr_par' dir='ltr' id='par_1_109' title="bbox 2134 5200 3659 5280">
     <span class='ocr_line' id='line_1_109' title="bbox 2134 5200 3659 5280; baseline 0.004 -24"><span class='ocrx_word' id='word_1_806' title='bbox 2134 5201 2237 5270; x_wconf 86' lang='lat' dir='ltr'><strong>Qui</strong></span> <span class='ocrx_word' id='word_1_807' title='bbox 2268 5200 2473 5258; x_wconf 90' lang='lat' dir='ltr'><strong>Christi</strong></span> <span class='ocrx_word' id='word_1_808' title='bbox 2505 5218 2771 5273; x_wconf 90' lang='lat' dir='ltr'><strong>personas</strong></span> <span class='ocrx_word' id='word_1_809' title='bbox 2829 5219 2941 5257; x_wconf 92' lang='lat' dir='ltr'><strong>non</strong></span> <span class='ocrx_word' id='word_1_810' title='bbox 2977 5202 3273 5276; x_wconf 84' lang='lat' dir='ltr'><strong>distinguit</strong></span> <span class='ocrx_word' id='word_1_811' title='bbox 3307 5246 3322 5272; x_wconf 90' lang='lat'><strong>,</strong></span> <span class='ocrx_word' id='word_1_812' title='bbox 3369 5221 3480 5261; x_wconf 90' lang='lat' dir='ltr'><strong>non</strong></span> <span class='ocrx_word' id='word_1_813' title='bbox 3557 5222 3659 5280; x_wconf 77' lang='lat' dir='ltr'><strong>po-</strong></span> 
     </span>
    </p>
   </div>
   <div class='ocr_carea' id='block_1_110' title="bbox 2065 5294 3657 5367">
    <p class='ocr_par' dir='ltr' id='par_1_110' title="bbox 2065 5294 3657 5367">
     <span class='ocr_line' id='line_1_110' title="bbox 2065 5294 3657 5367; baseline 0.006 -20"><span class='ocrx_word' id='word_1_814' title='bbox 2065 5301 2171 5349; x_wconf 90' lang='lat' dir='ltr'><strong>test</strong></span> <span class='ocrx_word' id='word_1_815' title='bbox 2224 5294 2514 5349; x_wconf 89' lang='lat' dir='ltr'><strong>tractando</strong></span> <span class='ocrx_word' id='word_1_816' title='bbox 2569 5295 2637 5350; x_wconf 92' lang='lat' dir='ltr'><strong>de</strong></span> <span class='ocrx_word' id='word_1_817' title='bbox 2695 5294 2921 5350; x_wconf 88' lang='lat' dir='ltr'><strong>Christo</strong></span> <span class='ocrx_word' id='word_1_818' title='bbox 2987 5295 3105 5350; x_wconf 72' lang='lat' dir='ltr'><strong>lucc</strong></span> <span class='ocrx_word' id='word_1_819' title='bbox 3178 5296 3504 5367; x_wconf 86' lang='lat' dir='ltr'><strong>divinitati,</strong></span> <span class='ocrx_word' id='word_1_820' title='bbox 3552 5300 3657 5357; x_wconf 89' lang='lat' dir='ltr'><strong>ista</strong></span> 
     </span>
    </p>
   </div>
   <div class='ocr_carea' id='block_1_111' title="bbox 2062 5387 3655 5458">
    <p class='ocr_par' dir='ltr' id='par_1_111' title="bbox 2062 5387 3655 5458">
     <span class='ocr_line' id='line_1_111' title="bbox 2062 5387 3655 5458; baseline 0.004 -17"><span class='ocrx_word' id='word_1_821' title='bbox 2062 5387 2283 5458; x_wconf 91' lang='lat' dir='ltr'><strong>corpori</strong></span> <span class='ocrx_word' id='word_1_822' title='bbox 2321 5388 2600 5455; x_wconf 91' lang='lat' dir='ltr'><strong>tribuere;</strong></span> <span class='ocrx_word' id='word_1_823' title='bbox 2665 5388 2848 5443; x_wconf 88' lang='lat' dir='ltr'><strong>omnia</strong></span> <span class='ocrx_word' id='word_1_824' title='bbox 2888 5388 3072 5444; x_wconf 91' lang='lat' dir='ltr'><strong>carnis</strong></span> <span class='ocrx_word' id='word_1_825' title='bbox 3121 5399 3307 5445; x_wconf 89' lang='lat' dir='ltr'><strong>erunt.</strong></span> <span class='ocrx_word' id='word_1_826' title='bbox 3364 5392 3539 5448; x_wconf 89' lang='lat' dir='ltr'><strong>Porro</strong></span> <span class='ocrx_word' id='word_1_827' title='bbox 3564 5393 3655 5447; x_wconf 89' lang='lat' dir='ltr'><strong>di-</strong></span> 
     </span>
    </p>
   </div>
   <div class='ocr_carea' id='block_1_112' title="bbox 2062 5480 3658 5556">
    <p class='ocr_par' dir='ltr' id='par_1_112' title="bbox 2062 5480 3658 5556">
     <span class='ocr_line' id='line_1_112' title="bbox 2062 5480 3658 5556; baseline 0.003 -21"><span class='ocrx_word' id='word_1_828' title='bbox 2062 5480 2279 5535; x_wconf 89' lang='lat' dir='ltr'><strong>stinctis</strong></span> <span class='ocrx_word' id='word_1_829' title='bbox 2307 5480 2544 5545; x_wconf 87' lang='lat' dir='ltr'><strong>naturis,</strong></span> <span class='ocrx_word' id='word_1_830' title='bbox 2598 5489 2782 5551; x_wconf 88' lang='lat' dir='ltr'><strong>potest</strong></span> <span class='ocrx_word' id='word_1_831' title='bbox 2808 5481 3010 5552; x_wconf 89' lang='lat' dir='ltr'><strong>cuique</strong></span> <span class='ocrx_word' id='word_1_832' title='bbox 3060 5482 3260 5537; x_wconf 87' lang='lat' dir='ltr'><strong>horum</strong></span> <span class='ocrx_word' id='word_1_833' title='bbox 3307 5499 3470 5539; x_wconf 90' lang='lat' dir='ltr'><strong>suum</strong></span> <span class='ocrx_word' id='word_1_834' title='bbox 3526 5501 3658 5556; x_wconf 84' lang='lat' dir='ltr'><strong>pro-</strong></span> 
     </span>
    </p>
   </div>
   <div class='ocr_carea' id='block_1_113' title="bbox 2060 5572 3655 5649">
    <p class='ocr_par' dir='ltr' id='par_1_113' title="bbox 2060 5572 3655 5649">
     <span class='ocr_line' id='line_1_113' title="bbox 2060 5572 3655 5649; baseline 0.006 -23"><span class='ocrx_word' id='word_1_835' title='bbox 2060 5572 2245 5643; x_wconf 90' lang='lat' dir='ltr'><strong>prium</strong></span> <span class='ocrx_word' id='word_1_836' title='bbox 2276 5573 2517 5628; x_wconf 90' lang='lat' dir='ltr'><strong>restitui.</strong></span> <span class='ocrx_word' id='word_1_837' title='bbox 2544 5573 2665 5629; x_wconf 84' lang='lat' dir='ltr'><strong>Non</strong></span> <span class='ocrx_word' id='word_1_838' title='bbox 2686 5574 2836 5629; x_wconf 88' lang='lat' dir='ltr'><strong>enim</strong></span> <span class='ocrx_word' id='word_1_839' title='bbox 2868 5575 3117 5633; x_wconf 89' lang='lat' dir='ltr'><strong>diversas</strong></span> <span class='ocrx_word' id='word_1_840' title='bbox 3145 5593 3411 5649; x_wconf 90' lang='lat' dir='ltr'><strong>personas</strong></span> <span class='ocrx_word' id='word_1_841' title='bbox 3445 5578 3655 5635; x_wconf 84' lang='lat' dir='ltr'><strong>intelli-</strong></span> 
     </span>
    </p>
   </div>
   <div class='ocr_carea' id='block_1_114' title="bbox 2058 5666 3659 5743">
    <p class='ocr_par' dir='ltr' id='par_1_114' title="bbox 2058 5666 3659 5743">
     <span class='ocr_line' id='line_1_114' title="bbox 2058 5666 3659 5743; baseline 0.005 -23"><span class='ocrx_word' id='word_1_842' title='bbox 2058 5667 2261 5743; x_wconf 73' lang='lat' dir='ltr'><strong>gimus,</strong></span> <span class='ocrx_word' id='word_1_843' title='bbox 2290 5666 2512 5738; x_wconf 89' lang='lat' dir='ltr'><strong>quando</strong></span> <span class='ocrx_word' id='word_1_844' title='bbox 2531 5666 2601 5723; x_wconf 88' lang='lat' dir='ltr'><strong>de</strong></span> <span class='ocrx_word' id='word_1_845' title='bbox 2632 5667 2846 5724; x_wconf 87' lang='lat' dir='ltr'><strong>latrone</strong></span> <span class='ocrx_word' id='word_1_846' title='bbox 2880 5668 2949 5724; x_wconf 91' lang='lat' dir='ltr'><strong>ad</strong></span> <span class='ocrx_word' id='word_1_847' title='bbox 2972 5668 3254 5725; x_wconf 76' lang='lat' dir='ltr'><strong>dexteram</strong></span> <span class='ocrx_word' id='word_1_848' title='bbox 3278 5670 3542 5727; x_wconf 72' lang='lat' dir='ltr'><strong>crueitixo</strong></span> <span class='ocrx_word' id='word_1_849' title='bbox 3572 5672 3659 5728; x_wconf 80' lang='lat' dir='ltr'><strong>di-</strong></span> 
     </span>
    </p>
   </div>
   <div class='ocr_carea' id='block_1_115' title="bbox 2063 5812 3016 5940">
    <p class='ocr_par' dir='ltr' id='par_1_115' title="bbox 2063 5812 3016 5940">
     <span class='ocr_line' id='line_1_115' title="bbox 2063 5812 3016 5940; baseline 0.005 -75"><span class='ocrx_word' id='word_1_850' title='bbox 2063 5828 2346 5940; x_wconf 54' lang='lat' dir='ltr'><strong>gnumque</strong></span> <span class='ocrx_word' id='word_1_851' title='bbox 2370 5812 2745 5885; x_wconf 85' lang='lat' dir='ltr'><strong>compositum</strong></span> <span class='ocrx_word' id='word_1_852' title='bbox 2781 5812 3016 5882; x_wconf 85' lang='lat' dir='ltr'><strong>naturis,</strong></span> 
     </span>
     <span class='ocr_line' id='line_1_116' title="bbox 2104 5892 2218 5939; baseline -0.018 0"><span class='ocrx_word' id='word_1_853' title='bbox 2104 5892 2218 5939; x_wconf 86' lang='lat' dir='ltr'><strong>ant.</strong></span> 
     </span>
    </p>
   </div>
   <div class='ocr_carea' id='block_1_116' title="bbox 2104 5892 2218 5939">
    <p class='ocr_par' dir='ltr' id='par_1_116' title="bbox 2104 5892 2218 5939">
     <span class='ocr_line' id='line_1_117' title="bbox 2104 5892 2218 5939; baseline -0.018 0"><span class='ocrx_word' id='word_1_854' title='bbox 2104 5892 2218 5939; x_wconf 85' lang='lat' dir='ltr'><strong>ant.</strong></span> 
     </span>
    </p>
   </div>
   <div class='ocr_carea' id='block_1_117' title="bbox 3097 5816 3657 5886">
    <p class='ocr_par' dir='ltr' id='par_1_117' title="bbox 3097 5816 3657 5886">
     <span class='ocr_line' id='line_1_118' title="bbox 3097 5816 3657 5886; baseline 0.002 -13"><span class='ocrx_word' id='word_1_855' title='bbox 3097 5829 3342 5886; x_wconf 87' lang='lat' dir='ltr'><strong>persona</strong></span> <span class='ocrx_word' id='word_1_856' title='bbox 3385 5816 3657 5874; x_wconf 81' lang='lat' dir='ltr'><strong>etlorma-</strong></span> 
     </span>
    </p>
   </div>
  </div>
