4116 6446
427 434 566 505 1587

1692 447 2006 509 LEONTII
2046 446 2454 509 BYZANTINI

3570 442 3715 509 1588

426 558 608 613 cimus
634 556 873 614 animam
904 562 1265 633 pmnitentem
1312 564 1379 618 ad
1412 563 1578 619 vitam
1624 564 2007 637 emigravisse,

2142 564 2197 636 ›ῷ
2228 582 2325 635 την
2380 563 2479 635 μὲν
2508 559 2685 633 ψυχὴν
2717 561 2807 615 διά
2856 561 3148 632 μετανοεας
3187 560 3327 633 πρὸς
3357 561 3505 635 ζωὴν
3542 581 3715 635 μετα-

426 663 633 719 corpus
660 665 791 705 vero
822 668 1042 723 passum
1085 657 1153 711 ad
1184 666 1439 723 mortem,
1470 659 1734 713 cruribus
1755 659 1876 728 ejus
1902 674 2014 712 non

428 742 629 811 ruptis,
666 758 776 798 non
807 744 982 801 fracto
1015 748 1216 815 capite,
1249 750 1393 819 pelle
1433 766 1543 804 non
1582 750 1850 815 detracta,
1910 764 2016 805 nec

427 832 607 889 divisa
636 835 969 893 substantia.
1010 839 1149 905 Quia
1177 856 1311 896 vero
1342 842 1392 897 id
1430 842 1634 897 accidit
1683 844 1780 898 uni
1816 844 1898 899 vel
1933 844 2016 897 al-

428 926 533 980 teri
566 937 801 995 naturae,
835 931 929 985 uni
959 940 1016 985 et
1049 933 1206 988 alteri
1256 934 1528 998 membro,
1572 935 1703 990 huic
1743 945 1800 992 et
1833 936 2014 1001 alteri,

426 1032 540 1073 non
570 1018 697 1076 ideo
729 1020 869 1078 duas
907 1039 1031 1079 esse
1063 1040 1330 1095 personas
1355 1026 1604 1082 cruciﬁxi
1633 1027 2013 1100 intelligimus.

1032 1314 1189 1371 CAP.
1222 1314 1411 1372 XXVI.

503 1402 561 1461 Si
581 1420 833 1476 persona:
865 1407 1022 1478 juxta
1059 1418 1289 1463 naturas
1308 1424 1419 1463 non
1451 1407 1888 1479 distinguuntur,
1922 1407 2020 1463 sed

433 1494 614 1550 iuuua
637 1512 873 1566 persona
901 1498 1622 1561 uniuntur,cumChristum
1650 1515 1820 1553 unum
1846 1500 2025 1554 homi-

433 1600 560 1638 nem
615 1596 777 1640 vocat
809 1586 1118 1657 Scriptura,
1150 1588 1281 1658 quid
1326 1588 1749 1659 intelligendum
1772 1597 1876 1655 est,
1915 1605 2025 1643 una

433 1676 784 1740 substantia,
832 1686 889 1732 et
933 1695 1044 1733 una
1092 1694 1348 1749 persona,
1397 1680 1485 1735 vel
1534 1679 1825 1735 dimidium
1860 1680 2026 1735 unius

434 1768 760 1824 substantiae
793 1778 850 1825 et
873 1786 1127 1841 personae
1160 1772 1361 1828 unius?
1395 1773 1473 1840 Si,
1498 1772 1647 1843 quod
1676 1774 1793 1843 ipse
1814 1773 2024 1839 fateris,

433 1858 693 1916 Christus
728 1878 840 1917 non
888 1872 975 1918 est
996 1865 1187 1925 solum
1239 1865 1407 1920 homo
1437 1865 1757 1920 ordinarius
1802 1873 1858 1920 et
1892 1866 2028 1919 sim-

435 1954 581 2023 plex,
615 1956 711 2010 sed
743 1965 798 2011 et
827 1958 994 2023 Deus,
1036 1958 1141 2029 ipsi
1191 1974 1221 2013 a
1263 1968 1316 2013 te
1345 1959 1490 2014 idem
1521 1974 1852 2028 qumremus.
1889 1957 2027 2013 Cum

436 2045 756 2116 Scripturas
789 2049 1081 2105 audiemus
1098 2050 1377 2107 Christum
1411 2066 1584 2105 unum
1626 2050 1906 2104 hominem
1934 2066 2032 2105 v0-

436 2149 649 2205 eantes,
674 2141 807 2210 quid
839 2141 1148 2214 intelligere
1178 2143 1489 2199 debemus?
1520 2159 1691 2198 unum
1724 2142 2027 2209 Christum,

434 2232 543 2295 vel,
582 2234 820 2289 mediam
860 2244 1071 2305 partem
1103 2236 1359 2291 Christi?
1393 2237 1590 2307 Liquet
1639 2252 1771 2307 ergo
1818 2252 1885 2291 ex
1920 2252 2030 2290 una

436 2323 679 2391 partium
713 2324 1020 2389 nominata,
1068 2335 1243 2381 totum
1272 2327 1573 2392 nominari,
1624 2327 1767 2381 sicut
1788 2341 1913 2381 cum
1940 2325 2029 2380 di-

437 2422 587 2468 ctum
609 2414 713 2470 fuit
740 2432 754 2470 :
785 2434 803 2466 ‹
841 2416 922 2471 Ad
948 2426 998 2474 te
1016 2418 1197 2473 omnis
1224 2434 1352 2473 caro
1377 2420 1591 2485 veniet;
1628 2437 1645 2469 ›
1676 2425 1733 2472 et
1763 2437 1780 2469 ι
1808 2418 2032 2474 Animas

437 2521 747 2577 pauperum
785 2517 1006 2563 tuorum
1030 2525 1099 2565 ne
1123 2510 1470 2566 obliviscaris
1499 2510 1557 2565 in
1587 2509 1751 2565 ﬁnem
1775 2510 1842 2563 ¹⁸.
1884 2528 1904 2563 ι

1031 2704 1185 2760 CAP.
1224 2704 1440 2760 XXVII.

514 2795 571 2852 Si
620 2812 731 2852 non
767 2804 898 2852 sunt
944 2795 1220 2852 distinctae
1252 2796 1347 2851 Dei
1399 2805 1457 2851 et
1492 2794 1738 2850 hominis
1760 2810 2032 2865 personae,

435 2888 593 2959 juxta
637 2896 915 2953 naturam,
964 2895 1116 2958 patet
1140 2887 1291 2957 quod
1321 2889 1470 2943 Deus
1497 2903 1607 2942 non
1643 2887 1715 2941 sit
1740 2888 1887 2942 Deus
1916 2887 2037 2943 sine

441 2979 688 3047 homine,
716 2994 897 3051 neque
929 2979 1095 3035 homo
1125 2979 1197 3035 sit
1249 2980 1415 3034 homo
1461 2980 1583 3035 sine
1610 2980 1743 3035 Deo.
1795 2980 1916 3035 Non
1951 2987 2038 3035 est

442 3088 637 3129 revera
692 3072 749 3127 in
801 3071 1024 3128 Christo
1076 3089 1092 3127 :
1144 3072 1335 3143 sicque
1378 3072 1617 3128 efﬁcitur
1666 3073 1989 3129 Emmanuel
2019 3114 2037 3140 ,

443 3163 572 3236 quia
605 3163 868 3236 deinceps
900 3163 1048 3221 Deus
1072 3179 1292 3235 semper
1317 3173 1402 3221 est
1438 3165 1748 3221 nobiscum.

1034 3353 1189 3412 CAP.
1224 3354 1394 3411 XXVI
1408 3355 1475 3410 ll.

518 3446 621 3505 Ubi
669 3461 922 3519 personae
953 3485 969 3511 ,
1022 3457 1223 3502 natura
1271 3446 1567 3511 distinctae,
1608 3444 1664 3500 in
1700 3444 1905 3501 unione
1953 3443 2042 3499 di-

447 3541 665 3599 stinctae
690 3557 801 3597 non
848 3548 1230 3613 perseverant,
1263 3554 1454 3594 earum
1495 3537 1628 3593 unio
1657 3552 1769 3592 non
1807 3544 1892 3591 est
1934 3534 2043 3589 nisi

446 3644 660 3691 natura:
694 3634 968 3691 alteratio.
1000 3633 1147 3705 Ergo
1185 3633 1449 3688 alteratur
1480 3639 1539 3685 et
1588 3629 1730 3701 ignis
1755 3638 1954 3684 natura
1986 3629 2045 3683 in

448 3729 600 3786 ferro
635 3727 916 3793 candenti,
948 3727 1225 3799 siquidem
1262 3727 1404 3798 ignis
1431 3740 1667 3798 persona
1707 3741 1737 3779 a
1769 3724 1900 3779 ferri
1932 3738 2045 3778 non

449 3821 820 3888 discernitur;
859 3820 935 3876 ita
956 3822 1123 3876 etiam
1161 3828 1218 3876 et
1250 3819 1449 3875 animae
1496 3816 1807 3873 substantia
1832 3815 1889 3870 in
1920 3830 2048 3871 eor-

451 3929 609 3987 pore.

1060 4003 1213 4060 CAP.
1255 4000 1449 4057 XXIX.

525 4097 631 4155 Ubi
688 4098 939 4169 quaedam
991 4094 1233 4151 libenter
1289 4091 1603 4155 uniuntur,
1663 4087 1797 4143 huic
1850 4086 2049 4142 unioni‘

455 4206 743 4262 nunquam
803 4191 964 4245 obest
1035 4200 1400 4258 personarum
1477 4181 1785 4239 distinctio.
1856 4179 2048 4248 Neque

455 4300 589 4357 ergo
616 4284 671 4339 in
708 4300 816 4340 una
853 4297 1092 4355 persona
1126 4280 1420 4344 uniuntur,
1472 4277 1566 4333 illa
1598 4275 2053 4345 libenterjuncta

457 4377 644 4433 oberit
716 4388 1082 4447 personarum
1152 4371 1462 4427 distinctio.
1525 4367 1822 4425 Distinetio
1883 4366 2052 4436 igitur

458 4470 657 4524 ιιιιίοηί
681 4483 794 4523 non
819 4468 1171 4529 adversatur,
1203 4464 1301 4518 ubi
1324 4462 1435 4518 duo
1460 4462 1515 4516 in
1542 4475 1675 4526 uno,
1712 4460 1769 4515 in
1793 4473 1900 4513 una
1932 4471 2057 4526 per-

459 4575 597 4615 sona
634 4560 965 4631 junguntur.
992 4556 1284 4613 Contraria
1309 4556 1471 4609 simul
1499 4552 1806 4609 subsistere
1835 4558 1921 4604 est
1951 4547 2054 4602 im-

2119 658 2434 727 6ε6ηκέναι,
2462 656 2523 708 τὺ
2556 655 2612 708 δὲ
2644 655 2802 727 σῶμα
2839 654 2929 709 διὰ
2958 655 3255 725 παθήσεως
3286 656 3425 727 πρὸς
3456 656 3715 719 θάνατον,

2118 750 2235 805 ἀλλ’
2263 748 2383 802 οὑδὲ
2416 747 2755 803 θλασθέντων
2789 746 2957 801 αὑτοῦ
2986 746 3097 803 τῶν
3130 748 3362 814 σκελῶν,
3394 749 3471 821 μὴ
3506 768 3715 804 κατεα-

2118 841 2310 912 γείσης
2350 841 2406 894 δὲ
2451 840 2616 893 αὑτοῦ
2650 840 2749 911 τῆς
2776 840 3022 912 κεφαλῆς
3047 842 3082 908 ἢ
3111 840 3502 912 ἀλλοιωθείσης
3543 841 3718 896 αὑτοῦ

2118 932 2218 1001 τῆς
2241 932 2454 1001 χροιᾶς,
2487 929 2611 1000 οὑχὶ
2639 929 2698 983 δὲ
2732 930 2829 983 καὶ
2857 930 2952 983 τοῦ
2981 931 3264 1001 σχήματος
3286 945 3300 960 ⁸
3332 930 3412 1000 τῷ
3444 932 3553 1001 γὰρ
3579 933 3720 1002 ἁνήο

2121 1042 2239 1078 κειν
2264 1024 2427 1094 ἑτέρα
2457 1023 2548 1077 καὶ
2575 1021 2742 1093 ἑτέρᾳ
2775 1022 2960 1092 φύσει,
2995 1023 3029 1094 ἢ
3072 1023 3246 1095 ἑτέρῳ
3284 1023 3379 1077 καὶ
3409 1024 3582 1095 ἑτέρῳ
3619 1025 3734 1094 μέςσ.

2126 1134 2229 1188 ρει,
2272 1116 2305 1187 ἢ
2349 1114 2493 1186 ἄλλῳ
2534 1115 2628 1168 καὶ
2675 1115 2823 1186 ἄλλῳ
2862 1116 3041 1187 ποιῷ,
3090 1115 3216 1170 τάδε
3254 1115 3348 1170 δύο
3380 1116 3721 1181 ὑποστάσεις

2123 1204 2266 1263 εἶναι
2290 1207 2385 1261 τοῦ
2418 1206 2830 1277 σταυρουμένου
2872 1208 2935 1261 οὑ
2967 1208 3089 1262 νοοῦ
3102 1224 3224 1277 μεν.

2692 1322 2947 1377 ΚΕΦΑΛ.
2980 1320 3128 1389 KQ".

2197 1418 2262 1472 Εἰ
2296 1418 2398 1472 οὑκ
2430 1418 2569 1472 εἰσὶν
2601 1417 2657 1471 αἱ
2689 1416 3019 1479 ὑποστάσεις
3064 1414 3207 1469 κατᾶ
3249 1415 3413 1485 φύσιν
3453 1415 3723 1490 διῃρημέ-

2127 1531 2236 1579 ναι,
2272 1513 2409 1567 ἀλλὰ
2434 1512 2559 1566 καθ’
2586 1510 2885 1564 ὑπόστασιν
2925 1507 3227 1579 ἡνωμέναι,
3258 1509 3388 1561 ὅταν
3414 1510 3598 1563 ἀκούω
3618 1514 3724 1583 τῆς

2128 1606 2168 1659 Γ
2175 1604 2355 1676 ραφῆς
2383 1603 2650 1673 λεγούσης
2675 1601 2767 1654 τὸν
2797 1600 3035 1671 Χριστὸν
3074 1599 3171 1653 ’ένα
3219 1598 3532 1670 ἄνθρωπον,
3563 1603 3618 1654 τι
3649 1620 3723 1673 με

2128 1697 2235 1769 Χρὴ
2261 1698 2413 1757 ἱνοεῖν
2447 1695 2577 1765 μίαν
2602 1693 2790 1748 οὐσίαν
2826 1692 2923 1746 καὶ
2959 1691 3089 1764 μίαν
3128 1693 3510 1765 ὑπόστασιν,ἦ
3544 1695 3723 1766 ἥμισυ

2134 1790 2265 1860 μιᾶς
2298 1787 2486 1851 οὐσίας
2522 1787 2617 1840 καὶ
2647 1785 3003 1845 ὑποστάσεως
3037 1784 3203 1853 μιᾶς;
3239 1784 3303 1838 Εἰ
3325 1785 3381 1837 δὲ
3412 1784 3600 1856 ὥσπερ
3627 1787 3728 1839 καὶ

2134 1880 2297 1943 αὑτὸς
2337 1879 2513 1945 λέγεις
2539 1879 2614 1931 Οὑ
2657 1878 2818 1949 μόνον
2853 1876 3143 1947 ἄνθρωπος
3187 1875 3369 1939 κοινὸς
3411 1876 3507 1929 καὶ
3542 1876 3726 1946 ψιλὸς,

2134 1971 2270 2026 ἀλλὰ
2302 1972 2395 2024 καὶ
2429 1970 2562 2033 Θεὸς
2594 1972 2622 2024 ὁ
2647 1968 2902 2039 Χριστὸς,
2936 1968 2997 2021 τὸ
3028 1968 3161 2022 αὑτό
3191 1984 3273 2021 σοι
3300 1969 3392 2021 καὶ
3424 1971 3584 2039 ἡμεῖς
3616 1987 3728 2038 φα-

2134 2082 2253 2136 μενο
2287 2065 2414 2118 ὅταν
2442 2063 2769 2132 ἀκούσωμεν
2805 2062 2907 2131 τῆς
2940 2060 3164 2132 Γραφῆς
3200 2060 3467 2132 λεγούσης
3496 2062 3592 2114 ἕνα
3630 2063 3732 2116 ἄν-

2131 2156 2351 2227 θρωπον
2390 2155 2479 2209 τὸν
2510 2154 2771 2224 Χριστὸν,
2802 2154 2855 2206 τί
2890 2156 3037 2224 ἡμᾶς
3085 2153 3206 2206 δέον
3252 2155 3393 2207 νοεῖν
3415 2171 3434 2221 ;
3459 2154 3555 2207 ἕνα
3590 2156 3732 2225 Χρι-

2133 2250 2257 2301 στὸν
2306 2246 2338 2317 ἢ
2378 2247 2550 2318 ἥμισυ
2581 2246 2853 2317 Χριστοῦ;
2884 2245 3055 2315 Δῆλον
3091 2242 3185 2299 οὖν
3228 2246 3304 2309 ὡς
3341 2245 3399 2311 ἑξ
3431 2247 3735 2317 ὀνομασίας

2130 2341 2223 2395 τοῦ
2268 2341 2386 2404 ἑνὸς
2426 2340 2537 2392 τῶν
2575 2339 2778 2410 μερῶν,
2810 2340 2870 2391 τὸ
2899 2339 3019 2391 ὅλον
3053 2338 3404 2409 ὀνομάζεται,
3432 2339 3620 2410 ὥσπερ
3648 2343 3731 2394 εἴ·

2136 2450 2316 2505 ρηται·
2342 2432 2437 2486 καὶ¹
2462 2431 2541 2496 τὸ,
2572 2451 2588 2481 ι
2609 2431 2751 2502 Πρὸς
2781 2430 2840 2483 σὲ
2857 2432 3006 2483 πᾶσα
3026 2430 3163 2501 σὰρξ
3194 2431 3315 2501 ἥξει
3332 2446 3347 2461 ’
3373 2450 3390 2482 ι
3410 2432 3525 2497 καὶ,
3554 2450 3571 2482 ι
3606 2433 3732 2485 Τῶν

2131 2524 2319 2595 ψυχῶν
2343 2523 2454 2577 τῶν
2483 2525 2732 2594 πενήτων
2762 2539 2855 2576 σου
2892 2523 2968 2595 μὴ
3004 2522 3244 2595 ἑπιλάθῃ
3276 2523 3359 2587 εἰς
3392 2523 3600 2589 τέλος,›
3635 2525 3733 2577 καὶ

2133 2619 2200 2671 τὰ
2239 2616 2443 2671 τοιάδε.

2723 2708 2979 2763 ΚΕΦᾹΛ.
3010 2709 3138 2761 KZ'.

2208 2801 2271 2854 Εἰ
2302 2799 2403 2854 οὑκ
2433 2799 2541 2854 εἰσὶ
2584 2798 2913 2871 διῃρημέναι
2952 2798 3089 2853 Θεοῦ
3130 2799 3225 2854 καὶ
3255 2798 3548 2873 ἀνθρώπου
3590 2800 3736 2854 κατὰ

2138 2894 2301 2964 φύσιν
2327 2896 2382 2948 αἱ
2415 2894 2764 2959 ὑποστάσεις,
2796 2893 2955 2962 δῆλον
2984 2894 3065 2947 ὅτι
3088 2893 3212 2947 οὔτε
3238 2895 3410 2968 χωρὶς
3440 2893 3741 2965 ἀνθρώπου

2138 2987 2273 3052 Θεὸς
2295 2989 2324 3041 ό
2350 2987 2506 3053 Θεὸς,
2530 2986 2658 3040 οὑτε
2685 2987 2857 3058 χωρὶς
2886 2986 3023 3041 Θεοῦ
3049 2987 3339 3060 ἄνθρωπος
3370 2991 3399 3043 ό
3426 2989 3742 3061 ἄνθρωπος.

2142 3082 2350 3143 Ὄντως
2378 3079 2489 3151 γὰρ
2533 3082 2590 3133 ὲν
2627 3079 2852 3151 Χριστῷ
2884 3078 3024 3149 οὐχί*
3051 3078 3195 3133 οὑτω
3222 3080 3332 3152 γὰρ
3361 3080 3456 3134 καὶ
3482 3079 3740 3133 συνίστα-

2138 3190 2231 3225 ται
2264 3171 2327 3225 τὸ
2363 3170 2740 3242 Ἑμμανουὴ).,
2774 3171 2897 3241 μεθ’
2934 3171 3093 3242 ἡμῶν
3131 3171 3218 3226 ἀεὶ
3248 3171 3401 3236 ὄντος
3427 3171 3615 3227 λοιπὸν
3643 3168 3742 3226 τοῦ

2069 3287 2112 3345 C
2144 3263 2304 3319 Θεοῦ.

2713 3356 2969 3410 ΚΕΦΑΛ.
3019 3354 3159 3412 ΚΗ’.

2215 3440 2317 3502 Ὦν
2344 3448 2402 3502 ὲν
2433 3450 2499 3519 τῇ
2544 3447 2735 3502 ἑνώσει
2769 3449 2831 3502 οὑ
2870 3448 3126 3517 μένουσιν
3171 3449 3227 3502 αἱ
3260 3448 3594 3513 ὑποστάσεις
3640 3467 3749 3518 qau-

2148 3543 2313 3605 σικῶς
2338 3542 2689 3615 διῃρημέναι,
2716 3540 2922 3595 τούτων
2944 3544 2977 3613 ἡ
3003 3542 3214 3607 ἑνωσις,
3242 3542 3460 3611 φύσεώς
3476 3546 3622 3597 ἐστιν
3646 3543 3751 3596 ἀλ·-

2145 3634 2387 3697 λοίωσις.
2428 3636 2575 3706 Ἀρα
2604 3633 2699 3687 οὖν
2736 3633 3007 3706 ἠλλοιώθη
3050 3636 3084 3706 ἡ
3143 3634 3307 3705 φύσις
3348 3634 3443 3689 τοῦ
3480 3636 3653 3706 πυρὸς
3685 3636 3749 3688 ἑν

2146 3728 2226 3799 τῷ
2265 3728 2476 3801 μύδρῳ,
2506 3728 2630 3781 ἐπεὶ
2660 3728 2734 3799 μὴ
2772 3726 3113 3797 διακέκριται
3150 3730 3185 3795 ἡ
3220 3728 3519 3792 ὑπόστασις
3550 3726 3743 3793 αὑτοῦ,

2148 3823 2249 3895 τῆς
2288 3820 2381 3875 τοῦ
2431 3821 2678 3894 σιδήρου,
2722 3820 2816 3875 καὶ
2850 3819 3028 3890 ψυχῆς
3055 3823 3090 3893 ἠ
3120 3821 3279 3875 οὑσία
3306 3823 3363 3875 ἑν
3395 3821 3475 3893 τῷ
3507 3820 3742 3893 σώματι.

2720 4000 2977 4053 ΚΕΦΑΛ.
3032 3998 3163 4054 KG‘.

2238 4093 2364 4147 Ἐπὶ
2384 4092 2494 4147 τῶν
2530 4091 2797 4155 ἑκουσίως
2828 4091 3149 4162 ήνωμένων,
3187 4090 3442 4162 οὐδαμῶς
3471 4090 3751 4145 ἐναντιοῦ-

2152 4204 2244 4240 ται
2281 4187 2358 4256 τῷ
2393 4186 2582 4257 τρόπῳ
2618 4186 2717 4257 τῆς
2758 4184 3006 4249 ἑνώσεως
3055 4185 3089 4254 ἡ
3144 4184 3413 4256 διαίρεσις
3459 4182 3570 4236 τῶν
3617 4184 3767 4236 ὑπο-ν

2157 4278 2422 4334 στάσεων.
2462 4279 2607 4349 ’Ἀρα
2656 4276 2749 4330 οὖν
2775 4275 2896 4329 οὐδὲ
2926 4277 2974 4329 εἰ
3017 4273 3138 4328 καθ’
3169 4275 3469 4329 ὑπόστασιν
3502 4274 3631 4344 μίαν
3662 4273 3753 4345 εἴη

2156 4374 2186 4427 ὁ
2236 4373 2441 4444 τρόπος
2490 4373 2590 4441 τῆς
2639 4369 2891 4434 ἑνώσεως
2938 4368 3051 4423 τῶν
3100 4368 3368 4433 ἑκουσίως
3416 4367 3753 4431 ἑνωθέντων,

2164 4464 2503 4521 ἐναντιοῦται
2537 4466 2570 4535 ἡ
2614 4464 2884 4536 διαίρεσις
2916 4463 3027 4517 τῶν
3068 4462 3445 4517 ὑποστάσεωψ
3482 4461 3681 4515 οὐκοῦν
3718 4463 3757 4533 ἡ

2160 4558 2451 4631 διαίρεσις,
2488 4556 2589 4611 οὐκ
2642 4557 2860 4611 ἐναντία
2907 4558 2973 4627 τῇ
3012 4554 3229 4619 ἑνὼσει,
3278 4556 3484 4625 ἀμφοῖν
3514 4553 3758 4625 θεωρου-

465 4651 752 4723 possibile.
782 4650 842 4706 Si
872 4665 1006 4705 vero
1038 4647 1256 4704 diceres
1284 4646 1432 4717 quod
1458 4646 1602 4701 inter
1635 4646 1826 4717 juncta
1857 4655 2042 4713 perso-

2164 4652 2341 4724 μένων
2372 4653 2429 4704 ἐν
2466 4650 2652 4721 ταυτῷ
2702 4650 2846 4705 κατὰ
2890 4650 2989 4721 τὴν
3045 4649 3365 4703 ὑπόστασινο
3408 4647 3671 4700 τάναντία
3701 4647 3770 4699 δὲ

466 4742 685 4804 ualiter,
712 4741 864 4795 nulla
894 4740 1136 4795 libenter
1166 4738 1456 4804 uniuutur,
1498 4745 1633 4792 tunc
1675 4735 1877 4790 falsum
1907 4738 2057 4787 esset

467 4835 573 4893 hoc
608 4834 820 4890 dictum
860 4850 873 4886 :
925 4852 944 4885 ι
978 4832 1153 4887 Nemo
1184 4847 1427 4902 unquam
1478 4845 1705 4886 carnem
1730 4842 1889 4883 suam
1925 4824 2055 4879 odio

464 4926 661 4983 habuit
685 4926 748 4980 ¹⁶.
782 4945 801 4978 ι
838 4925 904 4979 Ει
933 4941 947 4977 :
981 4923 1251 4980 Nolumus
1299 4921 1599 4994 exspoliari
1630 4932 1866 4989 corpore
1891 4958 1905 4982 ,
1944 4930 2055 4986 quo

464 5017 677 5090 gravati
707 5016 1204 5088 ingemiscimus”.
1227 5034 1246 5069 ›
1283 5015 1417 5082 Quae
1446 5014 1492 5070 si
1520 5028 1650 5067 vera
1688 5016 1839 5073 sunt,
1864 5006 2054 5062 veriti-

465 5116 587 5164 cata
606 5115 693 5163 est
717 5117 909 5164 nostra
930 5107 1202 5165 sententia
1228 5125 1242 5161 :
1264 5107 1494 5163 libentia
1517 5100 1886 5176 personaliter
1908 5097 2056 5152 uniri

467 5216 653 5273 posse.

1097 5406 1252 5462 CAP.
1283 5402 1453 5460 XXX.

539 5496 647 5566 Qui
672 5511 941 5568 personas
973 5497 1182 5554 Christi
1210 5497 1369 5566 juxta
1392 5498 1621 5545 naturas
1646 5501 1756 5542 non
1793 5483 2063 5554 multipli-

470 5600 580 5657 cat,
613 5606 781 5645 unam
813 5589 939 5644 Filii
984 5606 1016 5645 e
1068 5589 1345 5643 'l‘riuitate
1378 5581 1641 5639 deturbat
1686 5597 1699 5634 :
1731 5577 2063 5633 Trinitatem

470 5683 679 5752 quippe
703 5682 1033 5737 conﬁtemur
1076 5681 1244 5735 trium
1293 5674 1630 5746 simplicium
1677 5683 2065 5742 personarum,

2165 4745 2555 4816 συνυπάρχειν,
2580 4742 2843 4798 ἀδύνατον
2869 4759 2883 4774 ·
2918 4744 2968 4796 εἰ
2999 4742 3055 4796 δὲ
3080 4742 3284 4812 λέγοις,
3312 4741 3393 4794 ὅτι
3421 4739 3568 4793 Ἀλλ’
3600 4740 3761 4793 οὐδὲν

2163 4838 2273 4891 τῶν
2312 4838 2436 4891 καθ’
2487 4836 2791 4889 ὑπόστασιν
2858 4836 3157 4906 ήνωμένων
3198 4833 3465 4895 ἑκουσίως
3522 4832 3757 4902 ἥνωται,

2162 4930 2271 5001 ἄρα
2298 4946 2363 4998 γε
2391 4928 2586 4998 ψευδὲς
2617 4928 2702 4993 τὸ,
2746 4947 2765 4980 ‹
2801 4926 2989 4991 Οὐδείς
3027 4943 3159 4981 ποτε
3188 4926 3289 4997 τὴν
3325 4923 3521 4979 ἑαυτοῦ
3573 4925 3761 4995 σάρκα

2162 5023 2416 5094 ἐμίσησεο
2444 5042 2462 5073 ›
2483 5022 2597 5087 καὶ,
2630 5023 2709 5075 ὃτι
2742 5043 2759 5074 ‹
2784 5020 3116 5092 υὺθέλομεν
3141 5019 3469 5074 ἐκδύσασθαι
3489 5016 3551 5069 τὺ
3576 5017 3761 5087 σῶμα,

2164 5114 2249 5183 ἐφ’
2274 5106 2318 5181 ᾧ
2348 5113 2699 5183 στενάζομενο
2715 5131 2732 5164 ι
2756 5114 2805 5165 εἰ
2821 5112 2878 5165 δὲ
2902 5112 3081 5184 ἀληθῆ
3102 5112 3252 5177 τάδε,
3268 5111 3377 5181 ἄρα
3393 5126 3455 5179 γε
3485 5107 3763 5175 ἑκούσιον,

2164 5205 2343 5258 καίτοι
2383 5205 2505 5258 καθ’
2549 5204 2851 5279 ὑπόστασιν
2898 5202 3055 5273 οὖσα,
3090 5207 3124 5277 ἡ
3166 5204 3367 5275 γνῶσις
3409 5201 3567 5273 ἡμῶν
3624 5202 3766 5254 ἁπο-

2164 5297 2457 5352 δέδεικται.

2771 5390 3022 5445 ΚΕΦΔΛ.
3068 5392 3151 5443 Λ’.

2256 5480 2315 5534 Ὀ
2343 5480 2416 5552 μὴ
2444 5480 2670 5553 διαιρῶν
2700 5482 2795 5535 τοῦ
2831 5481 3072 5553 Χριστοῦ
3107 5480 3249 5535 κατὰ
3294 5479 3457 5549 φύσιν
3493 5477 3593 5541 τὰς
3629 5476 3763 5530 ὑπο-

2177 5572 2418 5637 στάσεις,
2453 5574 2518 5627 ὲκ
2556 5574 2659 5644 τῆς
2688 5574 2919 5647 Τριάδος
2962 5574 3164 5644 διαιρεῖ
3210 5571 3305 5626 τοῦ
3354 5570 3486 5625 Υἱοῦ
3528 5570 3627 5641 τὴν
3666 5586 3763 5637 μο-

2175 5665 2331 5725 νάδσβ
2369 5665 2576 5737 Τριάδα
2620 5668 2729 5740 γὰρ
2763 5666 3160 5740 ὁμολογοῦμεν,
3187 5665 3353 5739 τριῶν
3391 5662 3579 5717 ἁπλῶν
3627 5661 3768 5712 iam.

473 5790 585 5828 non
617 5774 757 5830 duas
797 5774 1123 5832 medietatcs
1148 5783 1537 5848 personarum.
1584 5764 1693 5823 Sed
1726 5761 2042 5820 contrariun

2178 5759 2462 5826 στάσεων,
2517 5760 2589 5827 οὑ¹
2642 5760 2736 5815 δύο
2796 5761 2968 5832 ἥμισυ
3029 5757 3405 5815 ὑποστάτεων.
3460 5752 3655 5810 Καίτοι
3698 5749 3762 5803 se.

553 5920 593 5954 ⁸⁵
621 5920 763 5978 Psal.
798 5940 983 5992 Lxxul,
1020 5926 1103 5982 lt).
1186 5926 1229 5957 "
1257 5923 1462 5994 Ephes.
1499 5937 1551 5989 v,
1590 5919 1679 5977 29.
1752 5918 1792 5950 “
1828 5915 1849 5974 ι
1892 5912 2011 5973 Cor.
2056 5929 2110 5984 v,
2153 5914 2205 5970 4.
