4116 6448
393 466 539 532 I589“

1302 465 1700 525 ADVERSUS
1735 465 2281 533 NESTURIANOS.
2320 493 2390 510 --
2426 473 2573 533 LIB.
2616 472 2698 534 ΙΙ.

3501 475 3638 544 1590

382 574 626 631 ἐναντίον
652 572 761 629 ἔδει
780 573 1057 643 συνάγειν,
1083 564 1131 627 ὢ
1156 571 1433 645 ἀνθρωπεο
1469 575 1497 627 ό
1526 574 1834 645 προστιθεὶς
1854 575 1962 646 γάρ

2067 595 2098 635 ο
2128 580 2312 646 homo,
2337 582 2778 637 concludendum
2803 588 2944 638 erat.
2978 582 3229 656 Simplici
3252 583 3399 641 enim
3422 586 3468 643 si
3503 588 3637 658 quid

384 687 436 723 τι
462 669 542 740 τῷ
573 669 768 739 ἁπλῷ,
799 667 860 722 οὐ
893 669 956 720 τὸ
985 667 1156 737 ἥμισυ
1182 665 1348 720 αὑτοῦ
1376 667 1619 736 ἀφαιρεῖ,
1650 666 1762 720 ἀλλ’
1790 668 1961 721 ἐπαύ-

383 762 466 830 Est
498 762 621 817 τόδε
667 761 869 833 μᾶλλον
908 759 997 813 διὰ
1024 758 1124 829 τῆς
1155 757 1454 822 συνθέσεως
1473 776 1487 791 ·
1514 760 1721 830 Τριάδα
1759 758 1855 813 οῦν
1878 758 1959 812 εί-

384 872 473 910 ναι
499 852 873 925 ὁμολογοῦμεν
923 849 1121 923 ὀρθῶς,
1159 850 1289 919 μιᾶς
1320 866 1381 903 τε
1432 849 1597 903 οὖσαν
1643 851 1737 904 καὶ
1781 850 1961 920 ἁπλῆς

383 945 623 1015 φύσεως·
656 944 1011 1000 ὑποστάσεων
1033 943 1090 997 δέ
1118 942 1289 998 πάλαι
1326 943 1423 1014 μὲν
1458 942 1565 997 τῶν
1600 942 1768 1013 τριῶν
1798 944 1962 996 ἀσυν-

386 1041 557 1105 θέτως
587 1041 685 1095 καί¹
721 1039 940 1110 ἀμιγῶς
963 1038 1202 1111 ἐχουσῶν
1230 1038 1387 1109 τήνδε
1430 1038 1611 1092 αὑτῶν
1653 1037 1962 1094 ἁπλουστά-

384 1150 485 1204 την
518 1132 683 1202 φύσιν
737 1134 797 1187 ἐν
846 1132 1086 1195 ἐαυταῖς,
1119 1130 1240 1187 νυνὶ
1264 1130 1323 1185 δὲ
1365 1129 1467 1201 τῆς
1499 1132 1628 1200 μιᾶς
1656 1130 1834 1185 αὑτῶν
1860 1130 1961 1201 τὴν

385 1227 625 1295 φυσικὴν
661 1224 947 1294 ἁπλότητα
974 1224 1078 1292 τῆς
1123 1223 1261 1287 ίδίας
1288 1221 1541 1292 θεότητος
1575 1222 1718 1293 ἐχειν
1743 1223 1802 1276 ἐν
1832 1238 1957 1276 συν-

386 1316 536 1371 θέσει
567 1318 635 1386 τῇ
682 1315 819 1386 πρὸς
863 1314 962 1385 τήν
998 1313 1274 1385 ἡμετέραν
1312 1312 1476 1381 φύσιν
1520 1312 1838 1384 όρωμένηςο
1871 1312 1961 1366 ἵνα

386 1410 496 1480 γὰρ
523 1406 942 1477 ἐγκολπώσηται
972 1406 1041 1459 τά
1070 1404 1177 1459 ίδια
1199 1403 1614 1477 προϐλήματαή
1645 1402 1867 1471 Θεότης,
1899 1402 1962 1473 ἥ-

386 1518 470 1564 τις
496 1500 653 1570 Λόγῳ
683 1497 940 1570 ἀληθείας
973 1497 1290 1568 ἀπεκύησεν
1332 1498 1482 1567 ήμᾶς
1510 1496 1679 1566 ήγουν
1713 1495 1793 1565 τῷ
1821 1492 1958 1565 Υίῷ,

391 1591 607 1662 μακρὰν
640 1590 811 1661 αὑτῆς
844 1587 1305 1659 ἀπεσχοινισμένα
1327 1628 1343 1653 ,
1389 1586 1477 1641 διὰ
1519 1586 1621 1657 τῆς
1654 1585 1825 1656 αὑτῆς
1852 1584 1962 1638 τῶν

388 1682 556 1753 τριῶν
590 1683 720 1752 μιᾶς
750 1682 1103 1745 ὑποστάσεως
1131 1680 1353 1751 ἐαυτῆς,
1382 1680 1450 1734 δι’
1482 1673 1550 1751 ἦς
1582 1679 1679 1732 καὶ
1725 1676 1963 1749 «90566:-

387 1774 510 1827 λετο
532 1772 599 1826 τὰ
621 1774 757 1828 ὄντα
795 1773 877 1837 είς
905 1773 964 1826 τὸ
991 1768 1163 1837 εἶναι,
1199 1771 1495 1826 ἀνελάϐετο
1527 1770 1690 1825 πάλιν
1716 1769 1854 1823 αὑτά
1882 1769 1963 1832 είς

387 1868 616 1937 ἐαυτήνο
641 1866 720 1938 τῷ
762 1866 837 1937 μὴ
886 1865 1283 1936 ἐκφοιτητικῶς
1310 1863 1501 1935 ἔχοντα
1527 1862 1665 1933 πρὸς
1689 1862 1778 1915 τὸν
1810 1860 1961 1924 ὅντα,

2061 670 2361 738 addideris,
2386 689 2497 727 non
2528 684 2733 742 partem
2766 672 3051 731 dimidiam
3083 676 3256 746 ipsius
3278 676 3515 744 auferes,
3544 679 3638 735 sed

2062 761 2235 830 magis
2290 762 2426 817 illud
2484 762 2765 818 additionc
2826 765 3071 835 augebis.
3132 766 3461 823 Trinitatem
3508 785 3640 838 ergo

2061 864 2209 909 recte
2243 855 2600 920 confitemur,
2637 864 2847 912 natura:
2894 859 3059 914 unius
3095 867 3153 915 et
3185 860 3470 931 simplicis.
3525 862 3643 917 Hu-
3755 876 3761 883 ‘

2058 944 2148 1015 jus
2173 953 2357 999 autem
2400 954 2513 1001 tres
2543 962 2790 1015 persona:
2840 947 2997 1003 istam
3030 949 3493 1019 simplicissimam
3538 967 3640 1006 na-

2062 1044 2241 1089 turam
2284 1035 2339 1090 in
2392 1051 2451 1092 se
2504 1037 2637 1106 ipsis
2687 1038 2807 1093 sine
2863 1039 3119 1095 mistione
3165 1051 3221 1097 et
3268 1042 3642 1097 additamento

2060 1125 2332 1182 hactenus
2356 1127 2667 1193 servabant,
2686 1139 2741 1189 et
2768 1144 2916 1183 nunc
2948 1146 3054 1185 una
3089 1147 3155 1185 ex
3181 1131 3316 1200 ipsis
3334 1132 3475 1187 hanc
3505 1132 3643 1187 sim-

2060 1219 2259 1290 plicem
2284 1228 2537 1275 naturam
2567 1221 2806 1291 propria:
2846 1222 3157 1278 divinitatis
3198 1224 3407 1279 unitam
3439 1232 3643 1281 nostrae

2061 1322 2273 1368 natura:
2323 1312 2527 1369 habere
2554 1312 2670 1369 visa
2712 1323 2817 1369 cst.
2865 1316 3136 1371 Divinilas
3178 1317 3329 1372 enim
3373 1333 3495 1389 qua:
3542 1334 3643 1389 per

2060 1403 2305 1459 Verbum
2350 1404 2621 1470 veritatis,
2670 1404 3047 1473 sive.Filium,
3081 1421 3181 1462 nos
3218 1416 3523 1472 creaverat,
3573 1415 3637 1462 ut

2062 1510 2190 1551 suas
2225 1505 2511 1552 creaturas
2547 1498 2707 1565 longe
2757 1497 3076 1553 aberrantes
3114 1499 3181 1555 ad
3242 1515 3302 1555 se
3335 1512 3641 1565 revocaret,

2061 1604 2161 1659 per
2180 1589 2430 1645 eamdem
2453 1605 2521 1645 ex
2554 1591 2735 1645 tribus
2760 1607 3052 1661 personam
3083 1608 3182 1662 per
3207 1608 3371 1663 quam
3405 1594 3553 1649 entia
3587 1594 3644 1649 in

2062 1690 2183 1731 esse
2214 1678 2541 1748 proiecerat,
2573 1694 2637 1734 ea
2669 1679 2735 1734 ad
2782 1695 2839 1735 se
2871 1697 3067 1736 rursus
3108 1683 3326 1753 reduxit
3346 1723 3362 1745 ,
3398 1700 3467 1739 ne
3499 1686 3645 1754 aspi-

2063 1777 2249 1825 rantes
2280 1768 2348 1824 ad
2386 1770 2555 1825 vitam
2606 1771 2929 1827 deciderent
2976 1773 3031 1827 in
3081 1787 3315 1831 mortem
3358 1784 3644 1833 aeternam.

2066 1860 2182 1916 Hoc
2206 1877 2335 1933 ergo
2373 1878 2538 1918 unam
2568 1873 2840 1925 naturam,
2873 1881 2970 1919 seu
2998 1881 3287 1935 personam
3330 1884 3440 1923 non
3471 1868 3644 1924 dedo-

388 1958 607 2013 ἀπιέναι
662 1958 744 2020 είς
796 1957 883 2010 ἀεὶ
934 1956 1070 2027 πρὸς
1110 1956 1173 2009 τὸ
1225 1954 1302 2024 μὴ
1334 1953 1512 2007 εἶναι’
1547 1950 1706 2006 τοῦτο
1744 1944 1838 2004 οὖν
1863 1949 1962 2019 τήν

2067 1960 2171 2016 cet,
2202 1953 2301 2008 sed
2347 1963 2537 2009 contra
2565 1955 2724 2010 valde
2763 1956 3017 2021 honorat,
3050 1957 3095 2012 si
3139 1958 3432 2029 diligenter
3480 1960 3648 2029 inspi-

393 2050 522 2121 μίαν
544 2048 707 2118 φύσιν
728 2048 762 2119 ἢ
785 2047 1083 2102 ὑπόστασιν
1111 2046 1172 2101 οὑ
1200 2044 1542 2114 καθυϐρίζειο
1568 2041 1879 2096 τούναντίον
1899 2040 1959 2094 δὲ

394 2140 537 2211 τῷγε
570 2138 774 2211 νοερῶς
826 2138 1179 2211 προσέχοντι,
1221 2136 1315 2190 καὶ
1363 2132 1739 2203 ὑπερδοξάζει·
1772 2130 1961 2201 ῶσπερ

391 2234 501 2301 γὰρ
533 2231 623 2285 διά
645 2248 707 2284 τε
745 2229 1075 2300 ἀγεννησίας
1104 2227 1199 2281 καὶ
1234 2227 1541 2296 γεννήσεως
1576 2223 1668 2277 καὶ
1695 2219 1964 2292 ἐκπορεύ-

394 2339 533 2385 σεως
585 2320 846 2375 δύνασθαι
896 2319 1162 2391 ὑπάρχειν
1209 2315 1409 2386 ἑαυτὴν
1456 2313 1827 2382 συνεστήσατο
1875 2309 1966 2363 διὰ

392 2414 499 2469 τῶν
527 2413 716 2468 ἀπλῶν
756 2411 919 2481 ιὺτῆς
953 2409 1328 2469 ὑποστάσεων,
1361 2405 1503 2460 οὑτω
1528 2403 1623 2458 καὶ
1650 2403 1737 2456 διὰ
1773 2400 1964 2455 συνθέ-

393 2522 531 2568 σεως
555 2502 952 2571 ὑποστατικῆς,
981 2501 1180 2571 ἑαυτήν
1199 2498 1549 2569 ’παρέστησεν
1589 2495 1857 2565 ὑπάρχειν
1882 2492 1965 2546 δύ-

389 2596 619 2651 νασθαιο
656 2597 753 2651 καὶ
803 2595 971 2660 ἔδειξε
1015 2594 1198 2662 πάσης
1238 2594 1545 2660 γεννήσεως
1577 2589 1674 2642 καὶ
1700 2587 1966 2657 ἐκπορεύ-

395 2706 533 2753 σεως
572 2690 669 2743 καὶ
714 2686 1114 2758 δημιουργικῆς
1157 2683 1459 2746 συνθέσεως
1494 2680 1593 2745 τὰς
1620 2680 1877 2747 δυνάμεις
1907 2677 1968 2743 ἐξ

2064 2041 2198 2095 cias.
2232 2041 2387 2097 Sicut
2403 2044 2549 2098 enim
2582 2044 2637 2099 in
2656 2045 3000 2115 simplicibus
3019 2047 3289 2117 personis,
3313 2065 3421 2103 non
3439 2050 3645 2121 genita,

2062 2141 2118 2188 et
2140 2135 2344 2204 genita,
2379 2144 2437 2190 et
2460 2137 2767 2207 procedens
2794 2139 3003 2209 seipsas
3027 2140 3291 2197 exsistere
3326 2157 3485 2212 posse
3515 2158 3651 2197 con-

2066 2225 2194 2280 scite
2218 2237 2399 2294 erant,
2436 2227 2511 2283 ita
2542 2244 2641 2299 per
2684 2230 2945 2284 unionem
2976 2231 3377 2303 hypostaticam
3413 2234 3647 2289 manife-

2066 2323 2385 2384 staverunt;
2424 2325 2483 2374 et
2539 2334 2733 2376 omnes
2791 2321 3198 2391 generationis,
3253 2324 3645 2393 processionis,

2068 2407 2305 2463 actionis
2335 2411 2607 2479 potentias
2631 2411 2687 2466 in
2721 2412 2867 2467 entia
2894 2428 2922 2466 a
2951 2428 3009 2468 se
3042 2413 3365 2484 participari
3387 2415 3653 2484 probave-

2070 2506 2221 2562 runt,
2252 2498 2547 2569 omniaque
2591 2499 2863 2556 inferiora
2900 2516 3023 2556 esse
3070 2510 3186 2556 tum
3216 2501 3348 2557 huic
3394 2502 3653 2573 ingenita

2071 2604 2320 2659 personae
2344 2590 2469 2645 aliis
2494 2593 2691 2663 majori
2717 2634 2731 2659 ,
2765 2602 2879 2647 tum
2911 2592 3256 2664 simplicitati
3282 2604 3491 2649 natura:
3514 2594 3651 2650 sub-

2073 2680 2345 2737 stantialis
2378 2682 2545 2737 trium
2575 2699 2958 2754 personarum.

392 2780 562 2850 αὑτῆς
584 2776 724 2835 εἶναι
755 2781 811 2832 ἐν
834 2780 948 2841 τοῖς
976 2773 1149 2843 οὖσιν,
1169 2775 1458 2847 ὑπερέχειν
1487 2790 1546 2827 τε
1572 2773 1791 2827 πάντων
1853 2770 1992 2839 αὐτῇ
2029 2770 2329 2845 ἀγεννησίᾳ
2374 2776 2520 2830 κατὰ
2581 2776 2681 2847 τήν
2733 2778 2957 2847 μείζονα
2998 2779 3110 2835 τῶν
3155 2781 3530 2848 ὑποστάσεων,
3558 2782 3654 2837 καὶ

392 2878 654 2950 ἁπλότητι
685 2876 902 2948 φύσεως
931 2876 1073 2931 κατά
1100 2874 1197 2947 τὴν
1232 2873 1342 2927 τῶν
1366 2870 1532 2943 τριῶν
1561 2867 1763 2937 ἑαυτῆς
1797 2865 2112 2937 προσώπων
2146 2869 2427 2926 οὑσίωσιν.

975 2972 1225 3025 ΚΕΦΑΛ.
1256 2971 1382 3024 AA'.

464 3071 526 3125 Ei
554 3069 652 3141 τὴν
686 3069 954 3140 διαίρεσιν
991 3069 1102 3121 τῶν
1146 3062 1497 3118 ὑποστάσεων
1538 3057 1639 3111 οὑκ
1671 3054 1971 3125 ἐφύλαττεν

390 3164 426 3233 ή
459 3162 662 3234 φυσική
694 3161 910 3224 ἐνωσις,
958 3158 1079 3212 οὑδὲ
1127 3157 1234 3228 ἄρα
1260 3155 1352 3207 τὸν
1376 3151 1509 3205 Θεὸν
1538 3149 1711 3216 Λόγον
1743 3143 1972 3213 ἐφύλατ-

390 3274 483 3310 τεν
511 3256 649 3329 ὃπερ
687 3250 777 3325 ἦν,
804 3254 927 3309 οὑδέ
949 3255 1044 3307 τὸν
1070 3250 1355 3322 ἄνθρωπον
1381 3246 1518 3316 ὅπερ
1547 3242 1795 3312 γέγονεν.
1824 3237 1967 3306 Ἀρα

2656 2968 2810 3025 CAP.
2849 2968 3043 3026 XXXI.

2139 3034 2255 3091 Nisi
2271 3035 2550 3092 distinctio
2568 3054 2926 3108 personarum
2940 3056 3065 3095 cum
3082 3039 3306 3110 physica
3323 3041 3525 3098 unione
3538 3058 3659 3098 ser-

2068 3135 2245 3193 vetur,
2267 3143 2446 3199 neque
2456 3129 2694 3185 Verbum
2714 3131 2809 3186 Dei
2823 3132 2965 3201 quod
2984 3142 3122 3199 erat,
3137 3149 3315 3204 neque
3329 3134 3653 3204 nomoquod

2068 3216 2244 3276 factus
2267 3227 2352 3274 est
2377 3220 2635 3275 servavit.
2656 3220 2762 3276 Sed
2789 3222 3039 3293 nunquid
3067 3223 3274 3279 ferrum
3292 3234 3347 3281 et
3365 3225 3504 3296 ignis
3521 3227 3653 3296 jun-

391 3339 487 3400 οὖν
515 3311 637 3399 οὑδέ
684 3311 776 3398 τ’δᾴ
815 3343 1033 3416 σίδηρον
1073 3311 1209 3412 ὅπερ
1249 3338 1388 3405 ἐστὶ,
1424 3311 1516 3389 καὶ
1546 3332 1608 3388 τὸ
1654 3330 1769 3401 πῦρ
1796 3328 1966 3383 ὅέστι

2067 3321 2155 3368 cta
2181 3311 2238 3367 in
2269 3327 2446 3367 massa
2474 3312 2730 3367 candenti
2758 3329 2912 3369 suam
2933 3317 3489 3372 naturamamittunt?
3511 3334 3667 3372 nun-.

1271 3394 1487 3494 va’O’LC'
1514 3427 1631 3483 ἀλλ’
1668 3424 1790 3479 οὐδὲ
1823 3418 1966 3475 κατά

2069 3402 2205 3475 quid
2232 3418 2323 3459 ros
2349 3410 2407 3458 et
2431 3403 2653 3458 vellus?
2688 3404 2808 3460 Non
2844 3418 3169 3477 separantur
3197 3425 3479 3479 personae,
3522 3424 3651 3464 cum

392 3531 490 3601 τὴν
535 3529 727 3601 δρόσον
763 3529 858 3585 καὶ
903 3529 996 3583 τὸν
1038 3528 1223 3582 πόκονσ
1268 3526 1391 3579 ἐπεὶ
1426 3522 1503 3594 μή
1535 3517 1857 3591 διορίζονται
1903 3509 1963 3565 αί

2072 3502 2148 3559 sit
2181 3499 2301 3555 sine
2324 3494 2495 3551 dubio
2518 3496 2745 3572 physica
2769 3498 2900 3553 unio
2937 3499 3133 3554 harum
3170 3507 3512 3555 naturarum.

393 3594 735 3698 ὑποστάσεις,
774 3626 1008 3699 φυσικῆς
1048 3624 1347 3697 προδήλως,
1390 3621 1558 3692 ήγουν
1603 3615 1711 3670 τῶν
1755 3611 1971 3683 φύσεων
2006 3596 2206 3665 αὐτῶν,
2238 3594 2405 3666 οὑσης
2430 3594 2528 3666 τῆς
2556 3598 2820 3699 ὲνώ-σεως,

961 3715 1217 3771 ΚΕΦΑΛ.
1276 3712 1403 3767 ΔΒ’.

465 3814 527 3867 Ei
562 3812 715 3883 μένει
744 3813 778 3882 ἡ
811 3810 1013 3880 γνῶσις,
1049 3809 1147 3878 τῆς
1184 3807 1333 3869 θείας
1364 3802 1715 3865 ὑποστάσεως
1739 3800 1805 3871 τῇ
1850 3796 1971 3852 θεό-

393 3923 540 3974 τητι,
572 3905 667 3958 καὶ
701 3902 852 3971 μένει
879 3903 913 3969 ή
944 3902 1137 3969 ἄγνοια
1182 3899 1277 3952 τοῦ
1321 3894 1609 3967 ἀνθρώπου
1661 3895 1730 3964 τῇ
1781 3888 1970 3962 σαρκὶ,

403 3996 519 4059 πῶς
550 3996 619 4049 τά
651 3993 758 4048 τῶν
805 3992 1160 4048 ὑποστάσεων
1210 3990 1363 4060 μένει
1416 3984 1742 4059 διῃρημένα,
1787 3981 1883 4036 καὶΙ
1914 3982 1969 4034 αί

395 4085 722 4148 ὑποστάσεις
756 4083 819 4137 οὑ
863 4082 1085 4154 μένουσι
1113 4080 1473 4153 διῃρημέναι;
1539 4076 1679 4130 Ἀλλ’
1724 4077 1759 4147 ἡ
1809 4073 1971 4143 φύσις

394 4180 543 4234 ἐστὶν
580 4179 615 4243 ἢ
647 4175 927 4248 γνωστικὴ
957 4174 990 4245 ἢ
1023 4172 1293 4243 ἀγνοοῦσα
1325 4171 1470 4225 κατά
1508 4169 1605 4240 τὴν
1636 4167 1967 4222 ὑπόστασινο

392 4271 455 4325 οὑ
484 4270 593 4341 γάρ
626 4268 816 4332 ἀπλῶς
857 4269 891 4339 ή
944 4266 1242 4328 ὑπόστασις
1262 4260 1541 4332 γινώσκεν
1566 4260 1661 4313 καὶ
1688 4258 1798 4328 γὰρ
1830 4254 1971 4311 πάν-

393 4380 503 4416 των
534 4356 610 4416 ὧν
640 4359 854 4416 Παύλου
882 4359 917 4430 ἡ
945 4357 1245 4419 ὑπόστασις
1292 4351 1573 4423 γινώσκει,
1604 4350 1757 4405 οὐδέν
1789 4365 1971 4418 φαμεν

392 4455 487 4507 τὸν
530 4454 696 4524 ὄνυχα
744 4450 931 4516 αὑτοῦ,
986 4450 1021 4521 ή
1046 4466 1101 4501 τι
1144 4448 1254 4501 τῶν
1298 4447 1400 4515 τῆς
1452 4443 1769 4514 σωματικῆς
1804 4440 1971 4496 αὑτοῦ

396 4545 612 4615 φύσεως
642 4543 955 4614 γινώσκειν,
987 4540 1126 4595 ἀλλά
1157 4539 1313 4611 μόνον
1343 4537 1442 4609 τὴν
1475 4534 1710 4604 φυσικὴν
1740 4532 1971 4603 δύναμιν

394 4635 582 4700 αὑτοῦ,
613 4637 707 4690 καὶ
738 4634 895 4688 τοῦτο
926 4634 1025 4704 τῆς
1048 4632 1289 4703 ψυχικῆς
1325 4630 1483 4701 μόνον
1504 4629 1673 4700 ήγουν
1699 4626 1790 4679 τὸν
1822 4625 1968 4678 νοῦν·

393 4728 518 4782 οὑδέ
548 4727 655 4800 γάρ
691 4728 872 4780 πᾶσαν
905 4724 1074 4795 αὐτῆς
1106 4721 1342 4792 πρώτως
1384 4720 1486 4790 τὴν
1525 4718 1706 4789 φύσινο
1732 4716 1850 4781 πῶς
1877 4708 1993 4769 οῦνΔ

394 4821 461 4876 ἀν
486 4816 597 4875 εἷεν
631 4820 681 4873 οί
708 4819 808 4889 τῆς
838 4815 1055 4889 φύσεως
1100 4812 1250 4882 λόγοι
1274 4816 1374 4881 τῆς
1401 4812 1756 4872 ὑποστάσεως
1782 4825 1799 4875 ;

976 4907 1229 4962 ΚΕΦΑΔ.
1260 4904 1380 4960 Al".

2636 3688 2790 3745 CAP.
2842 3687 3059 3745 XXXII.

2144 3778 2446 3836 Scientiam
2470 3779 2669 3835 divina:
2693 3796 2944 3851 persona:
2960 3784 3005 3836 si
3036 3777 3299 3840 divinitas
3328 3788 3651 3854 servaverit,

2072 3881 2129 3927 et
2158 3887 2287 3927 caro
2312 3872 2674 3943 ignorantiam
2706 3874 2911 3939 carnis,
2943 3889 3042 3929 cur
3072 3874 3331 3933 distincte
3376 3882 3652 3935 manenti—

2072 3963 2178 4019 bus
2205 3980 2563 4035 personarum
2605 3965 3057 4035 pr0prietatibus,
3110 3968 3243 4038 ipsa:
3282 3984 3530 4040 personae
3570 3972 3653 4026 di-

2071 4056 2285 4113 stinctae
2328 4071 2439 4111 non
2479 4055 2828 4110 manebunt?
2881 4056 2989 4113 Sed
3039 4067 3237 4115 natura
3282 4075 3531 4131 personae
3564 4065 3650 4119 vel

2070 4147 2375 4218 cognoscit,
2427 4148 2515 4202 vel
2575 4160 2684 4202 non
2742 4148 3027 4217 cognoscit
3082 4165 3097 4203 :
3140 4164 3253 4204 non
3277 4151 3426 4206 enim
3470 4153 3652 4207 omnis

2071 4254 2307 4309 persona
2339 4239 2638 4310 cognoscit.
2681 4237 2937 4295 Omnium
2970 4256 3093 4310 quae
3131 4243 3282 4298 novit
3310 4242 3463 4299 Pauli
3520 4259 3651 4314 per-

2072 4346 2230 4396 sona,
2268 4332 2532 4401 ungulam
2569 4331 2655 4387 vel
2703 4331 2942 4401 aliquam
2998 4332 3083 4387 sui
3133 4334 3382 4404 corporis
3433 4346 3647 4405 partem

2071 4420 2307 4477 dicimus
2338 4422 2478 4476 nihil
2501 4422 2844 4493 cognovisse,
2878 4422 2974 4477 sed
3008 4438 3174 4478 unam
3216 4427 3527 4481 naturalem
3563 4427 3649 4481 fa-

2070 4513 2353 4576 cultatem,
2388 4521 2444 4566 et
2480 4512 2627 4565 illam
2659 4512 3024 4581 spiritualem,
3054 4513 3108 4569 id
3131 4522 3217 4570 est
3251 4515 3590 4572 intellectum
3621 4537 3640 4576 :

2070 4614 2181 4654 non
2215 4599 2361 4652 enim
2404 4606 2516 4653 tota
2556 4608 2749 4653 natura
2783 4600 2903 4670 ejus
2942 4602 3331 4669 cognoscebat.
3368 4604 3479 4663 Cur
3519 4622 3652 4677 ergo

2071 4689 2140 4745 de
2171 4703 2410 4760 persona
2440 4688 2742 4753 diceretur,
2776 4689 2922 4759 quod
2952 4690 3022 4746 de
3050 4701 3247 4748 natura
3286 4693 3495 4750 dictum
3526 4697 3655 4753 est?

2645 4903 2797 4962 CAP.
2827 4905 3070 4965 XXXIII.

470 5004 567 5058 'Ev
596 5003 886 5073 πρόσωπον
906 5000 1203 5073 ἀπρόσιτον
1222 4997 1353 5052 Θεοῦ
1370 4999 1433 5052 ἐκ
1460 4998 1696 5067 φύσεως
1732 5016 1752 5051 ι
1782 4995 1966 5059 Οὐδεὶς

2147 4996 2267 5054 Una
2284 5004 2370 5052 est
2397 4995 2501 5052 Dei
2521 4993 2691 5053 facies
2720 4997 3036 5065 invisibilis,
3054 4999 3189 5057 dicit
3215 5015 3364 5057 enim
3394 5018 3451 5057 ιι
3477 5010 3662 5061 Nemo

394 5099 524 5168 γὰρ,
542 5096 699 5167 φησὶ,
720 5094 909 5166 ὄψεται
936 5093 997 5148 τὸ
1019 5091 1310 5164 πρόσωπόν
1327 5108 1427 5162 μου
1445 5091 1540 5145 καὶ
1560 5090 1805 5162 ζήσεταιο
1836 5108 1856 5143 ι
1880 5089 1978 5144 καὶ

392 5190 452 5243 ἓν
470 5189 759 5259 πρόσωπον
776 5185 1153 5257 ἐμπτυόμενον
1164 5182 1473 5252 ἀνθρώπου·
1499 5201 1517 5235 ι
1544 5183 1652 5235 Καὶ
1671 5183 1973 5235 ἐνέπτυσαν

393 5282 527 5353 γὰρ,
546 5280 700 5350 φησὶ,
728 5279 806 5341 είς
828 5278 888 5331 τὸ
912 5276 1202 5347 πρόσωπον
1229 5274 1417 5328 αὑτοῦ.
1454 5292 1473 5327 ι
1502 5275 1564 5327 Εἰ
1592 5273 1650 5327 ἓν
1676 5273 1972 5344 πρόσωπον

393 5370 632 5444 Χριστοῦ
664 5372 814 5424 ἐστιν
864 5368 924 5433 ἐξ
964 5368 1230 5433 ἐνώσεως,
1259 5366 1370 5437 ἄρα
1421 5365 1543 5436 ἕχον
1591 5370 1650 5419 ἐν
1702 5365 1878 5437 ἐαυτῷ
1905 5366 1972 5419 τὸ

394 5464 688 5534 ἀπρόσιτον
740 5461 1033 5533 πρόσωπον
1060 5500 1075 5527 ,
1129 5459 1223 5512 καὶ
1276 5457 1337 5512 τὸ
1394 5457 1769 5529 ἐμπτυόμενον
1801 5456 1972 5528 πρόσ-

376 5562 562 5609 “to-nov.
598 5552 739 5606 Ἀλλ’
770 5550 896 5605 οὔτε
929 5550 989 5603 τὸ
1011 5548 1105 5603 ἐπὶ
1130 5547 1267 5601 Θεοῦ
1291 5549 1411 5619 είρη
1421 5548 1581 5618 μένον
1607 5547 1714 5601 τοῦ.
1732 5547 1965 5618 ἀοράτου

395 5648 708 5718 πρόσωπον,
752 5644 828 5708 ώς
863 5641 1160 5705 ὑπόστασις
1195 5640 1432 5707 ἐλέγετο,
1487 5641 1615 5709 περ).
1666 5633 1728 5693 οὖ
1777 5638 1873 5693 νῦν
1905 5638 1966 5691 τὸ

398 5740 751 5812 ζητούμενονο
783 5739 844 5792 οὑ
875 5738 984 5808 γὰρ
1014 5736 1072 5789 ἓν
1108 5735 1266 5806 μόνον
1287 5732 1349 5786 τὸ
1376 5732 1469 5788 τοῦ
1498 5732 1635 5785 Θεοῦ
1669 5730 1962 5803 πρόσωπόν

469 5881 512 5915 ⁸⁸
540 5882 710 5939 Exod.
748 5896 931 5945 χχχιιι,
966 5879 1055 5933 20.
1133 5877 1175 5909 ⁸⁸
1208 5876 1396 5933 Matth.
1424 5891 1567 5941 xxvx,
1595 5875 1677 5932 67.

2074 5090 2284 5147 videbit
2314 5090 2510 5148 faciem
2528 5107 2726 5159 meam,
2759 5093 3044 5149 etvivet“
3068 5110 3086 5160 ;
3113 5113 3133 5147 ι
3164 5103 3344 5150 etuna
3366 5102 3449 5149 est
3480 5096 3651 5154 facies

2075 5182 2318 5238 hominis
2333 5171 2638 5253 passibilis;
2666 5184 2931 5253 scriptum
2944 5191 3030 5239 est
3054 5185 3201 5239 enim
3224 5201 3241 5241 :
3271 5185 3369 5239 «Et
3394 5194 3523 5241 tunc
3549 5203 3650 5243 ex-

2072 5282 2314 5344 puerunt
2344 5274 2400 5328 in
2428 5273 2623 5329 faciem
2651 5274 2848 5344 ejus".
2874 5291 2893 5326 ι
2925 5274 2983 5329 Si
3010 5289 3141 5345 ergo
3171 5289 3278 5329 una
3301 5284 3385 5330 est
3413 5292 3649 5346 persona

2072 5365 2275 5423 Christi
2297 5374 2419 5437 post
2432 5365 3023 5431 incarnationem,buic
3034 5366 3143 5421 erit
3156 5382 3261 5421 una
3276 5366 3442 5423 facies
3458 5368 3651 5423 invisi-

2076 5455 2226 5523 bilis,
2244 5455 2414 5510 altera
2440 5454 2735 5524 passibilis.
2758 5454 2865 5509 Sed
2894 5455 2998 5511 ista
3016 5456 3187 5513 facies
3207 5458 3303 5513 Dei
3328 5457 3646 5524 invisibilis,

2074 5546 2144 5602 de
2163 5562 2271 5617 qua
2285 5545 2514 5614 quaastio
2526 5553 2630 5609 est,
2654 5560 2753 5614 pro
2778 5560 3011 5615 persona
3028 5547 3300 5618 accipitur
3325 5566 3338 5603 :
3362 5565 3471 5604 non
3496 5551 3645 5606 enim

2073 5638 2233 5693 unica
2257 5643 2342 5691 est
2376 5635 2473 5690 Dei
2506 5651 2761 5706 persona,
2786 5638 2883 5693 sed
2911 5637 3129 5708 triplex.
3155 5640 3251 5695 llla
3281 5641 3428 5695 enim
3453 5641 3648 5700 invisi.

2072 5730 2199 5787 bilis
2219 5729 2385 5787 facies
2404 5744 2513 5785 non
2528 5728 2670 5785 dicta
2696 5737 2780 5787 est
2807 5745 2917 5788 una
2937 5744 3059 5787 esse
3083 5747 3114 5789 e
3136 5732 3439 5801 Trinitatc;
3467 5752 3645 5806 nequc
