4116 6440
501 420 635 489 1591

1784 421 2095 482 LEONTII
2142 421 2545 485 BYZANTINI

3640 413 3766 480 1592

498 555 624 594 cum
664 537 1013 607 oppositione
1064 547 1330 609 usurpata
1376 547 1460 593 est
1504 539 1573 593 ab
1620 554 1729 593 una
1776 540 2088 593 divinarum

2200 542 2325 602 ἐστι,
2361 538 2497 593 ἀλλὰ
2546 536 2694 606 τρία⁸
2746 532 2849 588 οὐκ
2887 532 2954 587 ἂν
2990 530 3098 604 γάρ
3136 530 3332 596 ἑνικῶς
3381 524 3521 585 εἶναι
3567 530 3765 604 ἐρρήθη

497 643 884 697 personarum,
934 631 1090 699 quasi
1118 630 1239 685 alia:
1273 631 1395 686 dua:
1425 630 1922 686 consubstantialcs
1951 631 2091 686 divi-

497 734 624 771 nam
675 717 873 774 faciem
902 722 1177 776 visibilem
1214 738 1326 792 pra:
1376 738 1433 778 se
1474 722 1689 788 ferant‘,
1730 732 1785 777 et
1827 738 1934 777 una
1969 740 2093 793 quae

498 810 746 887 loquitur
774 812 1112 869 invisibilem
1144 815 1377 883 habeat;
1421 817 1515 871 sed
1550 817 1774 870 nomine
1809 815 1967 870 faciei
2004 816 2089 871 in-

498 902 791 979 dicebatur
820 914 1033 959 natura:
1050 907 1170 975 ejus
1189 907 1351 972 visio,
1383 917 1440 961 et
1463 907 1732 961 naturalis
1767 907 1862 960 Dei
1891 906 2089 971 forma,

499 991 644 1059 quod
695 992 840 1048 idem
882 1010 994 1047 non
1041 1004 1127 1049 est
1161 1012 1226 1050 ae
1264 1011 1522 1066 persona.
1572 995 1663 1050 Sic
1712 996 1913 1051 iterum
1945 996 2092 1066 quod

498 1100 755 1153 persona,
803 1086 906 1141 hoc
937 1103 1047 1141 non
1078 1097 1162 1143 est
1210 1088 1384 1143 facies
1426 1087 1633 1143 Christi
1668 1105 1792 1158 qua:
1824 1099 2092 1160 consputa

503 1174 634 1241 fuit;
685 1176 788 1230 ista
842 1178 989 1232 enim
1038 1196 1166 1248 pars
1198 1178 1301 1233 fuit
1343 1194 1455 1233 non
1502 1178 1666 1233 modo
1698 1177 1939 1244 Christi,
1993 1179 2090 1234 sed

499 1266 666 1319 etiam
711 1268 949 1323 hominis
977 1269 1030 1323 in
1061 1269 1202 1340 ipso,
1253 1280 1309 1325 et
1337 1286 1534 1325 rursus
1573 1287 1743 1325 unum
1778 1271 2092 1326 membrum

498 1359 750 1427 corporis
786 1361 927 1430 ejus,
983 1370 1181 1431 caput;
1234 1377 1339 1417 nec
1369 1370 1544 1417 totum
1594 1371 1789 1433 caput,
1826 1363 1924 1418 sed
1964 1378 2094 1433 pars

496 1450 620 1519 ejus
651 1453 923 1517 anterior,
954 1463 1011 1507 et
1027 1469 1090 1507 ea
1120 1453 1359 1523 denique
1387 1470 1511 1524 quae
1528 1462 1614 1509 est
1636 1455 1848 1510 circum
1878 1456 2091 1510 oculos.

500 1538 556 1595 Si
586 1557 719 1613 ergo
756 1543 861 1598 hoc
901 1561 1010 1599 uno
1039 1546 1211 1600 verbo
1235 1546 1578 1617 signiﬁcatur
1603 1547 1806 1602 Christi
1832 1564 2091 1618 persona,

496 1649 609 1711 non
651 1644 832 1688 autem
865 1653 927 1690 ea
960 1654 1082 1707 quae
1113 1648 1307 1707 pectus
1333 1638 1701 1703 circumdant,
1731 1656 1836 1694 nec
1873 1656 2090 1707 manus,

496 1740 598 1779 nec
650 1726 841 1795 pedes,
886 1744 1065 1798 neque
1113 1737 1307 1785 caatera
1360 1730 1607 1785 membra
1653 1732 1905 1802 corporis
1950 1733 2091 1803 ejus,

497 1812 613 1874 sive
648 1821 771 1890 puri
811 1822 1075 1887 hominis,
1129 1822 1246 1877 sive
1290 1822 1385 1877 Dei
1419 1822 1490 1877 sit
1519 1838 1758 1893 persona
1799 1832 1855 1877 et
1900 1824 2090 1890 facies,

2198 634 2301 686 ὑπὸ
2320 633 2422 701 τῆς
2448 630 2735 700 Θεότητος,
2757 626 2883 680 οὔτε
2913 626 3055 680 κατὰ
3079 624 3506 695 ἀντιδιαστολὴν,
3537 624 3638 678 ὑπὸ
3657 623 3769 689 ἑνὸς

2195 726 2304 779 τῶν
2341 724 2503 777 Θείων
2550 720 2864 792 προσώπων
2917 718 3036 772 ἐστὶ
3081 716 3381 787 λεγόμενον
3416 715 3479 769 τὺ
3526 716 3769 787 ἀόρατον,

2195 816 2271 880 ὡς
2304 817 2411 869 τῶν
2442 813 2744 885 όμοουσίων
2771 812 2976 883 ἐτέρων
3019 809 3133 875 δύο,
3181 807 3396 881 ὁρατῶν
3423 807 3591 861 ὄντων
3619 807 3759 862 ﬂetur

2197 911 2509 981 προσώπων
2533 953 2547 976 ,
2590 908 2684 963 τοῦ
2723 905 3162 979 χρηματίζοντος
3210 903 3269 957 δὲ
3330 902 3495 974 μόνου
3544 902 3770 973 ἀοράτου

2194 1004 2575 1074 τυγχάνοντος
2607 1001 2725 1057 ἀλλ’
2758 1002 2791 1072 ἡ
2822 1000 2925 1070 τῆς
2958 998 3176 1068 φύσεως
3220 994 3388 1050 αὑτοῦ
3422 994 3773 1055 κατόπτευσῑς

2196 1098 2450 1169 ἐδηλοῦτο
2483 1096 2571 1150 διὰ
2600 1093 2695 1149 τοῦ
2745 1090 3044 1166 προσώπου
3068 1130 3083 1155 ,
3134 1089 3229 1143 καὶ
3260 1088 3324 1141 τὸ
3374 1086 3606 1157 φυσικὸν
3641 1080 3772 1148 εἶδος

2195 1190 2291 1243 τοῦ
2320 1188 2477 1253 Θεοῦ,
2510 1189 2649 1259 ὅπερ
2695 1186 2757 1240 οὑ
2784 1184 2982 1240 ταυτὸν
3025 1184 3229 1236 νοεῖται
3253 1183 3325 1252 τῇ
3357 1176 3651 1233 ὑποστάσει
3694 1175 3769 1229 δνο

2196 1282 2277 1335 ἔτι
2322 1282 2381 1336 δὲ
2426 1283 2488 1336 οὐ
2532 1282 2729 1336 ταυτόν
2761 1284 2877 1335 ἐστι
2919 1281 2986 1349 τῇ
3022 1275 3321 1330 ὑποστάσει
3365 1270 3532 1326 αὑτοῦ
3576 1268 3692 1323 οὐδὲ
3716 1267 3775 1320 τό

2196 1373 2511 1443 ἐμπτυσθὲν
2540 1370 2779 1445 Χριστοῦ
2805 1369 3127 1443 πρόσωπον·
3158 1366 3325 1437 μέρος
3358 1363 3469 1433 γάρ
3500 1364 3615 1416 ἐστι
3644 1360 3776 1413 ἐκεῖ·

2197 1482 2275 1528 νο,
2315 1463 2377 1517 ού
2427 1463 2588 1535 μόνον
2635 1460 2897 1535 Χριστοῦ,
2926 1459 3066 1515 ἀλλά
3096 1459 3192 1512 καὶ
3219 1455 3315 1510 τοῦ
3346 1455 3467 1508 κατ’
3503 1450 3661 1507 αὑτὸν
3687 1451 3776 1503 ἀν-

2198 1555 2442 1627 ορώπου·
2475 1556 2571 1610 καὶ
2600 1556 2791 1609 τούτου
2817 1554 2927 1608 τῶν
2954 1549 3289 1623 σωματικῶν
3313 1546 3500 1619 μερῶν
3521 1545 3598 1609 ἓν,
3619 1543 3778 1616 ἤγουν

2194 1651 2229 1721 ή
2266 1649 2475 1719 κεφαλή
2504 1665 2518 1680 ·
2544 1648 2639 1702 καὶ
2688 1648 2827 1718 αύτή
2853 1646 2909 1699 δὲ
2954 1645 3054 1715 οὐχ
3092 1643 3189 1714 ὅλη
3210 1684 3224 1709 ,
3259 1640 3396 1695 ἀλλά
3427 1639 3491 1693 τὸ
3523 1638 3581 1691 ἒν
3617 1636 3776 1706 αὐτῆς

2196 1740 2433 1814 πλευρὸν
2470 1739 2657 1804 ἁπλῶς
2700 1738 2762 1792 τὸ
2795 1737 3153 1809 ὲμπρόσθιον,
3179 1734 3274 1789 καί
3300 1731 3441 1803 πρὸς
3467 1729 3595 1792 τοὺς
3632 1721 3779 1789 ὦπας

2201 1834 2367 1906 μέρος
2390 1834 2580 1903 αὑτῆς·
2620 1833 2669 1886 εἰ
2699 1827 2793 1886 οὖν
2827 1830 2964 1900 τῷδε
2993 1831 3021 1883 ό
3047 1828 3149 1899 τῆς
3171 1824 3529 1885 ὑποστάσεως
3547 1819 3640 1874 τοῦ
3663 1820 3779 1889 Χρι·

497 1909 798 1967 οἰίορηόιιιη
856 1915 965 1968 erit
1013 1916 1332 1970 necessario
1381 1930 1503 1971 esse
1545 1924 1807 1971 extranea
1845 1933 2095 1986 persona:

2200 1925 2324 1979 στοῦ
2372 1924 2530 1993 λόγος
2560 1923 2816 1997 δηλοῦται
2856 1922 3027 1994 μόνῳ,
3061 1920 3185 1974 ἐπεὶ
3232 1918 3307 1990 μὴ
3351 1914 3776 1990 ὲμπεριώρισται

496 2004 709 2073 teliqua
741 2005 861 2076 ejus
912 2007 1161 2061 membra
1192 2022 1313 2076 qua:
1337 2006 1537 2071 oculis,
1579 2016 1675 2061 aut
1709 2022 1805 2061 ore
1846 2024 1956 2063 non
1988 2008 2094 2062 eir—

493 2096 969 2152 cumscribuntur.
1004 2096 1162 2163 Quod
1199 2096 1409 2151 dictum
1444 2096 1735 2152 manifeste
1767 2105 1854 2153 est
1880 2097 2092 2169 puerile

493 2187 581 2240 vel
615 2188 1005 2258 sophisticum.

2200 2017 2349 2088 αὑτῷ
2380 2018 2628 2090 στέρνον,
2670 2017 2764 2070 καὶ
2796 2017 2857 2070 αἱ
2905 2017 3109 2086 χεῖρες,
3155 2014 3250 2066 καὶ
3285 2013 3337 2064 οἱ
3382 2010 3565 2073 πόδες,
3598 2007 3688 2061 καὶ
3718 2002 3779 2090 τὰ

2198 2087 2360 2158 λοιπά
2392 2087 2490 2157 τοῦ
2530 2105 2804 2174 σώματος,
2849 2101 2961 2156 εἴτε
2990 2100 3151 2165 ψιλοῦ
3194 2097 3487 2168 ἀνθρώπου
3511 2137 3526 2162 ,
3560 2097 3665 2149 εἴτε
3692 2087 3779 2147 οὖν

2195 2191 2334 2245 Θεοῦ
2385 2193 2591 2264 ἔστινὴ
2624 2192 2925 2254 ὑπόστασις
2962 2189 3207 2261 Χριστοῦ
3263 2188 3358 2241 καὶ
3396 2185 3460 2239 τὴ
3498 2184 3779 2255 πρόσωπον

494 2282 710 2354 ἀνάγκη
744 2282 903 2347 ἐκτὸς
932 2280 1070 2337 εἶναι
1105 2283 1267 2354 τῆσδε
1293 2283 1394 2353 τῆς
1416 2283 1772 2348 ὑποστάσεως
1816 2284 1995 2338 πάντα
2024 2284 2092 2339 τὰ
2117 2285 2254 2340 ἄλλα
2302 2288 2436 2359 μέλη
2472 2287 2666 2357 αὐτῆς,
2709 2288 2809 2341 ὅσα
2845 2285 2921 2358 μὴ
2973 2288 3007 2357 ἡ
3046 2285 3188 2355 ὄψις,
3224 2283 3396 2354 ἤγουν
3424 2280 3455 2334 ό
3484 2276 3778 2351 χαρακτὴρ.

495 2378 829 2449 περιγράφει
864 2377 1089 2450 ταύτης·
1115 2378 1149 2449 ἢ
1194 2378 1289 2433 οὖν
1321 2379 1630 2445 παιδιῶδες,
1660 2380 1694 2452 ἢ
1728 2380 2042 2450 σοφιστικὸν
2096 2381 2158 2436 τὸ
2214 2384 2504 2457 εἰρημένον
2534 2384 2663 2456 ὑμῖν
2687 2384 2897 2454 σαφῶς.

1062 2473 1220 2530 CAP.
1266 2474 1508 2531 XXXIV.

565 2564 734 2620 Verbi
772 2565 868 2620 Dei
902 2581 1143 2635 persona
1178 2582 1285 2621 una
1310 2575 1394 2622 est
1418 2582 1529 2621 non
1552 2582 1622 2621 ex
1656 2566 1887 2634 unione,
1907 2568 2003 2623 sed
2024 2583 2093 2623 ex

495 2668 716 2724 natura;
736 2657 943 2714 Christi
966 2674 1204 2730 persona
1228 2675 1333 2715 una
1368 2667 1454 2713 est
1481 2675 1550 2714 ex
1580 2659 1819 2725 unione;
1850 2658 2091 2729 atquisi,

498 2762 559 2806 ut
593 2750 822 2819 Christi,
849 2752 921 2808 ita
941 2761 998 2808 et
1028 2753 1191 2809 Verbi
1216 2768 1453 2822 persona
1473 2768 1581 2806 una
1611 2760 1757 2807 esset
1776 2768 1840 2807 ex
1864 2752 2091 2819 unione,

499 2854 713 2897 eertum
746 2855 894 2899 esset
937 2845 1179 2901 Verbum
1222 2844 1320 2899 Dei
1371 2854 1667 2915 antequam
1704 2860 1872 2899 unam
1904 2860 2095 2915 perso-

498 2954 626 2991 nam
665 2937 948 3003 habuerit,
983 2954 1104 2992 eam
1145 2954 1257 2993 non
1290 2938 1578 3004 habuisse,
1612 2938 1759 2993 haud
1794 2954 1975 3003 secus,
2029 2954 2094 2993 ac

496 3028 776 3087 Christus.
806 3031 911 3086 Sed
950 3031 1040 3085 illa
1070 3047 1179 3085 una
1213 3031 1487 3087 naturalis
1528 3048 1761 3102 persona
1795 3033 1960 3087 unius
1994 3047 2095 3086 na-

501 3135 639 3179 tura:
668 3124 838 3179 Verbi
893 3124 1014 3190 Dei,
1044 3125 1210 3179 etiam
1244 3133 1371 3194 post
1415 3126 1883 3191 incarnationem,
1935 3124 2093 3179 unita

2783 2479 3011 2533 ΚΕΦΑΛ
3022 2520 3035 2535 .
3070 2478 3190 2533 ΛΔ’.

2269 2576 2343 2629 Τὸ
2357 2576 2648 2648 πρόσωπον
2678 2572 2771 2627 τοῦ
2792 2571 2930 2626 Θεοῦ
2953 2570 3130 2640 Λόγου
3150 2572 3251 2624 οὐκ
3271 2570 3424 2624 ἔστιν
3452 2569 3519 2623 ὲκ
3534 2567 3631 2637 τῆς
3656 2561 3779 2619 ἑνώ-

2200 2682 2339 2729 σεως
2370 2664 2448 2730 ἓν,
2477 2666 2616 2719 ἀλλά
2645 2667 2711 2719 ὲκ
2743 2664 2992 2735 φύσεως’
3016 2665 3079 2716 τὸ
3107 2662 3405 2734 πρόσωπον
3432 2660 3527 2715 τοῦ
3556 2654 3777 2730 Χριστοῦ

2205 2760 2271 2811 ὲκ
2300 2758 2401 2828 τῆς
2424 2756 2671 2821 ὲνώσεώς
2696 2759 2845 2810 ἐστιν
2866 2755 2925 2809 ἓν
2948 2772 2964 2788 ’
3003 2756 3051 2807 εἰ
3076 2755 3187 2825 γὰρ
3219 2756 3285 2808 ἐκ
3323 2755 3425 2824 τῆς
3458 2744 3779 2819 ἑνώσεωςῆν

2199 2848 2262 2902 τὸ
2290 2848 2349 2902 ἓν
2377 2849 2668 2919 πρόσωπον
2692 2848 2786 2902 τοῦ
2817 2845 2954 2901 Θεοῦ
2978 2845 3180 2914 Λόγου,
3213 2844 3410 2917 ῶσπερ
3457 2844 3518 2898 τὸ
3541 2841 3632 2897 τοῦ
3656 2843 3779 2911 Χρι-

2202 2943 2353 3005 στοῦ,
2377 2942 2535 3014 δῆλον
2577 2943 2659 2996 ὅτι
2691 2942 2821 3013 πρὶν
2853 2942 3081 3010 γένηται
3110 2941 3139 2993 ὁ
3172 2938 3305 3002 Θεὸς
3334 2939 3511 3007 Λόγος
3544 2936 3601 2989 ἐν
3626 2932 3779 3006 πρόσ-

2201 3050 2374 3099 ωπον,
2399 3032 2500 3087 ούκ
2528 3027 2643 3102 εἶχε
2665 3031 2725 3085 τὸ
2746 3030 2803 3084 ἓν
2832 3031 3147 3102 πρόσωπον,
3170 3028 3362 3099 ῶσπερ
3398 3026 3522 3081 οῦδὲ
3542 3021 3779 3095 Χριστός.

2203 3125 2347 3178 Ἀλλ’
2372 3125 2503 3178 αὐτὸ
2527 3124 2588 3177 τὸ
2621 3126 2685 3178 ὲκ
2714 3123 2927 3193 φύσεως
2961 3121 3020 3175 ἓν
3056 3120 3353 3193 πρόσωπον
3411 3120 3510 3190 τῆς
3542 3117 3664 3188 μιᾶς
3689 3111 3780 3181 φύ-

498 3215 681 3271 Verbo
713 3216 769 3270 in
802 3216 921 3287 ipso
950 3226 1149 3271 natura
1180 3217 1386 3282 carnis,
1425 3233 1534 3271 una
1577 3227 1829 3273 remanet
1866 3232 2095 3287 persona

2206 3234 2344 3281 σεως
2369 3217 2464 3270 τοῦ
2492 3215 2692 3285 Λόγου,
2725 3213 2885 3268 τοῦτο
2915 3213 3011 3267 καὶ
3034 3213 3127 3266 ἐπὶ
3156 3213 3224 3283 τῇ
3267 3208 3468 3264 ἑνώσει
3499 3208 3600 3278 τῆς
3628 3220 3782 3272 προσ-

500 3307 739 3362 duarum
781 3315 1107 3364 naturarum
1142 3308 1353 3365 Christi
1386 3326 1400 3362 :
1432 3324 1501 3364 ex
1530 3309 1736 3364 unione
1789 3309 1960 3380 igitur
1992 3324 2093 3364 na-

500 3416 773 3471 turarum,
802 3420 914 3459 non
944 3420 1335 3476 personarum,
1362 3420 1470 3458 una
1508 3406 1567 3458 fit
1594 3404 1801 3459 Christi
1834 3420 2093 3474 persona,

498 3512 622 3566 qua:
670 3511 836 3550 unam
885 3495 1069 3551 adhuc
1118 3496 1323 3551 retinet
1375 3503 1651 3561 naturam,
1685 3503 1741 3550 et
1796 3494 1958 3550 unica
2002 3500 2096 3549 est

498 3604 734 3659 persona
790 3588 1018 3644 Christi.
1079 3587 1224 3654 Quid
1288 3590 1463 3660 ergo?
1501 3586 1756 3643 Christus
1807 3588 2095 3657 accepitne

499 3693 796 3748 personam
831 3694 899 3733 ex
948 3688 1171 3743 natura,
1231 3686 1435 3749 praeter
1487 3678 1719 3732 alteram
1752 3692 1822 3731 ex
1864 3676 2092 3740 unione,

499 3771 731 3826 annon?
764 3769 819 3824 Si
855 3785 971 3824 non
1015 3772 1263 3841 accepit,
1296 3784 1591 3840 personam
1624 3784 1736 3822 non
1766 3767 1898 3823 fecit
1931 3767 2092 3832 unio;

500 3864 620 3930 sed,
670 3872 730 3919 ut
758 3863 1000 3918 diximus
1025 3905 1039 3929 ,
1079 3863 1222 3919 facta
1255 3871 1339 3918 est
1376 3863 1432 3916 in
1479 3860 1718 3917 naturali
1756 3860 1923 3915 Verbi
1964 3876 2095 3930 per—

501 3972 635 4011 sona
668 3956 801 4011 uuio
846 3965 1195 4010 naturarum.
1228 3955 1285 4011 Si
1333 3964 1521 4010 autem
1551 3953 1864 4008 naturalem
1900 3966 2096 4022 perso-

501 4064 666 4114 nam,
701 4057 903 4117 prazter
959 4047 1122 4102 aliam
1181 4062 1249 4103 ex
1304 4046 1535 4110 unione,
1587 4044 1785 4099 habuit
1818 4042 2094 4109 Christus,

501 4142 650 4196 sicut
670 4140 939 4205 Verbum,
969 4155 1095 4194 cum
1127 4138 1326 4195 dicatis
1345 4138 1530 4193 Verbo
1561 4152 1685 4192 esse
1710 4151 2003 4206 personam
2029 4151 2097 4190 ex

502 4244 721 4298 natura,
752 4242 809 4288 et
843 4232 1004 4287 aliam
1030 4248 1098 4287 ex
1120 4232 1348 4293 unione.
1374 4230 1511 4285 duas
1540 4244 1673 4299 ergo
1703 4243 1969 4298 personas
2000 4227 2099 4281 ba-

500 4328 712 4384 bebunt
758 4327 1003 4384 Verbum
1062 4334 1118 4380 et
1154 4340 1304 4382 caro.
1356 4324 1439 4378 Ad
1483 4337 1780 4393 quamnam
1821 4321 1990 4393 igitur
2030 4336 2098 4376 ex

502 4430 741 4492 quatuor
782 4419 1034 4490 personis
1082 4415 1373 4472 referenda
1414 4422 1503 4470 est
1540 4414 1633 4468 illa
1663 4420 1992 4467 naturarum
2043 4418 2100 4465 et

502 4527 865 4584 personarum
902 4510 1035 4565 unio
1067 4512 1121 4564 in
1163 4524 1270 4563 una
1304 4505 1585 4577 persona?
1620 4504 1675 4560 Si
1704 4504 1772 4559 ad
1804 4518 2097 4573 personam

2196 3311 2497 3382 ληφθείσης
2544 3310 2683 3381 αὐτῇ
2732 3310 2791 3361 ὲν
2824 3306 2975 3377 αὑτῷ
3025 3305 3243 3375 φύσεως
3288 3303 3501 3375 σαρκὸς
3539 3301 3673 3373 πρὸς
3713 3297 3783 3366 τῷ

2196 3406 2377 3476 Λόγῳ,
2408 3404 2469 3457 ἓν
2498 3405 2648 3457 ἐστιν
2678 3401 2972 3474 πρόσωπον
2998 3400 3108 3453 τῶν
3135 3395 3231 3452 δύο
3263 3394 3490 3466 φύσεων
3519 3390 3744 3466 Χριστοῦ
3766 3406 3779 3420 '

2197 3502 2262 3554 ὲκ
2282 3499 2381 3570 τῆς
2432 3496 2529 3551 οῦν
2558 3494 2808 3557 ὲνώσεως
2859 3492 2969 3546 τῶν
3020 3490 3239 3561 φύσεων
3267 3488 3330 3542 οὑ
3367 3488 3705 3561 προσώπων,
3729 3483 3782 3535 ἓν

2197 3595 2314 3645 ἐστι
2344 3590 2405 3644 τὸ
2432 3589 2725 3661 πρόσωπον
2745 3584 3010 3657 Χριστοῦ,
3050 3586 3079 3639 ὅ
3103 3588 3251 3639 ἐστιν
3281 3585 3347 3639 ὲκ
3390 3585 3522 3656 μιᾶς
3561 3579 3781 3651 φύσεως,

2197 3683 2257 3737 ἓν
2278 3683 2574 3754 πρόσωπον
2597 3679 2690 3733 τοῦ
2708 3679 2884 3748 Λόγου
2910 3696 2923 3710 ·
2956 3679 3081 3732 ἐπεὶ
3101 3678 3153 3731 τί
3174 3676 3315 3746 φατέ
3335 3694 3351 3743 ;
3379 3678 3408 3730 ό
3425 3672 3652 3745 Χριστὸς
3682 3669 3782 3737 ἔχει

2199 3776 2495 3847 πρόσωπον
2561 3775 2627 3827 ὲκ
2663 3772 2901 3843 φύσεως,
2936 3770 3075 3842 πρὸς
3119 3768 3198 3841 τῷ
3233 3770 3524 3840 προσώπῳ
3566 3765 3679 3819 τόδε
3712 3758 3781 3828 τῷ

2198 3871 2263 3924 ἐκ
2293 3868 2394 3937 τῆς
2424 3867 2694 3931 ὲνώσεως,
2742 3866 2777 3936 ἦ
2809 3864 2967 3935 οὐχι;
3003 3864 3052 3917 εἰ
3083 3863 3181 3934 μὲν
3215 3862 3311 3917 οῦν
3348 3861 3499 3933 ούχὶ,
3529 3858 3638 3913 οὐδ’
3684 3855 3779 3924 ἄρα

2200 3961 2497 4034 πρόσωπόν
2532 3962 2680 4014 ἐστιν
2706 3960 2739 4030 ὴ
2764 3958 2980 4022 ἓνωσις,
3013 3956 3127 4011 ἀλλ’
3154 3957 3231 4019 ὡς
3266 3955 3482 4026 ἔφημεν
3508 3955 3565 4006 ὲν
3590 3948 3663 4020 τῷ
3691 3963 3779 4016 φυ-

2202 4053 2338 4124 σικῷ
2375 4052 2656 4125 προσώπῳ
2677 4050 2772 4105 τοῦ
2814 4050 3015 4119 Λόγου,
3051 4045 3268 4117 φύσεώς
3318 4049 3469 4100 ἐστιν
3502 4046 3536 4115 ὴ
3564 4043 3777 4100 ἓνωσις¹

2198 4146 2248 4198 εἰ
2264 4144 2319 4197 δὲ
2339 4142 2496 4213 ἔχειὸ
2519 4139 2755 4213 Χριστὸς
2772 4140 3002 4211 φυσικὸν
3024 4138 3342 4210 πρόσωπον,
3368 4135 3558 4205 ῶσπερ
3585 4130 3783 4196 όΛόγος

2201 4235 2338 4306 πρὸς
2368 4233 2445 4305 τῷ
2476 4236 2576 4304 τῆς
2602 4231 2851 4295 ὲνώσεως
2878 4230 3162 4301 προσώπῳ
3189 4228 3435 4293 πάντως,
3461 4228 3545 4280 ὅτι
3588 4220 3779 4277 καὶτὸν

2200 4328 2371 4396 Λόγον
2393 4327 2530 4398 φατὲ
2548 4326 2695 4397 ἔχειν
2719 4326 2815 4379 καὶ
2847 4323 3010 4379 αὑτὸν
3040 4323 3292 4386 ὲνώσεως
3312 4321 3626 4394 πρόσωπον,
3658 4311 3779 4384 πρὸς

2201 4419 2277 4490 τῷ
2302 4421 2399 4491 τῆς
2433 4419 2650 4489 φύσεως
2685 4416 2984 4489 προσώπῳ,
3018 4415 3122 4470 ἀνὰ
3148 4414 3242 4468 δύο
3290 4409 3385 4468 οῦν
3412 4413 3599 4483 ἔχουσι
3626 4404 3779 4491 πρὸς·

2202 4526 2325 4564 ωπα
2371 4510 2578 4579 σαφῶς,
2618 4510 2649 4564 ὃ
2674 4526 2733 4562 τε
2755 4508 2949 4571 Λόγος,
2979 4508 3072 4561 καὶ
3099 4508 3134 4578 ἡ
3173 4503 3340 4576 σάρξ·
3389 4506 3469 4567 εἰς
3514 4503 3660 4555 ποῖον
3696 4489 3778 4547 οὖν

502 4579 710 4662 Christi
738 4612 1022 4673 acceptam
1059 4618 1127 4655 ex
1161 4600 1388 4664 unione,
1419 4597 1631 4653 inutilis
1657 4605 1741 4652 est
1772 4595 1941 4651 Verbi
1966 4609 2092 4666 per—

2200 4603 2307 4657 τῶν
2333 4604 2616 4674 τεσσάρων
2672 4600 2984 4672 προσώπων
3013 4600 3200 4668 λέγετε
3242 4595 3569 4669 θεωρεῖσθαι
3593 4592 3685 4661 τὴν
3708 4588 3777 4647 εἰς

505 4713 676 4762 sona;
734 4697 779 4751 si
829 4695 896 4749 ad
946 4694 1136 4757 Verbi,
1173 4709 1316 4747 vana
1346 4700 1431 4749 est
1462 4691 1671 4748 Christi
1719 4706 1981 4761 persona.
2028 4688 2096 4744 Et

505 4788 786 4860 quomodo
817 4788 1113 4843 subsistit?
1134 4786 1237 4843 Ubi
1262 4794 1347 4841 est
1375 4786 1466 4841 illa
1492 4802 1559 4841 ex
1593 4785 1799 4841 unione
1819 4798 2055 4856 persona
2075 4781 2099 4835 ?

505 4885 562 4942 Si
593 4892 749 4939 extra
797 4882 1077 4936 naturales
1112 4896 1399 4952 personas,
1432 4880 1600 4935 habet
1632 4879 1859 4950 propria
1897 4874 2099 4932 nativi-

503 4988 699 5042 tatem,
732 4978 1098 5041 liueamenta,
1133 4985 1191 5032 et
1214 4984 1452 5043 motum;
1491 4976 1536 5032 si
1573 4976 1627 5031 in
1658 4975 1944 5038 alterutra,
1986 4986 2099 5025 non

505 5072 615 5127 erit
646 5072 700 5126 in
735 5071 910 5126 altera
946 5087 1054 5125 una
1101 5086 1376 5142 persona;
1417 5071 1462 5125 si
1499 5069 1555 5124 in
1582 5078 1836 5138 utraque,
1871 5078 2101 5120 necesse

505 5173 590 5219 est
629 5165 800 5234 ipsam
833 5162 887 5216 in
923 5162 1215 5219 distinctas
1244 5171 1302 5218 et
1334 5162 1582 5217 diversas
1615 5173 1886 5232 personas
1925 5156 2101 5211 fuisse

506 5257 766 5322 divisam,
792 5257 907 5313 sive
931 5258 987 5313 in
1017 5257 1302 5313 dimidiam
1354 5267 1567 5328 partem
1591 5257 1708 5311 sive
1737 5255 1791 5309 in
1815 5248 2103 5323 quodlibet

509 5350 825 5406 membrum
876 5350 1131 5417 visibile;
1164 5351 1322 5405 verbi
1360 5352 1539 5421 gratia
1574 5364 1746 5405 unum
1794 5344 1992 5417 pedem
2044 5340 2101 5396 in

506 5441 689 5497 Verbo
719 5449 777 5498 et
807 5441 862 5496 in
911 5458 1075 5498 carne
1134 5443 1398 5515 intelligi;
1453 5443 1511 5498 in
1567 5456 1805 5513 persona
1835 5433 2105 5494 invisibili

507 5537 709 5607 pedem
768 5536 1125 5595 invisibilem.
1173 5537 1231 5591 in
1295 5536 1498 5591 visibili
1546 5533 1846 5589 visibilem.
1910 5530 2104 5586 Vestra

512 5630 684 5700 igitur
718 5629 992 5683 sententia
1025 5636 1141 5683 tres
1176 5629 1347 5699 pedes
1381 5629 1436 5684 in
1460 5627 1667 5684 visibili
1716 5625 1941 5682 Christo
1972 5638 2106 5679 con-

512 5719 849 5789 spiciuntur,
881 5728 937 5774 et
960 5719 1105 5773 idem
1138 5720 1207 5775 de
1242 5721 1473 5790 reliquis
1502 5719 1790 5775 membris.
1826 5716 1959 5783 Quae
1975 5729 2102 5770 cum

514 5808 627 5862 sint
655 5824 823 5878 supra
854 5810 1027 5865 aniles
1044 5808 1258 5865 fabulas
1279 5810 1547 5875 absurda;
1586 5825 1712 5864 cum
1740 5823 1923 5877 neque
1951 5814 2104 5861 extra

519 5894 657 5951 duas
684 5900 965 5953 naturales
1003 5915 1288 5970 personas,
1326 5916 1508 5971 neque
1554 5900 1609 5953 in
1646 5898 1954 5965 ambabus,
2001 5912 2101 5954 ne-

2204 4694 2501 4764 πρόσωπον
2534 4693 2705 4747 τῶνδε
2728 4691 2837 4745 τῶν
2862 4691 3080 4761 φύσεων
3109 4690 3202 4742 καὶ
3229 4687 3537 4760 προσώπων
3566 4684 3777 4741 ἕνωσιη

2200 4787 2250 4837 εἰ
2290 4787 2388 4855 μὲν
2419 4784 2526 4855 γὰρ
2579 4784 2661 4845 εἰς
2707 4782 2768 4836 τὸ
2795 4779 3037 4853 Χριστοῦ
3082 4777 3144 4844 ὲξ
3181 4779 3431 4840 ἐνώσεως
3484 4774 3775 4847 πρόσωπον.

2202 4874 2457 4946 περιττὸν
2483 4874 2541 4927 τὸ
2564 4873 2661 4926 τοῦ
2698 4874 2871 4943 Λόγου
2894 4891 2906 4905 ·
2934 4874 2982 4926 εἰ
3019 4871 3076 4925 δὲ
3109 4872 3190 4935 εἰς
3217 4872 3279 4925 τὸ
3306 4871 3401 4924 τοῦ
3425 4868 3614 4936 Λόγου,
3651 4877 3778 4930 παρ·

2203 4969 2359 5023 έλκον
2380 4967 2440 5021 τὸ
2465 4966 2708 5039 Χριστοῦ
2725 4984 2740 5000 ο
2780 4965 2899 5030 πῶς
2934 4965 2991 5018 δὲ
3014 4965 3108 5019 καὶ
3126 4963 3436 5035 ὑφέστηκεν
3457 4980 3471 5028 ;
3490 4960 3522 5031 ἦ
3542 4956 3642 5011 ποῦ
3670 4952 3777 5008 τόδε

2201 5064 2264 5117 τὸ
2294 5062 2352 5128 ἐξ
2376 5061 2623 5125 ἐνώσεως
2648 5061 2943 5131 πρόσωπον
2964 5062 3042 5127 ;εἰ
3073 5059 3172 5130 μὲν
3200 5057 3311 5129 γὰρ
3334 5056 3490 5118 ἐκτὸς
3517 5052 3621 5107 τῶν
3637 5061 3779 5119 φυσι-

2204 5154 2339 5219 κῶν,
2375 5154 2511 5208 ἰδίαν
2551 5171 2606 5207 τε
2636 5154 2894 5224 γέννησιν
2918 5154 3013 5206 καὶ
3038 5151 3390 5224 περιγραφὴν
3448 5149 3541 5203 καὶ
3585 5144 3777 5212 κὶνησιν

2204 5246 2338 5319 ἔχει’
2356 5248 2405 5299 εἰ
2427 5246 2482 5299 δὲ
2495 5248 2552 5300 ἐν
2572 5245 2791 5316 θατέρῳ
2812 5245 2980 5316 μόνῳ,
2997 5246 3094 5316 οὺχ
3114 5244 3305 5298 ἑνώσει
3321 5243 3381 5297 τὸ
3396 5242 3483 5295 ἓτε
3492 5257 3580 5312 ρον
3590 5236 3663 5306 τῷ
3679 5231 3779 5286 ἑτέ-

2209 5359 2288 5413 ρῳ
2307 5340 2603 5413 προσώπῳ·
2631 5342 2679 5393 εἰ
2699 5340 2757 5393 δὲ
2774 5340 3131 5412 ἀμφοτέροις,
3147 5339 3361 5409 ἀνάγκη
3378 5337 3465 5391 δια
3472 5326 3775 5407 μεμερίσθαι

2206 5435 2339 5488 αὐτὸ
2367 5436 2447 5498 εἰς
2476 5434 2544 5488 τά
2589 5432 2988 5505 διακεκριμένοι
3018 5433 3114 5485 καὶ
3145 5429 3477 5503 διωρισμένα
3512 5425 3773 5497 πρόσωπα.

2208 5527 2277 5582 ἂν
2318 5528 2521 5599 ἥμισυ,
2555 5528 2660 5581 ὅσα
2701 5544 2762 5580 τε
2792 5521 2885 5579 οὖν
2920 5525 3156 5597 αἰσθητὰ
3201 5523 3336 5595 μέλη
3367 5519 3532 5576 αὑτοῦ
3572 5518 3726 5572 ἐστιν,
3750 5506 3776 5558 ὃ

2210 5617 2292 5685 εἷς
2321 5621 2456 5684 ποῦς
2487 5620 2654 5691 τυχὸν
2701 5620 2760 5674 ὲν
2787 5618 2864 5691 τῷ
2894 5620 3075 5690 Λόγῳ,
3115 5619 3144 5671 ό
3179 5618 3238 5672 δὲ
3271 5617 3429 5677 ἄλλος
3454 5616 3513 5669 ὲν
3534 5613 3596 5681 τῇ
3627 5599 3774 5674 cum

2210 5712 2537 5783 νοηθὴσεται
2559 5729 2570 5740 ·
2603 5712 2702 5765 κιύ⁸
2732 5713 2761 5766 ό
2787 5712 2887 5783 μὲν
2917 5713 2976 5766 ὲν
3002 5710 3082 5782 τῷ
3109 5710 3328 5782 ἀοράτῳ
3363 5706 3656 5778 προσώπῳ,
3688 5691 3771 5783 ἀό-

2212 5778 2376 5877 ρατος
2408 5806 2541 5870 πούς
2563 5822 2577 5837 ο
2630 5807 2657 5859 ὁ
2689 5806 2746 5860 δὲ
2778 5778 2836 5858 έν
2892 5805 2970 5876 τῷ
3026 5778 3232 5878 ότρατῶ,
3261 5778 3453 5874 ὁρατός
3473 5816 3486 5828 ο
3516 5794 3655 5864 τρεῖς
3690 5778 3771 5889 αξξ

2213 5895 2357 5951 κατά
2398 5897 2491 5954 τὸν
2523 5897 2723 5967 ὁρατὸν
2780 5896 3020 5964 Χριστὸν
3061 5871 3121 5950 ὀἱ
3181 5893 3338 5956 πόδες
3391 5886 3618 5955 ὁρῶνται
3660 5871 3752 5930 καθ
