  <div class='ocr_page' id='page_1' title='image "/cluster/home/n/w/nwhite01/storage/ocr_20150623/86:pt.1/coo.31924054869874/804.png"; bbox 0 0 4116 6486; ppageno 0'>
   <div class='ocr_carea' id='block_1_1' title="bbox 420 432 559 500">
    <p class='ocr_par' dir='ltr' id='par_1_1' title="bbox 420 432 559 500">
     <span class='ocr_line' id='line_1_1' title="bbox 420 432 559 500; baseline 0.007 -1"><span class='ocrx_word' id='word_1_1' title='bbox 420 432 559 500; x_wconf 80' lang='lat'><strong>1593</strong></span> 
     </span>
    </p>
   </div>
   <div class='ocr_carea' id='block_1_2' title="bbox 1378 448 2775 514">
    <p class='ocr_par' dir='ltr' id='par_1_2' title="bbox 1378 448 2775 514">
     <span class='ocr_line' id='line_1_2' title="bbox 1378 448 2775 514; baseline 0.003 -7"><span class='ocrx_word' id='word_1_2' title='bbox 1378 448 1776 512; x_wconf 83' lang='lat' dir='ltr'><strong>ADVERSUS</strong></span> <span class='ocrx_word' id='word_1_3' title='bbox 1814 450 2371 514; x_wconf 78' lang='lat' dir='ltr'><strong>NESTORIANOS.</strong></span> <span class='ocrx_word' id='word_1_4' title='bbox 2403 478 2475 488; x_wconf 83' lang='lat'>-</span> <span class='ocrx_word' id='word_1_5' title='bbox 2502 452 2651 513; x_wconf 86' lang='lat' dir='ltr'><strong>LIB.</strong></span> <span class='ocrx_word' id='word_1_6' title='bbox 2695 452 2775 512; x_wconf 84' lang='grc' dir='ltr'><strong>ΙΙ.</strong></span> 
     </span>
    </p>
   </div>
   <div class='ocr_carea' id='block_1_3' title="bbox 3583 449 3717 517">
    <p class='ocr_par' dir='ltr' id='par_1_3' title="bbox 3583 449 3717 517">
     <span class='ocr_line' id='line_1_3' title="bbox 3583 449 3717 517; baseline 0.015 -2"><span class='ocrx_word' id='word_1_7' title='bbox 3583 449 3717 517; x_wconf 72' lang='grc'><strong>1594</strong></span> 
     </span>
    </p>
   </div>
   <div class='ocr_carea' id='block_1_4' title="bbox 419 552 2011 637">
    <p class='ocr_par' dir='ltr' id='par_1_4' title="bbox 419 552 2011 637">
     <span class='ocr_line' id='line_1_4' title="bbox 419 552 2011 637; baseline 0.008 -32"><span class='ocrx_word' id='word_1_8' title='bbox 419 552 594 621; x_wconf 77' lang='grc' dir='ltr'>ὑμᾶς·</span> <span class='ocrx_word' id='word_1_9' title='bbox 632 552 727 608; x_wconf 81' lang='grc' dir='ltr'>καὶ</span> <span class='ocrx_word' id='word_1_10' title='bbox 775 552 871 609; x_wconf 73' lang='grc' dir='ltr'><strong>ἐπὶ</strong></span> <span class='ocrx_word' id='word_1_11' title='bbox 907 554 1018 610; x_wconf 89' lang='grc' dir='ltr'><strong>τῶν</strong></span> <span class='ocrx_word' id='word_1_12' title='bbox 1050 556 1229 613; x_wconf 74' lang='grc' dir='ltr'>ἄλλων</span> <span class='ocrx_word' id='word_1_13' title='bbox 1277 560 1460 632; x_wconf 84' lang='grc' dir='ltr'>μελῶν</span> <span class='ocrx_word' id='word_1_14' title='bbox 1493 566 1562 619; x_wconf 82' lang='grc' dir='ltr'>τὰ</span> <span class='ocrx_word' id='word_1_15' title='bbox 1616 567 1816 637; x_wconf 87' lang='grc' dir='ltr'>ὃμοια·</span> <span class='ocrx_word' id='word_1_16' title='bbox 1859 566 1907 618; x_wconf 77' lang='grc' dir='ltr'>εἰ</span> <span class='ocrx_word' id='word_1_17' title='bbox 1962 564 2011 618; x_wconf 77' lang='grc' dir='ltr'><strong>δὲ</strong></span> 
     </span>
    </p>
   </div>
   <div class='ocr_carea' id='block_1_5' title="bbox 2113 552 3715 637">
    <p class='ocr_par' dir='ltr' id='par_1_5' title="bbox 2124 562 3715 637">
     <span class='ocr_line' id='line_1_5' title="bbox 2124 562 3715 637; baseline -0.003 -15"><span class='ocrx_word' id='word_1_18' title='bbox 2124 582 2233 637; x_wconf 92' lang='lat' dir='ltr'><strong>que</strong></span> <span class='ocrx_word' id='word_1_19' title='bbox 2282 566 2339 621; x_wconf 94' lang='lat' dir='ltr'><strong>in</strong></span> <span class='ocrx_word' id='word_1_20' title='bbox 2397 566 2670 621; x_wconf 77' lang='lat' dir='ltr'><strong>alterutra</strong></span> <span class='ocrx_word' id='word_1_21' title='bbox 2726 566 2907 621; x_wconf 91' lang='lat' dir='ltr'><strong>solum</strong></span> <span class='ocrx_word' id='word_1_22' title='bbox 2962 564 3269 623; x_wconf 81' lang='lat' dir='ltr'><strong>subsistere</strong></span> <span class='ocrx_word' id='word_1_23' title='bbox 3320 562 3520 620; x_wconf 78' lang='lat' dir='ltr'><strong>dicatis</strong></span> <span class='ocrx_word' id='word_1_24' title='bbox 3566 563 3715 618; x_wconf 86' lang='lat' dir='ltr'><strong>illam</strong></span> 
     </span>
    </p>
   </div>
   <div class='ocr_carea' id='block_1_6' title="bbox 415 643 2010 729">
    <p class='ocr_par' dir='ltr' id='par_1_6' title="bbox 415 643 2010 729">
     <span class='ocr_line' id='line_1_6' title="bbox 415 643 2010 729; baseline 0.006 -28"><span class='ocrx_word' id='word_1_25' title='bbox 415 643 592 701; x_wconf 83' lang='grc' dir='ltr'>ταῦτα</span> <span class='ocrx_word' id='word_1_26' title='bbox 617 647 712 702; x_wconf 81' lang='grc' dir='ltr'>καὶ</span> <span class='ocrx_word' id='word_1_27' title='bbox 728 646 788 701; x_wconf 74' lang='grc' dir='ltr'>ἐν</span> <span class='ocrx_word' id='word_1_28' title='bbox 808 649 997 721; x_wconf 99' lang='grc' dir='ltr'>γραῶν</span> <span class='ocrx_word' id='word_1_29' title='bbox 1018 650 1235 725; x_wconf 79' lang='grc' dir='ltr'>ληρῳδή</span> <span class='ocrx_word' id='word_1_30' title='bbox 1243 672 1379 724; x_wconf 81' lang='grc' dir='ltr'>μασι</span> <span class='ocrx_word' id='word_1_31' title='bbox 1400 656 1687 728; x_wconf 83' lang='grc' dir='ltr'>βδελυκτὰ,</span> <span class='ocrx_word' id='word_1_32' title='bbox 1718 658 1843 711; x_wconf 75' lang='grc' dir='ltr'>ἐπεὶ</span> <span class='ocrx_word' id='word_1_33' title='bbox 1872 659 2010 729; x_wconf 83' lang='grc' dir='ltr'>μήτε</span> 
     </span>
    </p>
   </div>
   <div class='ocr_carea' id='block_1_7' title="bbox 418 738 2009 820">
    <p class='ocr_par' dir='ltr' id='par_1_7' title="bbox 418 738 2009 820">
     <span class='ocr_line' id='line_1_7' title="bbox 418 738 2009 820; baseline 0.008 -29"><span class='ocrx_word' id='word_1_34' title='bbox 418 740 575 802; x_wconf 77' lang='grc' dir='ltr'>ἐκτὸς</span> <span class='ocrx_word' id='word_1_35' title='bbox 588 738 699 794; x_wconf 85' lang='grc' dir='ltr'><strong>τῶν</strong></span> <span class='ocrx_word' id='word_1_36' title='bbox 726 739 820 794; x_wconf 89' lang='grc' dir='ltr'><strong>δύο</strong></span> <span class='ocrx_word' id='word_1_37' title='bbox 845 742 1092 811; x_wconf 79' lang='grc' dir='ltr'>φυσικῶν</span> <span class='ocrx_word' id='word_1_38' title='bbox 1119 746 1453 817; x_wconf 85' lang='grc' dir='ltr'><strong>προσώπων,</strong></span> <span class='ocrx_word' id='word_1_39' title='bbox 1475 750 1616 820; x_wconf 62' lang='grc' dir='ltr'>μήτε</span> <span class='ocrx_word' id='word_1_40' title='bbox 1650 752 1708 803; x_wconf 80' lang='grc' dir='ltr'>ὲν</span> <span class='ocrx_word' id='word_1_41' title='bbox 1724 752 1839 813; x_wconf 86' lang='grc' dir='ltr'>τοῖς</span> <span class='ocrx_word' id='word_1_42' title='bbox 1864 749 2009 814; x_wconf 78' lang='grc' dir='ltr'>δυσὶ,</span> 
     </span>
    </p>
   </div>
   <div class='ocr_carea' id='block_1_8' title="bbox 420 830 2010 913">
    <p class='ocr_par' dir='ltr' id='par_1_8' title="bbox 420 830 2010 913">
     <span class='ocr_line' id='line_1_8' title="bbox 420 830 2010 913; baseline 0.006 -28"><span class='ocrx_word' id='word_1_43' title='bbox 420 831 560 902; x_wconf 81' lang='grc' dir='ltr'>μήτε</span> <span class='ocrx_word' id='word_1_44' title='bbox 587 830 733 886; x_wconf 78' lang='grc' dir='ltr'>κατὰ</span> <span class='ocrx_word' id='word_1_45' title='bbox 751 832 981 906; x_wconf 89' lang='grc' dir='ltr'>θάτερον</span> <span class='ocrx_word' id='word_1_46' title='bbox 999 836 1179 892; x_wconf 90' lang='grc' dir='ltr'>αὑτῶν</span> <span class='ocrx_word' id='word_1_47' title='bbox 1204 840 1365 909; x_wconf 87' lang='grc' dir='ltr'>μόνον</span> <span class='ocrx_word' id='word_1_48' title='bbox 1396 840 1770 913; x_wconf 78' lang='grc' dir='ltr'><strong>ὑφεστηκέναι</strong></span> <span class='ocrx_word' id='word_1_49' title='bbox 1798 841 1934 905; x_wconf 80' lang='grc' dir='ltr'>ὅλως</span> <span class='ocrx_word' id='word_1_50' title='bbox 1948 842 2010 894; x_wconf 75' lang='grc' dir='ltr'>τὸ</span> 
     </span>
    </p>
   </div>
   <div class='ocr_carea' id='block_1_9' title="bbox 427 923 2010 1006">
    <p class='ocr_par' dir='ltr' id='par_1_9' title="bbox 427 923 2010 1006">
     <span class='ocr_line' id='line_1_9' title="bbox 427 923 2010 1006; baseline 0.008 -31"><span class='ocrx_word' id='word_1_51' title='bbox 427 925 486 976; x_wconf 84' lang='grc' dir='ltr'>ἒν</span> <span class='ocrx_word' id='word_1_52' title='bbox 506 923 601 994; x_wconf 86' lang='grc' dir='ltr'><strong>τῆ;</strong></span> <span class='ocrx_word' id='word_1_53' title='bbox 631 924 881 989; x_wconf 85' lang='grc' dir='ltr'>ὲνώσεως</span> <span class='ocrx_word' id='word_1_54' title='bbox 894 928 1184 999; x_wconf 90' lang='grc' dir='ltr'>πρόσωπόν</span> <span class='ocrx_word' id='word_1_55' title='bbox 1206 949 1367 1002; x_wconf 86' lang='grc' dir='ltr'>φατε,</span> <span class='ocrx_word' id='word_1_56' title='bbox 1393 933 1678 1006; x_wconf 83' lang='grc' dir='ltr'><strong>προδήλως</strong></span> <span class='ocrx_word' id='word_1_57' title='bbox 1705 936 1787 989; x_wconf 88' lang='grc' dir='ltr'>ὃτι</span> <span class='ocrx_word' id='word_1_58' title='bbox 1804 933 2010 989; x_wconf 85' lang='grc' dir='ltr'>ἀνυπό-</span> 
     </span>
    </p>
   </div>
   <div class='ocr_carea' id='block_1_10' title="bbox 418 1015 2010 1097">
    <p class='ocr_par' dir='ltr' id='par_1_10' title="bbox 418 1015 2010 1097">
     <span class='ocr_line' id='line_1_10' title="bbox 418 1015 2010 1097; baseline 0.007 -29"><span class='ocrx_word' id='word_1_59' title='bbox 418 1015 613 1070; x_wconf 86' lang='grc' dir='ltr'>στατόν</span> <span class='ocrx_word' id='word_1_60' title='bbox 624 1034 677 1069; x_wconf 94' lang='grc' dir='ltr'><strong>τι</strong></span> <span class='ocrx_word' id='word_1_61' title='bbox 694 1019 789 1071; x_wconf 76' lang='grc' dir='ltr'>καὶ</span> <span class='ocrx_word' id='word_1_62' title='bbox 805 1018 1157 1093; x_wconf 80' lang='grc' dir='ltr'>άνάπλασμα,</span> <span class='ocrx_word' id='word_1_63' title='bbox 1181 1027 1275 1079; x_wconf 72' lang='grc' dir='ltr'>καὶ</span> <span class='ocrx_word' id='word_1_64' title='bbox 1291 1025 1449 1094; x_wconf 82' lang='grc' dir='ltr'>Λόγῳ</span> <span class='ocrx_word' id='word_1_65' title='bbox 1468 1026 1628 1097; x_wconf 88' lang='grc' dir='ltr'>μόνον</span> <span class='ocrx_word' id='word_1_66' title='bbox 1643 1026 1699 1079; x_wconf 84' lang='grc' dir='ltr'>ἓν</span> <span class='ocrx_word' id='word_1_67' title='bbox 1716 1027 2010 1097; x_wconf 88' lang='grc' dir='ltr'>πρόσωπον</span> 
     </span>
    </p>
   </div>
   <div class='ocr_carea' id='block_1_11' title="bbox 417 1108 2011 1191">
    <p class='ocr_par' dir='ltr' id='par_1_11' title="bbox 417 1108 2011 1191">
     <span class='ocr_line' id='line_1_11' title="bbox 417 1108 2011 1191; baseline 0.009 -31"><span class='ocrx_word' id='word_1_68' title='bbox 417 1108 476 1172; x_wconf 79' lang='grc' dir='ltr'>ἐξ</span> <span class='ocrx_word' id='word_1_69' title='bbox 499 1108 746 1174; x_wconf 78' lang='grc' dir='ltr'>ἑνώσεως</span> <span class='ocrx_word' id='word_1_70' title='bbox 772 1113 1022 1180; x_wconf 82' lang='grc' dir='ltr'>φυσικῶν</span> <span class='ocrx_word' id='word_1_71' title='bbox 1054 1116 1368 1187; x_wconf 86' lang='grc' dir='ltr'>προσώπων</span> <span class='ocrx_word' id='word_1_72' title='bbox 1398 1114 1538 1173; x_wconf 74' lang='grc' dir='ltr'>εἶναι</span> <span class='ocrx_word' id='word_1_73' title='bbox 1558 1119 1935 1191; x_wconf 75' lang='grc' dir='ltr'>δογματίζετε·</span> <span class='ocrx_word' id='word_1_74' title='bbox 1954 1120 2011 1174; x_wconf 82' lang='grc' dir='ltr'><strong>ὃ·</strong></span> 
     </span>
    </p>
   </div>
   <div class='ocr_carea' id='block_1_12' title="bbox 418 1205 2009 1284">
    <p class='ocr_par' dir='ltr' id='par_1_12' title="bbox 418 1205 2009 1284">
     <span class='ocr_line' id='line_1_12' title="bbox 418 1205 2009 1284; baseline 0.008 -29"><span class='ocrx_word' id='word_1_75' title='bbox 418 1219 528 1276; x_wconf 87' lang='grc' dir='ltr'><strong>περ</strong></span> <span class='ocrx_word' id='word_1_76' title='bbox 580 1205 705 1261; x_wconf 78' lang='grc' dir='ltr'>οὔτε</span> <span class='ocrx_word' id='word_1_77' title='bbox 748 1209 827 1281; x_wconf 83' lang='grc' dir='ltr'><strong>τῷ</strong></span> <span class='ocrx_word' id='word_1_78' title='bbox 855 1209 1095 1281; x_wconf 82' lang='grc' dir='ltr'>Χριστοῦ</span> <span class='ocrx_word' id='word_1_79' title='bbox 1140 1212 1357 1284; x_wconf 82' lang='grc' dir='ltr'>φυσικῷ</span> <span class='ocrx_word' id='word_1_80' title='bbox 1382 1213 1567 1284; x_wconf 81' lang='grc' dir='ltr'>ὅμοιον</span> <span class='ocrx_word' id='word_1_81' title='bbox 1594 1213 1675 1280; x_wconf 77' lang='grc' dir='ltr'>ὃν,</span> <span class='ocrx_word' id='word_1_82' title='bbox 1702 1213 1810 1267; x_wconf 85' lang='grc' dir='ltr'>τινι</span> <span class='ocrx_word' id='word_1_83' title='bbox 1858 1212 2009 1268; x_wconf 74' lang='grc' dir='ltr'>ἔσται</span> 
     </span>
    </p>
   </div>
   <div class='ocr_carea' id='block_1_13' title="bbox 419 1299 2011 1379">
    <p class='ocr_par' dir='ltr' id='par_1_13' title="bbox 419 1299 2011 1379">
     <span class='ocr_line' id='line_1_13' title="bbox 419 1299 2011 1379; baseline 0.007 -28"><span class='ocrx_word' id='word_1_84' title='bbox 419 1299 604 1368; x_wconf 83' lang='grc' dir='ltr'>ὅμοιον</span> <span class='ocrx_word' id='word_1_85' title='bbox 622 1301 835 1370; x_wconf 79' lang='grc' dir='ltr'>εἴπατε,</span> <span class='ocrx_word' id='word_1_86' title='bbox 853 1305 903 1357; x_wconf 77' lang='grc' dir='ltr'><strong>εἰ</strong></span> <span class='ocrx_word' id='word_1_87' title='bbox 933 1305 1025 1359; x_wconf 73' lang='grc' dir='ltr'>καὶ</span> <span class='ocrx_word' id='word_1_88' title='bbox 1041 1305 1406 1377; x_wconf 78' lang='grc' dir='ltr'><strong>ὑφεστηκέναι</strong></span> <span class='ocrx_word' id='word_1_89' title='bbox 1425 1307 1553 1379; x_wconf 80' lang='grc' dir='ltr'>δοθῇ</span> <span class='ocrx_word' id='word_1_90' title='bbox 1569 1308 1708 1361; x_wconf 79' lang='grc' dir='ltr'>κατὰ</span> <span class='ocrx_word' id='word_1_91' title='bbox 1722 1305 2011 1378; x_wconf 88' lang='grc' dir='ltr'>συγχώρη-</span> 
     </span>
    </p>
   </div>
   <div class='ocr_carea' id='block_1_14' title="bbox 423 1395 2010 1473">
    <p class='ocr_par' dir='ltr' id='par_1_14' title="bbox 423 1395 2010 1473">
     <span class='ocr_line' id='line_1_14' title="bbox 423 1395 2010 1473; baseline 0.006 -27"><span class='ocrx_word' id='word_1_92' title='bbox 423 1411 508 1447; x_wconf 91' lang='grc' dir='ltr'><strong>σιν</strong></span> <span class='ocrx_word' id='word_1_93' title='bbox 530 1410 545 1424; x_wconf 82' lang='lat'><strong><em>°</em></strong></span> <span class='ocrx_word' id='word_1_94' title='bbox 565 1396 613 1448; x_wconf 80' lang='lat' dir='ltr'><strong>ei</strong></span> <span class='ocrx_word' id='word_1_95' title='bbox 639 1395 695 1449; x_wconf 86' lang='grc' dir='ltr'><strong>δὲ</strong></span> <span class='ocrx_word' id='word_1_96' title='bbox 726 1396 930 1450; x_wconf 84' lang='grc' dir='ltr'>εῐποιτε</span> <span class='ocrx_word' id='word_1_97' title='bbox 946 1399 1077 1461; x_wconf 74' lang='grc' dir='ltr'>ἴσως</span> <span class='ocrx_word' id='word_1_98' title='bbox 1100 1397 1161 1452; x_wconf 76' lang='grc' dir='ltr'><strong>τὸ</strong></span> <span class='ocrx_word' id='word_1_99' title='bbox 1176 1398 1402 1468; x_wconf 80' lang='grc' dir='ltr'>φυσικὸν</span> <span class='ocrx_word' id='word_1_100' title='bbox 1434 1400 1672 1470; x_wconf 81' lang='grc' dir='ltr'>Χριστοῦ</span> <span class='ocrx_word' id='word_1_101' title='bbox 1713 1400 2010 1473; x_wconf 90' lang='grc' dir='ltr'>πρόσωπον</span> 
     </span>
    </p>
   </div>
   <div class='ocr_carea' id='block_1_15' title="bbox 423 1482 2009 1565">
    <p class='ocr_par' dir='ltr' id='par_1_15' title="bbox 423 1482 2009 1565">
     <span class='ocr_line' id='line_1_15' title="bbox 423 1482 2009 1565; baseline 0.004 -28"><span class='ocrx_word' id='word_1_102' title='bbox 423 1482 560 1540; x_wconf 82' lang='grc' dir='ltr'>εἶναι</span> <span class='ocrx_word' id='word_1_103' title='bbox 595 1487 655 1541; x_wconf 84' lang='grc' dir='ltr'>τὸ</span> <span class='ocrx_word' id='word_1_104' title='bbox 682 1488 740 1555; x_wconf 81' lang='grc' dir='ltr'>ὲξ</span> <span class='ocrx_word' id='word_1_105' title='bbox 770 1489 1019 1555; x_wconf 82' lang='grc' dir='ltr'>ἑνώσεως</span> <span class='ocrx_word' id='word_1_106' title='bbox 1038 1490 1095 1544; x_wconf 81' lang='grc' dir='ltr'>ἓν</span> <span class='ocrx_word' id='word_1_107' title='bbox 1122 1490 1183 1545; x_wconf 79' lang='grc' dir='ltr'>ὃν</span> <span class='ocrx_word' id='word_1_108' title='bbox 1212 1493 1507 1565; x_wconf 73' lang='grc' dir='ltr'>εἰρημένον</span> <span class='ocrx_word' id='word_1_109' title='bbox 1556 1494 1711 1565; x_wconf 77' lang='grc' dir='ltr'>ἡμῖν,</span> <span class='ocrx_word' id='word_1_110' title='bbox 1746 1493 1794 1545; x_wconf 72' lang='grc' dir='ltr'>εἰ</span> <span class='ocrx_word' id='word_1_111' title='bbox 1817 1494 1882 1546; x_wconf 84' lang='grc' dir='ltr'>ὲκ</span> <span class='ocrx_word' id='word_1_112' title='bbox 1904 1491 2009 1563; x_wconf 83' lang='grc' dir='ltr'>τῆς</span> 
     </span>
    </p>
   </div>
   <div class='ocr_carea' id='block_1_16' title="bbox 420 1579 2004 1656">
    <p class='ocr_par' dir='ltr' id='par_1_16' title="bbox 420 1579 2004 1656">
     <span class='ocr_line' id='line_1_16' title="bbox 420 1579 2004 1656; baseline 0.004 -25"><span class='ocrx_word' id='word_1_113' title='bbox 420 1579 530 1633; x_wconf 83' lang='grc' dir='ltr'><strong>τῶν</strong></span> <span class='ocrx_word' id='word_1_114' title='bbox 548 1580 643 1635; x_wconf 81' lang='grc' dir='ltr'><strong>δύο</strong></span> <span class='ocrx_word' id='word_1_115' title='bbox 667 1582 978 1653; x_wconf 82' lang='grc' dir='ltr'>προσώπων</span> <span class='ocrx_word' id='word_1_116' title='bbox 1004 1586 1253 1656; x_wconf 85' lang='grc' dir='ltr'>φυσικῶν</span> <span class='ocrx_word' id='word_1_117' title='bbox 1292 1586 1542 1651; x_wconf 82' lang='grc' dir='ltr'>ἑνώσεως</span> <span class='ocrx_word' id='word_1_118' title='bbox 1590 1586 1762 1651; x_wconf 79' lang='grc' dir='ltr'>ὅντως</span> <span class='ocrx_word' id='word_1_119' title='bbox 1792 1585 2004 1654; x_wconf 81' lang='grc' dir='ltr'>γέγονε,</span> 
     </span>
    </p>
   </div>
   <div class='ocr_carea' id='block_1_17' title="bbox 418 1669 2006 1749">
    <p class='ocr_par' dir='ltr' id='par_1_17' title="bbox 418 1669 2006 1749">
     <span class='ocr_line' id='line_1_17' title="bbox 418 1669 2006 1749; baseline 0.006 -28"><span class='ocrx_word' id='word_1_120' title='bbox 418 1669 504 1734; x_wconf 80' lang='grc' dir='ltr'>τίς</span> <span class='ocrx_word' id='word_1_121' title='bbox 535 1673 565 1725; x_wconf 91' lang='lat'><strong>6</strong></span> <span class='ocrx_word' id='word_1_122' title='bbox 583 1671 678 1725; x_wconf 90' lang='grc' dir='ltr'><strong>τοῦ</strong></span> <span class='ocrx_word' id='word_1_123' title='bbox 703 1674 999 1739; x_wconf 78' lang='grc' dir='ltr'>ἑνωθέντος</span> <span class='ocrx_word' id='word_1_124' title='bbox 1035 1678 1157 1731; x_wconf 88' lang='grc' dir='ltr'>κατ’</span> <span class='ocrx_word' id='word_1_125' title='bbox 1180 1678 1313 1733; x_wconf 82' lang='grc' dir='ltr'>αὑτὸ</span> <span class='ocrx_word' id='word_1_126' title='bbox 1335 1677 1568 1748; x_wconf 84' lang='grc' dir='ltr'>φυσικοῦ</span> <span class='ocrx_word' id='word_1_127' title='bbox 1600 1679 1895 1749; x_wconf 86' lang='grc' dir='ltr'>προσώπου</span> <span class='ocrx_word' id='word_1_128' title='bbox 1913 1678 2006 1732; x_wconf 79' lang='grc' dir='ltr'><strong>ἄν·</strong></span> 
     </span>
    </p>
   </div>
   <div class='ocr_carea' id='block_1_18' title="bbox 421 1759 2008 1841">
    <p class='ocr_par' dir='ltr' id='par_1_18' title="bbox 421 1759 2008 1841">
     <span class='ocr_line' id='line_1_18' title="bbox 421 1759 2008 1841; baseline 0.002 -23"><span class='ocrx_word' id='word_1_129' title='bbox 421 1759 669 1831; x_wconf 86' lang='grc' dir='ltr'>ορωπος;</span> <span class='ocrx_word' id='word_1_130' title='bbox 710 1766 739 1819; x_wconf 90' lang='lat'><strong>6</strong></span> <span class='ocrx_word' id='word_1_131' title='bbox 767 1766 922 1836; x_wconf 85' lang='grc' dir='ltr'>παρὰ</span> <span class='ocrx_word' id='word_1_132' title='bbox 957 1768 1075 1825; x_wconf 91' lang='grc' dir='ltr'>τόν.</span> <span class='ocrx_word' id='word_1_133' title='bbox 1099 1808 1114 1823; x_wconf 91' lang='grc'><strong>.</strong></span> <span class='ocrx_word' id='word_1_134' title='bbox 1132 1808 1147 1824; x_wconf 94' lang='grc'><strong>.</strong></span> <span class='ocrx_word' id='word_1_135' title='bbox 1182 1765 1292 1841; x_wconf 83' lang='grc' dir='ltr'>ἆρα</span> <span class='ocrx_word' id='word_1_136' title='bbox 1318 1770 1375 1823; x_wconf 86' lang='grc' dir='ltr'><strong>δὲ</strong></span> <span class='ocrx_word' id='word_1_137' title='bbox 1397 1765 1492 1824; x_wconf 86' lang='grc' dir='ltr'><strong>οῦν</strong></span> <span class='ocrx_word' id='word_1_138' title='bbox 1522 1769 1619 1825; x_wconf 80' lang='grc' dir='ltr'>καὶ</span> <span class='ocrx_word' id='word_1_139' title='bbox 1644 1770 1705 1824; x_wconf 84' lang='grc' dir='ltr'>τὸ</span> <span class='ocrx_word' id='word_1_140' title='bbox 1728 1769 1862 1823; x_wconf 79' lang='grc' dir='ltr'>αὑτὸ</span> <span class='ocrx_word' id='word_1_141' title='bbox 1883 1770 2008 1823; x_wconf 82' lang='grc' dir='ltr'>ἑαυ-</span> 
     </span>
    </p>
   </div>
   <div class='ocr_carea' id='block_1_19' title="bbox 2112 655 3714 727">
    <p class='ocr_par' dir='ltr' id='par_1_19' title="bbox 2112 655 3714 727">
     <span class='ocr_line' id='line_1_19' title="bbox 2112 655 3714 727; baseline -0.001 -17"><span class='ocrx_word' id='word_1_142' title='bbox 2112 671 2404 727; x_wconf 85' lang='lat' dir='ltr'><strong>personam</strong></span> <span class='ocrx_word' id='word_1_143' title='bbox 2434 673 2500 712; x_wconf 83' lang='lat' dir='ltr'><strong>ex</strong></span> <span class='ocrx_word' id='word_1_144' title='bbox 2534 656 2762 721; x_wconf 86' lang='lat' dir='ltr'><strong>unione,</strong></span> <span class='ocrx_word' id='word_1_145' title='bbox 2801 665 2951 727; x_wconf 88' lang='lat' dir='ltr'><strong>patet</strong></span> <span class='ocrx_word' id='word_1_146' title='bbox 2979 672 3080 712; x_wconf 91' lang='lat' dir='ltr'><strong>vos</strong></span> <span class='ocrx_word' id='word_1_147' title='bbox 3112 671 3227 712; x_wconf 88' lang='lat' dir='ltr'><strong>rem</strong></span> <span class='ocrx_word' id='word_1_148' title='bbox 3256 672 3368 711; x_wconf 91' lang='lat' dir='ltr'><strong>non</strong></span> <span class='ocrx_word' id='word_1_149' title='bbox 3400 655 3714 711; x_wconf 88' lang='lat' dir='ltr'><strong>subsisten-</strong></span> 
     </span>
    </p>
   </div>
   <div class='ocr_carea' id='block_1_20' title="bbox 2116 748 3713 819">
    <p class='ocr_par' dir='ltr' id='par_1_20' title="bbox 2116 748 3713 819">
     <span class='ocr_line' id='line_1_20' title="bbox 2116 748 3713 819; baseline 0 -18"><span class='ocrx_word' id='word_1_150' title='bbox 2116 756 2249 812; x_wconf 91' lang='lat' dir='ltr'><strong>tem,</strong></span> <span class='ocrx_word' id='word_1_151' title='bbox 2279 762 2527 804; x_wconf 90' lang='lat' dir='ltr'><strong>errorem</strong></span> <span class='ocrx_word' id='word_1_152' title='bbox 2558 748 2783 815; x_wconf 88' lang='lat' dir='ltr'><strong>docere,</strong></span> <span class='ocrx_word' id='word_1_153' title='bbox 2810 756 2869 803; x_wconf 89' lang='lat' dir='ltr'><strong>et</strong></span> <span class='ocrx_word' id='word_1_154' title='bbox 2903 748 3048 803; x_wconf 90' lang='lat' dir='ltr'><strong>hanc</strong></span> <span class='ocrx_word' id='word_1_155' title='bbox 3082 764 3376 819; x_wconf 84' lang='lat' dir='ltr'><strong>personam</strong></span> <span class='ocrx_word' id='word_1_156' title='bbox 3410 764 3479 803; x_wconf 82' lang='lat' dir='ltr'><strong>ex</strong></span> <span class='ocrx_word' id='word_1_157' title='bbox 3507 748 3713 802; x_wconf 89' lang='lat' dir='ltr'><strong>unione</strong></span> 
     </span>
    </p>
   </div>
   <div class='ocr_carea' id='block_1_21' title="bbox 2113 844 3709 914">
    <p class='ocr_par' dir='ltr' id='par_1_21' title="bbox 2113 844 3709 914">
     <span class='ocr_line' id='line_1_21' title="bbox 2113 844 3709 914; baseline -0.001 -16"><span class='ocrx_word' id='word_1_158' title='bbox 2113 844 2453 899; x_wconf 74' lang='lat' dir='ltr'><strong>naturalium</strong></span> <span class='ocrx_word' id='word_1_159' title='bbox 2477 859 2841 914; x_wconf 82' lang='lat' dir='ltr'><strong>personarum</strong></span> <span class='ocrx_word' id='word_1_160' title='bbox 2865 844 3096 900; x_wconf 87' lang='lat' dir='ltr'><strong>credere</strong></span> <span class='ocrx_word' id='word_1_161' title='bbox 3126 860 3236 899; x_wconf 87' lang='lat' dir='ltr'><strong>non</strong></span> <span class='ocrx_word' id='word_1_162' title='bbox 3264 844 3369 899; x_wconf 87' lang='lat' dir='ltr'><strong>nisi</strong></span> <span class='ocrx_word' id='word_1_163' title='bbox 3404 844 3459 898; x_wconf 90' lang='lat' dir='ltr'><strong>in</strong></span> <span class='ocrx_word' id='word_1_164' title='bbox 3483 844 3709 909; x_wconf 84' lang='lat' dir='ltr'><strong>verbis;</strong></span> 
     </span>
    </p>
   </div>
   <div class='ocr_carea' id='block_1_22' title="bbox 2113 934 3709 1008">
    <p class='ocr_par' dir='ltr' id='par_1_22' title="bbox 2113 934 3709 1008">
     <span class='ocr_line' id='line_1_22' title="bbox 2113 934 3709 1008; baseline -0.003 -16"><span class='ocrx_word' id='word_1_165' title='bbox 2113 954 2237 1008; x_wconf 84' lang='lat' dir='ltr'><strong>quae</strong></span> <span class='ocrx_word' id='word_1_166' title='bbox 2278 953 2403 992; x_wconf 84' lang='lat' dir='ltr'><strong>cum</strong></span> <span class='ocrx_word' id='word_1_167' title='bbox 2436 938 2507 991; x_wconf 92' lang='lat' dir='ltr'><strong>sit</strong></span> <span class='ocrx_word' id='word_1_168' title='bbox 2552 936 2837 992; x_wconf 90' lang='lat' dir='ltr'><strong>dissimilis</strong></span> <span class='ocrx_word' id='word_1_169' title='bbox 2872 952 3123 1008; x_wconf 64' lang='lat' dir='ltr'><strong>personae</strong></span> <span class='ocrx_word' id='word_1_170' title='bbox 3174 937 3417 991; x_wconf 86' lang='lat' dir='ltr'><strong>naturali</strong></span> <span class='ocrx_word' id='word_1_171' title='bbox 3462 934 3709 999; x_wconf 85' lang='lat' dir='ltr'><strong>Christi,</strong></span> 
     </span>
    </p>
   </div>
   <div class='ocr_carea' id='block_1_23' title="bbox 2113 1027 3710 1101">
    <p class='ocr_par' dir='ltr' id='par_1_23' title="bbox 2113 1027 3710 1101">
     <span class='ocr_line' id='line_1_23' title="bbox 2113 1027 3710 1101; baseline -0.002 -16"><span class='ocrx_word' id='word_1_172' title='bbox 2113 1045 2214 1085; x_wconf 93' lang='lat' dir='ltr'><strong>cur</strong></span> <span class='ocrx_word' id='word_1_173' title='bbox 2244 1031 2316 1085; x_wconf 85' lang='lat' dir='ltr'><strong>sit</strong></span> <span class='ocrx_word' id='word_1_174' title='bbox 2367 1030 2564 1085; x_wconf 87' lang='lat' dir='ltr'><strong>similis</strong></span> <span class='ocrx_word' id='word_1_175' title='bbox 2628 1030 2733 1101; x_wconf 91' lang='lat' dir='ltr'><strong>ipsi</strong></span> <span class='ocrx_word' id='word_1_176' title='bbox 2797 1029 3074 1098; x_wconf 82' lang='lat' dir='ltr'><strong>proferte,</strong></span> <span class='ocrx_word' id='word_1_177' title='bbox 3128 1028 3347 1084; x_wconf 87' lang='lat' dir='ltr'><strong>etiamsi</strong></span> <span class='ocrx_word' id='word_1_178' title='bbox 3403 1027 3710 1084; x_wconf 88' lang='lat' dir='ltr'><strong>subsistere</strong></span> 
     </span>
    </p>
   </div>
   <div class='ocr_carea' id='block_1_24' title="bbox 2112 1119 3708 1195">
    <p class='ocr_par' dir='ltr' id='par_1_24' title="bbox 2112 1119 3708 1195">
     <span class='ocr_line' id='line_1_24' title="bbox 2112 1119 3708 1195; baseline -0.003 -18"><span class='ocrx_word' id='word_1_179' title='bbox 2112 1123 2356 1195; x_wconf 75' lang='lat' dir='ltr'><strong>gratuito</strong></span> <span class='ocrx_word' id='word_1_180' title='bbox 2386 1122 2745 1178; x_wconf 87' lang='lat' dir='ltr'><strong>concedatur.</strong></span> <span class='ocrx_word' id='word_1_181' title='bbox 2775 1122 2931 1188; x_wconf 84' lang='lat' dir='ltr'><strong>Quod</strong></span> <span class='ocrx_word' id='word_1_182' title='bbox 2961 1121 3007 1177; x_wconf 90' lang='lat' dir='ltr'><strong>si</strong></span> <span class='ocrx_word' id='word_1_183' title='bbox 3039 1120 3376 1177; x_wconf 90' lang='lat' dir='ltr'><strong>contenditis</strong></span> <span class='ocrx_word' id='word_1_184' title='bbox 3403 1119 3708 1175; x_wconf 83' lang='lat' dir='ltr'><strong>naturalem</strong></span> 
     </span>
    </p>
   </div>
   <div class='ocr_carea' id='block_1_25' title="bbox 2113 1210 3703 1287">
    <p class='ocr_par' dir='ltr' id='par_1_25' title="bbox 2113 1210 3703 1287">
     <span class='ocr_line' id='line_1_25' title="bbox 2113 1210 3703 1287; baseline -0.004 -16"><span class='ocrx_word' id='word_1_185' title='bbox 2113 1216 2319 1272; x_wconf 87' lang='lat' dir='ltr'><strong>Christi</strong></span> <span class='ocrx_word' id='word_1_186' title='bbox 2344 1231 2639 1287; x_wconf 87' lang='lat' dir='ltr'><strong>personam</strong></span> <span class='ocrx_word' id='word_1_187' title='bbox 2666 1230 2789 1270; x_wconf 90' lang='lat' dir='ltr'><strong>eam</strong></span> <span class='ocrx_word' id='word_1_188' title='bbox 2822 1230 2967 1278; x_wconf 89' lang='lat' dir='ltr'><strong>esse,</strong></span> <span class='ocrx_word' id='word_1_189' title='bbox 3004 1231 3127 1285; x_wconf 72' lang='lat' dir='ltr'><strong>qua:</strong></span> <span class='ocrx_word' id='word_1_190' title='bbox 3158 1230 3268 1268; x_wconf 89' lang='lat' dir='ltr'><strong>una</strong></span> <span class='ocrx_word' id='word_1_191' title='bbox 3294 1229 3361 1269; x_wconf 74' lang='lat' dir='ltr'><strong>ex</strong></span> <span class='ocrx_word' id='word_1_192' title='bbox 3386 1212 3594 1267; x_wconf 89' lang='lat' dir='ltr'><strong>unione</strong></span> <span class='ocrx_word' id='word_1_193' title='bbox 3620 1210 3703 1265; x_wconf 86' lang='lat' dir='ltr'><strong>dt-</strong></span> 
     </span>
    </p>
   </div>
   <div class='ocr_carea' id='block_1_26' title="bbox 2112 1300 3710 1376">
    <p class='ocr_par' dir='ltr' id='par_1_26' title="bbox 2112 1300 3710 1376">
     <span class='ocr_line' id='line_1_26' title="bbox 2112 1300 3710 1376; baseline -0.003 -14"><span class='ocrx_word' id='word_1_194' title='bbox 2112 1309 2369 1369; x_wconf 89' lang='lat' dir='ltr'><strong>cebatur,</strong></span> <span class='ocrx_word' id='word_1_195' title='bbox 2422 1305 2571 1376; x_wconf 88' lang='lat' dir='ltr'><strong>quod</strong></span> <span class='ocrx_word' id='word_1_196' title='bbox 2614 1306 2659 1361; x_wconf 92' lang='lat' dir='ltr'><strong>si</strong></span> <span class='ocrx_word' id='word_1_197' title='bbox 2700 1320 2769 1359; x_wconf 81' lang='lat' dir='ltr'><strong>ex</strong></span> <span class='ocrx_word' id='word_1_198' title='bbox 2815 1304 3033 1359; x_wconf 88' lang='lat' dir='ltr'><strong>duabus</strong></span> <span class='ocrx_word' id='word_1_199' title='bbox 3070 1304 3421 1358; x_wconf 87' lang='lat' dir='ltr'><strong>naturalibus</strong></span> <span class='ocrx_word' id='word_1_200' title='bbox 3454 1300 3710 1373; x_wconf 83' lang='lat' dir='ltr'><strong>personis</strong></span> 
     </span>
    </p>
   </div>
   <div class='ocr_carea' id='block_1_27' title="bbox 2109 1398 3711 1473">
    <p class='ocr_par' dir='ltr' id='par_1_27' title="bbox 2109 1398 3711 1473">
     <span class='ocr_line' id='line_1_27' title="bbox 2109 1398 3711 1473; baseline -0.004 -18"><span class='ocrx_word' id='word_1_201' title='bbox 2109 1400 2321 1473; x_wconf 88' lang='lat' dir='ltr'><strong>junctis</strong></span> <span class='ocrx_word' id='word_1_202' title='bbox 2347 1398 2543 1455; x_wconf 75' lang='lat' dir='ltr'><strong>effecta</strong></span> <span class='ocrx_word' id='word_1_203' title='bbox 2571 1407 2678 1463; x_wconf 88' lang='lat' dir='ltr'><strong>est,</strong></span> <span class='ocrx_word' id='word_1_204' title='bbox 2710 1398 2837 1468; x_wconf 85' lang='lat' dir='ltr'><strong>quis</strong></span> <span class='ocrx_word' id='word_1_205' title='bbox 2864 1406 2949 1453; x_wconf 88' lang='lat' dir='ltr'><strong>est</strong></span> <span class='ocrx_word' id='word_1_206' title='bbox 2976 1398 3070 1452; x_wconf 91' lang='lat' dir='ltr'><strong>ille</strong></span> <span class='ocrx_word' id='word_1_207' title='bbox 3093 1398 3259 1451; x_wconf 90' lang='lat' dir='ltr'><strong>homo</strong></span> <span class='ocrx_word' id='word_1_208' title='bbox 3289 1398 3449 1467; x_wconf 85' lang='lat' dir='ltr'><strong>cujus</strong></span> <span class='ocrx_word' id='word_1_209' title='bbox 3483 1402 3711 1449; x_wconf 84' lang='lat' dir='ltr'><strong>natura-</strong></span> 
     </span>
    </p>
   </div>
   <div class='ocr_carea' id='block_1_28' title="bbox 2113 1488 3683 1562">
    <p class='ocr_par' dir='ltr' id='par_1_28' title="bbox 2113 1488 3683 1562">
     <span class='ocr_line' id='line_1_28' title="bbox 2113 1488 3683 1562; baseline -0.004 -14"><span class='ocrx_word' id='word_1_210' title='bbox 2113 1495 2184 1548; x_wconf 91' lang='lat' dir='ltr'><strong>lis</strong></span> <span class='ocrx_word' id='word_1_211' title='bbox 2210 1508 2445 1562; x_wconf 85' lang='lat' dir='ltr'><strong>persona</strong></span> <span class='ocrx_word' id='word_1_212' title='bbox 2475 1508 2598 1546; x_wconf 87' lang='lat' dir='ltr'><strong>cum</strong></span> <span class='ocrx_word' id='word_1_213' title='bbox 2654 1494 2832 1561; x_wconf 91' lang='lat' dir='ltr'><strong>scipsa</strong></span> <span class='ocrx_word' id='word_1_214' title='bbox 2886 1491 3120 1545; x_wconf 86' lang='lat' dir='ltr'><strong>unitur?</strong></span> <span class='ocrx_word' id='word_1_215' title='bbox 3174 1488 3351 1544; x_wconf 87' lang='lat' dir='ltr'><strong>Homo</strong></span> <span class='ocrx_word' id='word_1_216' title='bbox 3388 1497 3683 1543; x_wconf 89' lang='lat' dir='ltr'><strong>eontra....</strong></span> 
     </span>
    </p>
   </div>
   <div class='ocr_carea' id='block_1_29' title="bbox 2114 1580 3707 1651">
    <p class='ocr_par' dir='ltr' id='par_1_29' title="bbox 2114 1580 3707 1651">
     <span class='ocr_line' id='line_1_29' title="bbox 2114 1580 3707 1651; baseline -0.002 -15"><span class='ocrx_word' id='word_1_217' title='bbox 2114 1580 2183 1636; x_wconf 88' lang='lat' dir='ltr'><strong>Et</strong></span> <span class='ocrx_word' id='word_1_218' title='bbox 2213 1582 2293 1636; x_wconf 92' lang='lat' dir='ltr'><strong>sic</strong></span> <span class='ocrx_word' id='word_1_219' title='bbox 2320 1580 2511 1636; x_wconf 91' lang='lat' dir='ltr'><strong>eadem</strong></span> <span class='ocrx_word' id='word_1_220' title='bbox 2528 1597 2766 1651; x_wconf 87' lang='lat' dir='ltr'><strong>persona</strong></span> <span class='ocrx_word' id='word_1_221' title='bbox 2798 1582 3123 1646; x_wconf 83' lang='lat' dir='ltr'><strong>exsistebat,</strong></span> <span class='ocrx_word' id='word_1_222' title='bbox 3148 1588 3348 1637; x_wconf 90' lang='lat' dir='ltr'><strong>etnata</strong></span> <span class='ocrx_word' id='word_1_223' title='bbox 3376 1588 3464 1636; x_wconf 91' lang='lat' dir='ltr'><strong>est</strong></span> <span class='ocrx_word' id='word_1_224' title='bbox 3493 1589 3707 1651; x_wconf 78' lang='lat' dir='ltr'><strong>postea,</strong></span> 
     </span>
    </p>
   </div>
   <div class='ocr_carea' id='block_1_30' title="bbox 2114 1673 3710 1743">
    <p class='ocr_par' dir='ltr' id='par_1_30' title="bbox 2114 1673 3710 1743">
     <span class='ocr_line' id='line_1_30' title="bbox 2114 1673 3710 1743; baseline 0 -16"><span class='ocrx_word' id='word_1_225' title='bbox 2114 1673 2245 1743; x_wconf 88' lang='lat' dir='ltr'><strong>quia</strong></span> <span class='ocrx_word' id='word_1_226' title='bbox 2276 1682 2440 1729; x_wconf 90' lang='lat' dir='ltr'><strong>antea</strong></span> <span class='ocrx_word' id='word_1_227' title='bbox 2478 1673 2752 1728; x_wconf 83' lang='lat' dir='ltr'><strong>existebat</strong></span> <span class='ocrx_word' id='word_1_228' title='bbox 2791 1682 2852 1728; x_wconf 93' lang='lat' dir='ltr'><strong>ut</strong></span> <span class='ocrx_word' id='word_1_229' title='bbox 2900 1673 3212 1740; x_wconf 88' lang='lat' dir='ltr'><strong>naturalis,</strong></span> <span class='ocrx_word' id='word_1_230' title='bbox 3239 1681 3296 1729; x_wconf 88' lang='lat' dir='ltr'><strong>et</strong></span> <span class='ocrx_word' id='word_1_231' title='bbox 3350 1680 3477 1728; x_wconf 87' lang='lat' dir='ltr'><strong>nata</strong></span> <span class='ocrx_word' id='word_1_232' title='bbox 3517 1680 3603 1727; x_wconf 93' lang='lat' dir='ltr'><strong>est</strong></span> <span class='ocrx_word' id='word_1_233' title='bbox 3640 1687 3710 1728; x_wconf 74' lang='lat' dir='ltr'><strong>ex</strong></span> 
     </span>
    </p>
   </div>
   <div class='ocr_carea' id='block_1_31' title="bbox 2114 1765 3197 1837">
    <p class='ocr_par' dir='ltr' id='par_1_31' title="bbox 2114 1765 3197 1837">
     <span class='ocr_line' id='line_1_31' title="bbox 2114 1765 3197 1837; baseline 0 -17"><span class='ocrx_word' id='word_1_234' title='bbox 2114 1765 2321 1821; x_wconf 87' lang='lat' dir='ltr'><strong>unione</strong></span> <span class='ocrx_word' id='word_1_235' title='bbox 2346 1774 2472 1837; x_wconf 91' lang='lat' dir='ltr'><strong>post</strong></span> <span class='ocrx_word' id='word_1_236' title='bbox 2499 1776 2821 1821; x_wconf 88' lang='lat' dir='ltr'><strong>naturarum</strong></span> <span class='ocrx_word' id='word_1_237' title='bbox 2849 1766 3197 1837; x_wconf 90' lang='lat' dir='ltr'><strong>junctionem</strong></span> 
     </span>
    </p>
   </div>
   <div class='ocr_carea' id='block_1_32' title="bbox 417 1857 3709 1938">
    <p class='ocr_par' dir='ltr' id='par_1_32' title="bbox 417 1857 3709 1938">
     <span class='ocr_line' id='line_1_32' title="bbox 417 1857 3709 1938; baseline 0.001 -27"><span class='ocrx_word' id='word_1_238' title='bbox 417 1857 512 1911; x_wconf 85' lang='grc' dir='ltr'><strong>τοῦ</strong></span> <span class='ocrx_word' id='word_1_239' title='bbox 533 1859 857 1932; x_wconf 84' lang='grc' dir='ltr'>προϋπῆρχέ</span> <span class='ocrx_word' id='word_1_240' title='bbox 893 1880 951 1917; x_wconf 88' lang='grc' dir='ltr'><strong>τε</strong></span> <span class='ocrx_word' id='word_1_241' title='bbox 985 1863 1081 1918; x_wconf 74' lang='grc' dir='ltr'>καὶ</span> <span class='ocrx_word' id='word_1_242' title='bbox 1110 1864 1500 1935; x_wconf 77' lang='grc' dir='ltr'>μεταγέγονεν,</span> <span class='ocrx_word' id='word_1_243' title='bbox 1533 1867 1693 1938; x_wconf 84' lang='grc' dir='ltr'>εῐπερ</span> <span class='ocrx_word' id='word_1_244' title='bbox 1730 1867 1808 1932; x_wconf 91' lang='grc' dir='ltr'><strong>ώς</strong></span> <span class='ocrx_word' id='word_1_245' title='bbox 1841 1861 2073 1938; x_wconf 79' lang='grc' dir='ltr'>φυσικὸν</span> <span class='ocrx_word' id='word_1_246' title='bbox 2102 1862 2299 1934; x_wconf 81' lang='grc' dir='ltr'>προῆν,</span> <span class='ocrx_word' id='word_1_247' title='bbox 2352 1861 2428 1927; x_wconf 88' lang='grc' dir='ltr'><strong>ώς</strong></span> <span class='ocrx_word' id='word_1_248' title='bbox 2457 1861 2516 1915; x_wconf 81' lang='grc' dir='ltr'><strong>δὲ</strong></span> <span class='ocrx_word' id='word_1_249' title='bbox 2573 1862 2634 1928; x_wconf 76' lang='grc' dir='ltr'>ἐξ</span> <span class='ocrx_word' id='word_1_250' title='bbox 2694 1861 2943 1927; x_wconf 84' lang='grc' dir='ltr'>ὲνώσεως</span> <span class='ocrx_word' id='word_1_251' title='bbox 3017 1862 3159 1933; x_wconf 78' lang='grc' dir='ltr'>μετὰ</span> <span class='ocrx_word' id='word_1_252' title='bbox 3214 1862 3315 1935; x_wconf 77' lang='grc' dir='ltr'>τὴν</span> <span class='ocrx_word' id='word_1_253' title='bbox 3350 1862 3570 1916; x_wconf 81' lang='grc' dir='ltr'>σύνοδον</span> <span class='ocrx_word' id='word_1_254' title='bbox 3599 1860 3709 1917; x_wconf 85' lang='grc' dir='ltr'><strong>τῶν</strong></span> 
     </span>
    </p>
   </div>
   <div class='ocr_carea' id='block_1_33' title="bbox 418 1948 956 2022">
    <p class='ocr_par' dir='ltr' id='par_1_33' title="bbox 418 1948 956 2022">
     <span class='ocr_line' id='line_1_33' title="bbox 418 1948 956 2022; baseline 0.011 -22"><span class='ocrx_word' id='word_1_255' title='bbox 418 1948 666 2016; x_wconf 86' lang='grc' dir='ltr'>φυσικῶν</span> <span class='ocrx_word' id='word_1_256' title='bbox 697 1950 923 2020; x_wconf 87' lang='grc' dir='ltr'>γέγονεν</span> <span class='ocrx_word' id='word_1_257' title='bbox 940 1970 956 2022; x_wconf 90' lang='grc'>;</span> 
     </span>
    </p>
   </div>
   <div class='ocr_carea' id='block_1_34' title="bbox 1011 2049 1397 2107">
    <p class='ocr_par' dir='ltr' id='par_1_34' title="bbox 1011 2049 1397 2107">
     <span class='ocr_line' id='line_1_34' title="bbox 1011 2049 1397 2107; baseline 0.016 -6"><span class='ocrx_word' id='word_1_258' title='bbox 1011 2049 1263 2105; x_wconf 82' lang='grc' dir='ltr'>ΚΕΦΛΛ.</span> <span class='ocrx_word' id='word_1_259' title='bbox 1291 2050 1397 2107; x_wconf 84' lang='lat' dir='ltr'><strong>AE&#39;</strong></span> 
     </span>
    </p>
   </div>
   <div class='ocr_carea' id='block_1_35' title="bbox 491 2136 2011 2219">
    <p class='ocr_par' dir='ltr' id='par_1_35' title="bbox 491 2136 2011 2219">
     <span class='ocr_line' id='line_1_35' title="bbox 491 2136 2011 2219; baseline 0.007 -28"><span class='ocrx_word' id='word_1_260' title='bbox 491 2136 554 2191; x_wconf 84' lang='lat' dir='ltr'><strong>El</strong></span> <span class='ocrx_word' id='word_1_261' title='bbox 574 2139 723 2194; x_wconf 79' lang='grc' dir='ltr'>ἐστιν</span> <span class='ocrx_word' id='word_1_262' title='bbox 739 2141 768 2194; x_wconf 98' lang='lat'><strong>6</strong></span> <span class='ocrx_word' id='word_1_263' title='bbox 794 2141 968 2210; x_wconf 86' lang='grc' dir='ltr'>Λόγος</span> <span class='ocrx_word' id='word_1_264' title='bbox 991 2142 1020 2195; x_wconf 82' lang='lat'><strong>6</strong></span> <span class='ocrx_word' id='word_1_265' title='bbox 1057 2139 1148 2215; x_wconf 80' lang='grc' dir='ltr'>ἦν,</span> <span class='ocrx_word' id='word_1_266' title='bbox 1176 2146 1272 2199; x_wconf 76' lang='grc' dir='ltr'>καὶ</span> <span class='ocrx_word' id='word_1_267' title='bbox 1317 2143 1466 2199; x_wconf 74' lang='grc' dir='ltr'>ἐστιν</span> <span class='ocrx_word' id='word_1_268' title='bbox 1489 2144 1518 2199; x_wconf 84' lang='grc' dir='ltr'><strong>ὃ</strong></span> <span class='ocrx_word' id='word_1_269' title='bbox 1536 2144 1783 2216; x_wconf 77' lang='grc' dir='ltr'>γέγονεν,</span> <span class='ocrx_word' id='word_1_270' title='bbox 1814 2140 1885 2218; x_wconf 83' lang='grc' dir='ltr'>ἦν</span> <span class='ocrx_word' id='word_1_271' title='bbox 1909 2147 2011 2219; x_wconf 83' lang='grc' dir='ltr'>μὲν</span> 
     </span>
    </p>
   </div>
   <div class='ocr_carea' id='block_1_36' title="bbox 418 2227 2008 2308">
    <p class='ocr_par' dir='ltr' id='par_1_36' title="bbox 418 2227 2008 2308">
     <span class='ocr_line' id='line_1_36' title="bbox 418 2227 2008 2308; baseline 0.008 -28"><span class='ocrx_word' id='word_1_272' title='bbox 418 2227 573 2293; x_wconf 74' lang='grc' dir='ltr'>Θεὸς,</span> <span class='ocrx_word' id='word_1_273' title='bbox 603 2228 796 2297; x_wconf 82' lang='grc' dir='ltr'>γέγονε</span> <span class='ocrx_word' id='word_1_274' title='bbox 831 2230 889 2284; x_wconf 84' lang='grc' dir='ltr'><strong>δὲ</strong></span> <span class='ocrx_word' id='word_1_275' title='bbox 906 2231 1002 2286; x_wconf 80' lang='grc' dir='ltr'>ἄνθ</span> <span class='ocrx_word' id='word_1_276' title='bbox 1011 2249 1192 2303; x_wconf 89' lang='grc' dir='ltr'>ρωπος</span> <span class='ocrx_word' id='word_1_277' title='bbox 1213 2235 1270 2289; x_wconf 74' lang='grc' dir='ltr'>ἐν</span> <span class='ocrx_word' id='word_1_278' title='bbox 1289 2235 1372 2289; x_wconf 72' lang='grc' dir='ltr'><strong>ἐν).</strong></span> <span class='ocrx_word' id='word_1_279' title='bbox 1391 2234 1672 2308; x_wconf 87' lang='grc' dir='ltr'>προσώπῳ</span> <span class='ocrx_word' id='word_1_280' title='bbox 1693 2236 1788 2291; x_wconf 85' lang='grc' dir='ltr'><strong>τοῦ</strong></span> <span class='ocrx_word' id='word_1_281' title='bbox 1810 2237 2008 2307; x_wconf 85' lang='grc' dir='ltr'><strong>Λόγου,</strong></span> 
     </span>
    </p>
   </div>
   <div class='ocr_carea' id='block_1_37' title="bbox 417 2317 2013 2400">
    <p class='ocr_par' dir='ltr' id='par_1_37' title="bbox 417 2317 2013 2400">
     <span class='ocr_line' id='line_1_37' title="bbox 417 2317 2013 2400; baseline 0.008 -27"><span class='ocrx_word' id='word_1_282' title='bbox 417 2320 479 2373; x_wconf 84' lang='grc' dir='ltr'><strong>οὑ</strong></span> <span class='ocrx_word' id='word_1_283' title='bbox 505 2320 731 2376; x_wconf 86' lang='grc' dir='ltr'>δύναται</span> <span class='ocrx_word' id='word_1_284' title='bbox 756 2317 893 2377; x_wconf 70' lang='grc' dir='ltr'>εἶναι</span> <span class='ocrx_word' id='word_1_285' title='bbox 916 2325 1227 2397; x_wconf 82' lang='grc' dir='ltr'>ἀμφότερα·</span> <span class='ocrx_word' id='word_1_286' title='bbox 1260 2328 1382 2391; x_wconf 84' lang='grc' dir='ltr'>ὅλος</span> <span class='ocrx_word' id='word_1_287' title='bbox 1408 2329 1519 2400; x_wconf 85' lang='grc' dir='ltr'>γὰρ</span> <span class='ocrx_word' id='word_1_288' title='bbox 1551 2330 1776 2399; x_wconf 82' lang='grc' dir='ltr'>γέγονεν</span> <span class='ocrx_word' id='word_1_289' title='bbox 1803 2331 2013 2400; x_wconf 81' lang='grc' dir='ltr'>ἄνθρω-</span> 
     </span>
    </p>
   </div>
   <div class='ocr_carea' id='block_1_38' title="bbox 422 2413 2009 2491">
    <p class='ocr_par' dir='ltr' id='par_1_38' title="bbox 422 2413 2009 2491">
     <span class='ocr_line' id='line_1_38' title="bbox 422 2413 2009 2491; baseline 0.008 -27"><span class='ocrx_word' id='word_1_290' title='bbox 422 2429 544 2477; x_wconf 86' lang='grc' dir='ltr'>πος,</span> <span class='ocrx_word' id='word_1_291' title='bbox 596 2413 758 2483; x_wconf 87' lang='grc' dir='ltr'>φύσιν</span> <span class='ocrx_word' id='word_1_292' title='bbox 784 2414 921 2485; x_wconf 82' lang='grc' dir='ltr'>ἔχων</span> <span class='ocrx_word' id='word_1_293' title='bbox 980 2416 1272 2488; x_wconf 82' lang='grc' dir='ltr'>ἀνθρώπου</span> <span class='ocrx_word' id='word_1_294' title='bbox 1308 2421 1403 2473; x_wconf 72' lang='grc' dir='ltr'>καὶ</span> <span class='ocrx_word' id='word_1_295' title='bbox 1431 2422 1750 2491; x_wconf 88' lang='grc' dir='ltr'>πρόσωπον.</span> <span class='ocrx_word' id='word_1_296' title='bbox 1784 2422 1930 2476; x_wconf 86' lang='grc' dir='ltr'>Ἀλλ’</span> <span class='ocrx_word' id='word_1_297' title='bbox 1959 2424 2009 2477; x_wconf 78' lang='grc' dir='ltr'>εἰ</span> 
     </span>
    </p>
   </div>
   <div class='ocr_carea' id='block_1_39' title="bbox 418 2502 2011 2583">
    <p class='ocr_par' dir='ltr' id='par_1_39' title="bbox 418 2502 2011 2583">
     <span class='ocr_line' id='line_1_39' title="bbox 418 2502 2011 2583; baseline 0.006 -27"><span class='ocrx_word' id='word_1_298' title='bbox 418 2502 513 2557; x_wconf 75' lang='grc' dir='ltr'>καὶ</span> <span class='ocrx_word' id='word_1_299' title='bbox 542 2506 607 2575; x_wconf 79' lang='grc' dir='ltr'><strong>τῇ</strong></span> <span class='ocrx_word' id='word_1_300' title='bbox 632 2506 989 2577; x_wconf 83' lang='grc' dir='ltr'>ὲμπροσώπῳ</span> <span class='ocrx_word' id='word_1_301' title='bbox 1028 2507 1165 2561; x_wconf 84' lang='grc' dir='ltr'>Θεοῦ</span> <span class='ocrx_word' id='word_1_302' title='bbox 1205 2508 1366 2577; x_wconf 89' lang='grc' dir='ltr'>φύσει</span> <span class='ocrx_word' id='word_1_303' title='bbox 1396 2510 1529 2575; x_wconf 84' lang='grc' dir='ltr'>Θεὸς</span> <span class='ocrx_word' id='word_1_304' title='bbox 1562 2506 1631 2583; x_wconf 81' lang='grc' dir='ltr'>ἦν</span> <span class='ocrx_word' id='word_1_305' title='bbox 1660 2514 1689 2566; x_wconf 94' lang='lat'><strong>6</strong></span> <span class='ocrx_word' id='word_1_306' title='bbox 1721 2512 1898 2581; x_wconf 86' lang='grc' dir='ltr'>Κόγος</span> <span class='ocrx_word' id='word_1_307' title='bbox 1932 2513 2011 2578; x_wconf 85' lang='grc' dir='ltr'><strong>ὡς</strong></span> 
     </span>
    </p>
   </div>
   <div class='ocr_carea' id='block_1_40' title="bbox 417 2596 2010 2678">
    <p class='ocr_par' dir='ltr' id='par_1_40' title="bbox 417 2596 2010 2678">
     <span class='ocr_line' id='line_1_40' title="bbox 417 2596 2010 2678; baseline 0.006 -29"><span class='ocrx_word' id='word_1_308' title='bbox 417 2596 634 2666; x_wconf 83' lang='grc' dir='ltr'>φύσεως</span> <span class='ocrx_word' id='word_1_309' title='bbox 658 2598 811 2663; x_wconf 79' lang='grc' dir='ltr'>θείας</span> <span class='ocrx_word' id='word_1_310' title='bbox 834 2600 911 2653; x_wconf 86' lang='grc' dir='ltr'>ὢν</span> <span class='ocrx_word' id='word_1_311' title='bbox 939 2600 1165 2672; x_wconf 77' lang='grc' dir='ltr'>δηλαδὴ,</span> <span class='ocrx_word' id='word_1_312' title='bbox 1202 2601 1301 2673; x_wconf 80' lang='grc' dir='ltr'>τὴν</span> <span class='ocrx_word' id='word_1_313' title='bbox 1330 2603 1630 2657; x_wconf 81' lang='grc' dir='ltr'>ὑπόστασιν</span> <span class='ocrx_word' id='word_1_314' title='bbox 1673 2605 1865 2666; x_wconf 86' lang='grc' dir='ltr'>αὑτοῦ.</span> <span class='ocrx_word' id='word_1_315' title='bbox 1910 2607 2010 2678; x_wconf 83' lang='grc' dir='ltr'><strong>οὑχ</strong></span> 
     </span>
    </p>
   </div>
   <div class='ocr_carea' id='block_1_41' title="bbox 415 2688 2011 2768">
    <p class='ocr_par' dir='ltr' id='par_1_41' title="bbox 415 2688 2011 2768">
     <span class='ocr_line' id='line_1_41' title="bbox 415 2688 2011 2768; baseline 0.008 -27"><span class='ocrx_word' id='word_1_316' title='bbox 415 2688 493 2753; x_wconf 83' lang='grc' dir='ltr'>ὡς</span> <span class='ocrx_word' id='word_1_317' title='bbox 518 2690 705 2755; x_wconf 82' lang='grc' dir='ltr'>ἁπλῶς</span> <span class='ocrx_word' id='word_1_318' title='bbox 728 2692 1030 2756; x_wconf 83' lang='grc' dir='ltr'>ὑπόστασις</span> <span class='ocrx_word' id='word_1_319' title='bbox 1048 2689 1117 2764; x_wconf 77' lang='grc' dir='ltr'>ἦν</span> <span class='ocrx_word' id='word_1_320' title='bbox 1135 2694 1288 2759; x_wconf 74' lang='grc' dir='ltr'>Θεὸς,</span> <span class='ocrx_word' id='word_1_321' title='bbox 1319 2696 1433 2749; x_wconf 76' lang='grc' dir='ltr'>ἀλλ’</span> <span class='ocrx_word' id='word_1_322' title='bbox 1457 2697 1533 2761; x_wconf 86' lang='grc' dir='ltr'><strong>ὡς</strong></span> <span class='ocrx_word' id='word_1_323' title='bbox 1549 2697 1766 2751; x_wconf 84' lang='grc' dir='ltr'>τοιᾶσδε</span> <span class='ocrx_word' id='word_1_324' title='bbox 1794 2697 2011 2768; x_wconf 88' lang='grc' dir='ltr'>φύσεως</span> 
     </span>
    </p>
   </div>
   <div class='ocr_carea' id='block_1_42' title="bbox 420 2785 2009 2866">
    <p class='ocr_par' dir='ltr' id='par_1_42' title="bbox 420 2785 2009 2866">
     <span class='ocr_line' id='line_1_42' title="bbox 420 2785 2009 2866; baseline 0.006 -28"><span class='ocrx_word' id='word_1_325' title='bbox 420 2785 589 2856; x_wconf 74' lang='grc' dir='ltr'>οῦσης</span> <span class='ocrx_word' id='word_1_326' title='bbox 620 2786 774 2859; x_wconf 85' lang='grc' dir='ltr'><strong>αὑτῷ</strong></span> <span class='ocrx_word' id='word_1_327' title='bbox 794 2788 893 2859; x_wconf 83' lang='grc' dir='ltr'>τῆς</span> <span class='ocrx_word' id='word_1_328' title='bbox 915 2788 1271 2859; x_wconf 83' lang='grc' dir='ltr'>ὑποστάσεως</span> <span class='ocrx_word' id='word_1_329' title='bbox 1291 2807 1306 2822; x_wconf 79' lang='grc' dir='ltr'><strong>ο</strong></span> <span class='ocrx_word' id='word_1_330' title='bbox 1330 2792 1457 2845; x_wconf 77' lang='grc' dir='ltr'>ἐπεὶ</span> <span class='ocrx_word' id='word_1_331' title='bbox 1480 2795 1507 2847; x_wconf 94' lang='lat'><strong>6</strong></span> <span class='ocrx_word' id='word_1_332' title='bbox 1524 2793 1714 2866; x_wconf 86' lang='grc' dir='ltr'>Πατὴρ</span> <span class='ocrx_word' id='word_1_333' title='bbox 1738 2796 1839 2849; x_wconf 83' lang='grc' dir='ltr'><strong>οὑκ</strong></span> <span class='ocrx_word' id='word_1_334' title='bbox 1856 2794 2009 2848; x_wconf 82' lang='grc' dir='ltr'>ἔσται</span> 
     </span>
    </p>
   </div>
   <div class='ocr_carea' id='block_1_43' title="bbox 416 2879 2008 2953">
    <p class='ocr_par' dir='ltr' id='par_1_43' title="bbox 416 2879 2008 2953">
     <span class='ocr_line' id='line_1_43' title="bbox 416 2879 2008 2953; baseline 0.004 -20"><span class='ocrx_word' id='word_1_335' title='bbox 416 2880 572 2945; x_wconf 79' lang='grc' dir='ltr'>Θεὸς,</span> <span class='ocrx_word' id='word_1_336' title='bbox 602 2879 725 2934; x_wconf 76' lang='grc' dir='ltr'>ἐπεὶ</span> <span class='ocrx_word' id='word_1_337' title='bbox 780 2881 855 2951; x_wconf 85' lang='grc' dir='ltr'>μὴ</span> <span class='ocrx_word' id='word_1_338' title='bbox 886 2882 1104 2936; x_wconf 80' lang='grc' dir='ltr'>τοιᾶσδε</span> <span class='ocrx_word' id='word_1_339' title='bbox 1133 2882 1257 2947; x_wconf 78' lang='grc' dir='ltr'>οἵας</span> <span class='ocrx_word' id='word_1_340' title='bbox 1308 2884 1338 2937; x_wconf 88' lang='lat'><strong>6</strong></span> <span class='ocrx_word' id='word_1_341' title='bbox 1378 2885 1554 2953; x_wconf 86' lang='grc' dir='ltr'>Λόγος</span> <span class='ocrx_word' id='word_1_342' title='bbox 1585 2887 1732 2939; x_wconf 73' lang='grc' dir='ltr'>ἐστὶν</span> <span class='ocrx_word' id='word_1_343' title='bbox 1768 2886 2008 2941; x_wconf 83' lang='grc' dir='ltr'>ὑποστά-</span> 
     </span>
    </p>
   </div>
   <div class='ocr_carea' id='block_1_44' title="bbox 418 2972 2009 3048">
    <p class='ocr_par' dir='ltr' id='par_1_44' title="bbox 418 2972 2009 3048">
     <span class='ocr_line' id='line_1_44' title="bbox 418 2972 2009 3048; baseline 0.004 -22"><span class='ocrx_word' id='word_1_344' title='bbox 418 2988 592 3037; x_wconf 85' lang='grc' dir='ltr'>σεως⁶</span> <span class='ocrx_word' id='word_1_345' title='bbox 643 2972 740 3027; x_wconf 75' lang='grc' dir='ltr'>καὶ</span> <span class='ocrx_word' id='word_1_346' title='bbox 770 2972 1059 3044; x_wconf 84' lang='grc' dir='ltr'>ἄνθρωπος</span> <span class='ocrx_word' id='word_1_347' title='bbox 1096 2974 1207 3046; x_wconf 81' lang='grc' dir='ltr'>ἄρα</span> <span class='ocrx_word' id='word_1_348' title='bbox 1257 2975 1486 3044; x_wconf 76' lang='grc' dir='ltr'>γέγονεν</span> <span class='ocrx_word' id='word_1_349' title='bbox 1543 2978 1611 3047; x_wconf 80' lang='grc' dir='ltr'>τῇ</span> <span class='ocrx_word' id='word_1_350' title='bbox 1641 2978 1743 3045; x_wconf 86' lang='grc' dir='ltr'><strong>τῆς</strong></span> <span class='ocrx_word' id='word_1_351' title='bbox 1790 2978 2009 3048; x_wconf 87' lang='grc' dir='ltr'>φύσεως</span> 
     </span>
    </p>
   </div>
   <div class='ocr_carea' id='block_1_45' title="bbox 414 3064 2006 3142">
    <p class='ocr_par' dir='ltr' id='par_1_45' title="bbox 414 3064 2006 3142">
     <span class='ocr_line' id='line_1_45' title="bbox 414 3064 2006 3142; baseline 0.004 -23"><span class='ocrx_word' id='word_1_352' title='bbox 414 3064 517 3135; x_wconf 83' lang='grc' dir='ltr'>τῆς</span> <span class='ocrx_word' id='word_1_353' title='bbox 550 3065 905 3138; x_wconf 70' lang='grc' dir='ltr'>ἀνθρωπίνης</span> <span class='ocrx_word' id='word_1_354' title='bbox 969 3067 1300 3140; x_wconf 77' lang='grc' dir='ltr'>προσλήψει,</span> <span class='ocrx_word' id='word_1_355' title='bbox 1355 3070 1405 3123; x_wconf 83' lang='grc' dir='ltr'>εἰ</span> <span class='ocrx_word' id='word_1_356' title='bbox 1464 3069 1560 3123; x_wconf 81' lang='grc' dir='ltr'>καὶ</span> <span class='ocrx_word' id='word_1_357' title='bbox 1601 3068 1919 3142; x_wconf 83' lang='grc' dir='ltr'>ἀπροσώπῳ</span> <span class='ocrx_word' id='word_1_358' title='bbox 1972 3073 2006 3142; x_wconf 82' lang='grc' dir='ltr'>ἡ</span> 
     </span>
    </p>
   </div>
   <div class='ocr_carea' id='block_1_46' title="bbox 418 3158 2006 3233">
    <p class='ocr_par' dir='ltr' id='par_1_46' title="bbox 418 3158 2006 3233">
     <span class='ocr_line' id='line_1_46' title="bbox 418 3158 2006 3233; baseline 0.003 -20"><span class='ocrx_word' id='word_1_359' title='bbox 418 3159 559 3231; x_wconf 82' lang='grc' dir='ltr'>αὑτὴ</span> <span class='ocrx_word' id='word_1_360' title='bbox 590 3158 888 3225; x_wconf 85' lang='grc' dir='ltr'>ὑπόστασις</span> <span class='ocrx_word' id='word_1_361' title='bbox 920 3160 1017 3214; x_wconf 89' lang='grc' dir='ltr'><strong>τοῦ</strong></span> <span class='ocrx_word' id='word_1_362' title='bbox 1045 3162 1222 3230; x_wconf 83' lang='grc' dir='ltr'>Λόγου</span> <span class='ocrx_word' id='word_1_363' title='bbox 1243 3178 1257 3193; x_wconf 90' lang='grc'><strong>·</strong></span> <span class='ocrx_word' id='word_1_364' title='bbox 1283 3162 1333 3215; x_wconf 76' lang='grc' dir='ltr'>εἰ</span> <span class='ocrx_word' id='word_1_365' title='bbox 1366 3161 1467 3231; x_wconf 82' lang='grc' dir='ltr'>μὲν</span> <span class='ocrx_word' id='word_1_366' title='bbox 1499 3162 1609 3233; x_wconf 83' lang='grc' dir='ltr'><strong>γάρ</strong></span> <span class='ocrx_word' id='word_1_367' title='bbox 1639 3164 1735 3217; x_wconf 80' lang='grc' dir='ltr'>καὶ</span> <span class='ocrx_word' id='word_1_368' title='bbox 1762 3164 2006 3217; x_wconf 90' lang='grc' dir='ltr'>ὑπόστα-</span> 
     </span>
    </p>
   </div>
   <div class='ocr_carea' id='block_1_47' title="bbox 419 3254 2005 3327">
    <p class='ocr_par' dir='ltr' id='par_1_47' title="bbox 419 3254 2005 3327">
     <span class='ocr_line' id='line_1_47' title="bbox 419 3254 2005 3327; baseline 0.002 -21"><span class='ocrx_word' id='word_1_369' title='bbox 419 3270 506 3307; x_wconf 89' lang='grc' dir='ltr'><strong>σιν</strong></span> <span class='ocrx_word' id='word_1_370' title='bbox 551 3254 756 3325; x_wconf 84' lang='grc' dir='ltr'>σαρκδς</span> <span class='ocrx_word' id='word_1_371' title='bbox 790 3254 1159 3327; x_wconf 75' lang='grc' dir='ltr'>προσελάϐετο</span> <span class='ocrx_word' id='word_1_372' title='bbox 1192 3256 1225 3327; x_wconf 82' lang='grc' dir='ltr'><strong>ή</strong></span> <span class='ocrx_word' id='word_1_373' title='bbox 1254 3254 1554 3319; x_wconf 87' lang='grc' dir='ltr'>ὑπόστασις</span> <span class='ocrx_word' id='word_1_374' title='bbox 1582 3254 1678 3309; x_wconf 92' lang='grc' dir='ltr'><strong>τοῦ</strong></span> <span class='ocrx_word' id='word_1_375' title='bbox 1709 3256 1909 3324; x_wconf 88' lang='grc' dir='ltr'>Λόγου,</span> <span class='ocrx_word' id='word_1_376' title='bbox 1944 3256 2005 3309; x_wconf 90' lang='grc' dir='ltr'><strong>ού</strong></span> 
     </span>
    </p>
   </div>
   <div class='ocr_carea' id='block_1_48' title="bbox 418 3344 2002 3419">
    <p class='ocr_par' dir='ltr' id='par_1_48' title="bbox 418 3344 2002 3419">
     <span class='ocr_line' id='line_1_48' title="bbox 418 3344 2002 3419; baseline 0.002 -21"><span class='ocrx_word' id='word_1_377' title='bbox 418 3344 644 3415; x_wconf 83' lang='grc' dir='ltr'>γέγονεν</span> <span class='ocrx_word' id='word_1_378' title='bbox 664 3348 692 3400; x_wconf 93' lang='lat'><strong>6</strong></span> <span class='ocrx_word' id='word_1_379' title='bbox 712 3347 886 3416; x_wconf 87' lang='grc' dir='ltr'>Λόγος</span> <span class='ocrx_word' id='word_1_380' title='bbox 915 3346 1074 3418; x_wconf 84' lang='grc' dir='ltr'>σὰρξ,</span> <span class='ocrx_word' id='word_1_381' title='bbox 1104 3347 1517 3419; x_wconf 79' lang='grc' dir='ltr'>ἀλλ”ὲκτήσατο</span> <span class='ocrx_word' id='word_1_382' title='bbox 1549 3347 1727 3417; x_wconf 81' lang='grc' dir='ltr'>σάρκα</span> <span class='ocrx_word' id='word_1_383' title='bbox 1756 3350 1785 3401; x_wconf 87' lang='lat'><strong>6</strong></span> <span class='ocrx_word' id='word_1_384' title='bbox 1809 3348 2002 3416; x_wconf 84' lang='grc' dir='ltr'>Λόγος·</span> 
     </span>
    </p>
   </div>
   <div class='ocr_carea' id='block_1_49' title="bbox 2042 2058 2090 2117">
    <p class='ocr_par' dir='ltr' id='par_1_49' title="bbox 2042 2058 2090 2117">
     <span class='ocr_line' id='line_1_49' title="bbox 2042 2058 2090 2117; baseline 0 -2"><span class='ocrx_word' id='word_1_385' title='bbox 2042 2058 2090 2117; x_wconf 86' lang='grc' dir='ltr'><strong>Β</strong></span> 
     </span>
    </p>
   </div>
   <div class='ocr_carea' id='block_1_50' title="bbox 2717 2046 3138 2105">
    <p class='ocr_par' dir='ltr' id='par_1_50' title="bbox 2717 2046 3138 2105">
     <span class='ocr_line' id='line_1_50' title="bbox 2717 2046 3138 2105; baseline 0 0"><span class='ocrx_word' id='word_1_386' title='bbox 2717 2048 2874 2105; x_wconf 80' lang='lat' dir='ltr'><strong>CAP.</strong></span> <span class='ocrx_word' id='word_1_387' title='bbox 2915 2046 3138 2105; x_wconf 78' lang='lat' dir='ltr'><strong>XXXV.</strong></span> 
     </span>
    </p>
   </div>
   <div class='ocr_carea' id='block_1_51' title="bbox 2184 2140 3706 2213">
    <p class='ocr_par' dir='ltr' id='par_1_51' title="bbox 2184 2140 3706 2213">
     <span class='ocr_line' id='line_1_51' title="bbox 2184 2140 3706 2213; baseline -0.003 -13"><span class='ocrx_word' id='word_1_388' title='bbox 2184 2142 2241 2200; x_wconf 90' lang='lat' dir='ltr'><strong>Si</strong></span> <span class='ocrx_word' id='word_1_389' title='bbox 2272 2142 2517 2200; x_wconf 81' lang='lat' dir='ltr'><strong>Verbum</strong></span> <span class='ocrx_word' id='word_1_390' title='bbox 2549 2150 2634 2197; x_wconf 85' lang='lat' dir='ltr'><strong>est</strong></span> <span class='ocrx_word' id='word_1_391' title='bbox 2665 2142 2832 2197; x_wconf 90' lang='lat' dir='ltr'><strong>simul</strong></span> <span class='ocrx_word' id='word_1_392' title='bbox 2870 2140 3019 2213; x_wconf 91' lang='lat' dir='ltr'><strong>quod</strong></span> <span class='ocrx_word' id='word_1_393' title='bbox 3051 2148 3193 2207; x_wconf 85' lang='lat' dir='ltr'><strong>erat,</strong></span> <span class='ocrx_word' id='word_1_394' title='bbox 3230 2147 3289 2196; x_wconf 93' lang='lat' dir='ltr'><strong>et</strong></span> <span class='ocrx_word' id='word_1_395' title='bbox 3316 2140 3465 2212; x_wconf 91' lang='lat' dir='ltr'><strong>quod</strong></span> <span class='ocrx_word' id='word_1_396' title='bbox 3499 2141 3706 2198; x_wconf 88' lang='lat' dir='ltr'><strong>factum</strong></span> 
     </span>
    </p>
   </div>
   <div class='ocr_carea' id='block_1_52' title="bbox 2111 2233 3706 2305">
    <p class='ocr_par' dir='ltr' id='par_1_52' title="bbox 2111 2233 3706 2305">
     <span class='ocr_line' id='line_1_52' title="bbox 2111 2233 3706 2305; baseline 0.001 -17"><span class='ocrx_word' id='word_1_397' title='bbox 2111 2243 2217 2301; x_wconf 77' lang='lat' dir='ltr'><strong>est,</strong></span> <span class='ocrx_word' id='word_1_398' title='bbox 2249 2243 2306 2291; x_wconf 90' lang='lat' dir='ltr'><strong>et</strong></span> <span class='ocrx_word' id='word_1_399' title='bbox 2335 2244 2456 2290; x_wconf 91' lang='lat' dir='ltr'><strong>erat</strong></span> <span class='ocrx_word' id='word_1_400' title='bbox 2484 2236 2649 2301; x_wconf 89' lang='lat' dir='ltr'><strong>Deus,</strong></span> <span class='ocrx_word' id='word_1_401' title='bbox 2676 2233 2855 2290; x_wconf 87' lang='lat' dir='ltr'><strong>factus</strong></span> <span class='ocrx_word' id='word_1_402' title='bbox 2896 2243 2984 2290; x_wconf 90' lang='lat' dir='ltr'><strong>est</strong></span> <span class='ocrx_word' id='word_1_403' title='bbox 3024 2234 3193 2289; x_wconf 89' lang='lat' dir='ltr'><strong>homo</strong></span> <span class='ocrx_word' id='word_1_404' title='bbox 3227 2233 3284 2288; x_wconf 93' lang='lat' dir='ltr'><strong>in</strong></span> <span class='ocrx_word' id='word_1_405' title='bbox 3312 2250 3420 2288; x_wconf 89' lang='lat' dir='ltr'><strong>una</strong></span> <span class='ocrx_word' id='word_1_406' title='bbox 3464 2250 3706 2305; x_wconf 88' lang='lat' dir='ltr'><strong>persona</strong></span> 
     </span>
    </p>
   </div>
   <div class='ocr_carea' id='block_1_53' title="bbox 2110 2323 3708 2397">
    <p class='ocr_par' dir='ltr' id='par_1_53' title="bbox 2110 2323 3708 2397">
     <span class='ocr_line' id='line_1_53' title="bbox 2110 2323 3708 2397; baseline -0.002 -14"><span class='ocrx_word' id='word_1_407' title='bbox 2110 2326 2301 2393; x_wconf 88' lang='lat' dir='ltr'><strong>Verbi,</strong></span> <span class='ocrx_word' id='word_1_408' title='bbox 2330 2336 2629 2397; x_wconf 90' lang='lat' dir='ltr'><strong>utrumque</strong></span> <span class='ocrx_word' id='word_1_409' title='bbox 2655 2341 2767 2381; x_wconf 92' lang='lat' dir='ltr'><strong>non</strong></span> <span class='ocrx_word' id='word_1_410' title='bbox 2796 2332 2979 2397; x_wconf 91' lang='lat' dir='ltr'><strong>potest</strong></span> <span class='ocrx_word' id='word_1_411' title='bbox 3006 2324 3234 2389; x_wconf 88' lang='lat' dir='ltr'><strong>salvari,</strong></span> <span class='ocrx_word' id='word_1_412' title='bbox 3255 2323 3529 2394; x_wconf 85' lang='lat' dir='ltr'><strong>siquidem</strong></span> <span class='ocrx_word' id='word_1_413' title='bbox 3555 2333 3708 2381; x_wconf 85' lang='lat' dir='ltr'><strong>totus</strong></span> 
     </span>
    </p>
   </div>
   <div class='ocr_carea' id='block_1_54' title="bbox 2114 2416 3701 2486">
    <p class='ocr_par' dir='ltr' id='par_1_54' title="bbox 2114 2416 3701 2486">
     <span class='ocr_line' id='line_1_54' title="bbox 2114 2416 3701 2486; baseline -0.001 -15"><span class='ocrx_word' id='word_1_414' title='bbox 2114 2416 2279 2472; x_wconf 90' lang='lat' dir='ltr'><strong>homo</strong></span> <span class='ocrx_word' id='word_1_415' title='bbox 2312 2417 2494 2473; x_wconf 84' lang='lat' dir='ltr'><strong>factus</strong></span> <span class='ocrx_word' id='word_1_416' title='bbox 2520 2425 2625 2483; x_wconf 90' lang='lat' dir='ltr'><strong>est,</strong></span> <span class='ocrx_word' id='word_1_417' title='bbox 2663 2433 2789 2473; x_wconf 89' lang='lat' dir='ltr'><strong>cum</strong></span> <span class='ocrx_word' id='word_1_418' title='bbox 2821 2424 3022 2471; x_wconf 88' lang='lat' dir='ltr'><strong>natura</strong></span> <span class='ocrx_word' id='word_1_419' title='bbox 3060 2425 3119 2471; x_wconf 93' lang='lat' dir='ltr'><strong>et</strong></span> <span class='ocrx_word' id='word_1_420' title='bbox 3154 2430 3398 2486; x_wconf 89' lang='lat' dir='ltr'><strong>persona</strong></span> <span class='ocrx_word' id='word_1_421' title='bbox 3437 2416 3701 2472; x_wconf 84' lang='lat' dir='ltr'><strong>hominis.</strong></span> 
     </span>
    </p>
   </div>
   <div class='ocr_carea' id='block_1_55' title="bbox 2112 2509 3707 2581">
    <p class='ocr_par' dir='ltr' id='par_1_55' title="bbox 2112 2509 3707 2581">
     <span class='ocr_line' id='line_1_55' title="bbox 2112 2509 3707 2581; baseline 0 -17"><span class='ocrx_word' id='word_1_422' title='bbox 2112 2509 2170 2565; x_wconf 90' lang='lat' dir='ltr'><strong>Si</strong></span> <span class='ocrx_word' id='word_1_423' title='bbox 2201 2519 2397 2565; x_wconf 85' lang='lat' dir='ltr'><strong>natura</strong></span> <span class='ocrx_word' id='word_1_424' title='bbox 2425 2512 2596 2565; x_wconf 89' lang='lat' dir='ltr'><strong>Deum</strong></span> <span class='ocrx_word' id='word_1_425' title='bbox 2628 2509 2841 2566; x_wconf 80' lang='lat' dir='ltr'><strong>ferente</strong></span> <span class='ocrx_word' id='word_1_426' title='bbox 2871 2511 3018 2565; x_wconf 90' lang='lat' dir='ltr'><strong>Deus</strong></span> <span class='ocrx_word' id='word_1_427' title='bbox 3050 2520 3172 2566; x_wconf 88' lang='lat' dir='ltr'><strong>erat</strong></span> <span class='ocrx_word' id='word_1_428' title='bbox 3202 2509 3469 2576; x_wconf 82' lang='lat' dir='ltr'><strong>Verbum,</strong></span> <span class='ocrx_word' id='word_1_429' title='bbox 3504 2524 3707 2581; x_wconf 86' lang='lat' dir='ltr'><strong>nempe</strong></span> 
     </span>
    </p>
   </div>
   <div class='ocr_carea' id='block_1_56' title="bbox 2111 2600 3703 2672">
    <p class='ocr_par' dir='ltr' id='par_1_56' title="bbox 2111 2600 3703 2672">
     <span class='ocr_line' id='line_1_56' title="bbox 2111 2600 3703 2672; baseline -0.003 -16"><span class='ocrx_word' id='word_1_430' title='bbox 2111 2610 2307 2656; x_wconf 88' lang='lat' dir='ltr'><strong>natura</strong></span> <span class='ocrx_word' id='word_1_431' title='bbox 2350 2601 2537 2656; x_wconf 90' lang='lat' dir='ltr'><strong>divina</strong></span> <span class='ocrx_word' id='word_1_432' title='bbox 2586 2600 2907 2672; x_wconf 64' lang='lat' dir='ltr'><strong>praeditum,</strong></span> <span class='ocrx_word' id='word_1_433' title='bbox 2943 2616 3099 2655; x_wconf 84' lang='lat' dir='ltr'><strong>suam</strong></span> <span class='ocrx_word' id='word_1_434' title='bbox 3148 2615 3444 2671; x_wconf 88' lang='lat' dir='ltr'><strong>personam</strong></span> <span class='ocrx_word' id='word_1_435' title='bbox 3482 2600 3703 2663; x_wconf 84' lang='lat' dir='ltr'><strong>babu.t,</strong></span> 
     </span>
    </p>
   </div>
   <div class='ocr_carea' id='block_1_57' title="bbox 2111 2690 3704 2764">
    <p class='ocr_par' dir='ltr' id='par_1_57' title="bbox 2111 2690 3704 2764">
     <span class='ocr_line' id='line_1_57' title="bbox 2111 2690 3704 2764; baseline -0.001 -16"><span class='ocrx_word' id='word_1_436' title='bbox 2111 2708 2223 2748; x_wconf 91' lang='lat' dir='ltr'><strong>non</strong></span> <span class='ocrx_word' id='word_1_437' title='bbox 2270 2692 2419 2764; x_wconf 89' lang='lat' dir='ltr'><strong>quod</strong></span> <span class='ocrx_word' id='word_1_438' title='bbox 2453 2693 2546 2748; x_wconf 91' lang='lat' dir='ltr'><strong>illa</strong></span> <span class='ocrx_word' id='word_1_439' title='bbox 2581 2709 2819 2763; x_wconf 88' lang='lat' dir='ltr'><strong>persona</strong></span> <span class='ocrx_word' id='word_1_440' title='bbox 2851 2692 3111 2747; x_wconf 86' lang='lat' dir='ltr'><strong>absolute</strong></span> <span class='ocrx_word' id='word_1_441' title='bbox 3141 2692 3291 2746; x_wconf 89' lang='lat' dir='ltr'><strong>Deus</strong></span> <span class='ocrx_word' id='word_1_442' title='bbox 3312 2693 3405 2755; x_wconf 91' lang='lat' dir='ltr'><strong>sit,</strong></span> <span class='ocrx_word' id='word_1_443' title='bbox 3444 2690 3541 2746; x_wconf 93' lang='lat' dir='ltr'><strong>sed</strong></span> <span class='ocrx_word' id='word_1_444' title='bbox 3572 2690 3704 2761; x_wconf 86' lang='lat' dir='ltr'><strong>quia</strong></span> 
     </span>
    </p>
   </div>
   <div class='ocr_carea' id='block_1_58' title="bbox 2113 2781 3707 2852">
    <p class='ocr_par' dir='ltr' id='par_1_58' title="bbox 2113 2781 3707 2852">
     <span class='ocr_line' id='line_1_58' title="bbox 2113 2781 3707 2852; baseline -0.001 -15"><span class='ocrx_word' id='word_1_445' title='bbox 2113 2783 2239 2838; x_wconf 91' lang='lat' dir='ltr'><strong>talis</strong></span> <span class='ocrx_word' id='word_1_446' title='bbox 2278 2791 2487 2839; x_wconf 71' lang='lat' dir='ltr'><strong>natura:</strong></span> <span class='ocrx_word' id='word_1_447' title='bbox 2534 2792 2657 2839; x_wconf 90' lang='lat' dir='ltr'><strong>erat</strong></span> <span class='ocrx_word' id='word_1_448' title='bbox 2692 2783 2808 2837; x_wconf 66' lang='lat' dir='ltr'><strong>haec</strong></span> <span class='ocrx_word' id='word_1_449' title='bbox 2854 2797 3113 2852; x_wconf 90' lang='lat' dir='ltr'><strong>persona.</strong></span> <span class='ocrx_word' id='word_1_450' title='bbox 3148 2781 3324 2837; x_wconf 91' lang='lat' dir='ltr'><strong>Secus</strong></span> <span class='ocrx_word' id='word_1_451' title='bbox 3354 2782 3505 2837; x_wconf 89' lang='lat' dir='ltr'><strong>enim</strong></span> <span class='ocrx_word' id='word_1_452' title='bbox 3558 2781 3707 2837; x_wconf 89' lang='lat' dir='ltr'><strong>Deus</strong></span> 
     </span>
    </p>
   </div>
   <div class='ocr_carea' id='block_1_59' title="bbox 2110 2875 3707 2945">
    <p class='ocr_par' dir='ltr' id='par_1_59' title="bbox 2110 2875 3707 2945">
     <span class='ocr_line' id='line_1_59' title="bbox 2110 2875 3707 2945; baseline 0.001 -18"><span class='ocrx_word' id='word_1_453' title='bbox 2110 2889 2223 2929; x_wconf 93' lang='lat' dir='ltr'><strong>non</strong></span> <span class='ocrx_word' id='word_1_454' title='bbox 2252 2885 2400 2931; x_wconf 85' lang='lat' dir='ltr'><strong>esset</strong></span> <span class='ocrx_word' id='word_1_455' title='bbox 2432 2876 2615 2942; x_wconf 86' lang='lat' dir='ltr'><strong>Pater,</strong></span> <span class='ocrx_word' id='word_1_456' title='bbox 2652 2876 2747 2945; x_wconf 91' lang='lat' dir='ltr'><strong>qui</strong></span> <span class='ocrx_word' id='word_1_457' title='bbox 2779 2875 3030 2929; x_wconf 86' lang='lat' dir='ltr'><strong>eamdem</strong></span> <span class='ocrx_word' id='word_1_458' title='bbox 3069 2890 3361 2944; x_wconf 86' lang='lat' dir='ltr'><strong>personam</strong></span> <span class='ocrx_word' id='word_1_459' title='bbox 3396 2890 3506 2929; x_wconf 86' lang='lat' dir='ltr'><strong>non</strong></span> <span class='ocrx_word' id='word_1_460' title='bbox 3538 2875 3707 2930; x_wconf 86' lang='lat' dir='ltr'><strong>habet</strong></span> 
     </span>
    </p>
   </div>
   <div class='ocr_carea' id='block_1_60' title="bbox 2109 2966 3707 3037">
    <p class='ocr_par' dir='ltr' id='par_1_60' title="bbox 2109 2966 3707 3037">
     <span class='ocr_line' id='line_1_60' title="bbox 2109 2966 3707 3037; baseline 0.002 -17"><span class='ocrx_word' id='word_1_461' title='bbox 2109 2976 2277 3036; x_wconf 90' lang='lat' dir='ltr'><strong>atque</strong></span> <span class='ocrx_word' id='word_1_462' title='bbox 2318 2966 2585 3022; x_wconf 85' lang='lat' dir='ltr'><strong>Verbum.</strong></span> <span class='ocrx_word' id='word_1_463' title='bbox 2647 2968 2711 3021; x_wconf 86' lang='lat' dir='ltr'><strong>Et</strong></span> <span class='ocrx_word' id='word_1_464' title='bbox 2750 2966 2977 3023; x_wconf 89' lang='lat' dir='ltr'><strong>aliunde</strong></span> <span class='ocrx_word' id='word_1_465' title='bbox 3022 2966 3191 3022; x_wconf 89' lang='lat' dir='ltr'><strong>Verbi</strong></span> <span class='ocrx_word' id='word_1_466' title='bbox 3242 2983 3477 3037; x_wconf 81' lang='lat' dir='ltr'><strong>persona</strong></span> <span class='ocrx_word' id='word_1_467' title='bbox 3536 2968 3707 3023; x_wconf 90' lang='lat' dir='ltr'><strong>homo</strong></span> 
     </span>
    </p>
   </div>
   <div class='ocr_carea' id='block_1_61' title="bbox 2108 3056 3703 3125">
    <p class='ocr_par' dir='ltr' id='par_1_61' title="bbox 2108 3056 3703 3125">
     <span class='ocr_line' id='line_1_61' title="bbox 2108 3056 3703 3125; baseline -0.001 -13"><span class='ocrx_word' id='word_1_468' title='bbox 2108 3056 2252 3112; x_wconf 82' lang='lat' dir='ltr'><strong>facta</strong></span> <span class='ocrx_word' id='word_1_469' title='bbox 2304 3067 2407 3125; x_wconf 86' lang='lat' dir='ltr'><strong>est,</strong></span> <span class='ocrx_word' id='word_1_470' title='bbox 2441 3073 2731 3113; x_wconf 83' lang='lat' dir='ltr'><strong>assumens</strong></span> <span class='ocrx_word' id='word_1_471' title='bbox 2768 3066 3026 3113; x_wconf 88' lang='lat' dir='ltr'><strong>naturam</strong></span> <span class='ocrx_word' id='word_1_472' title='bbox 3080 3058 3401 3119; x_wconf 89' lang='lat' dir='ltr'><strong>humanam,</strong></span> <span class='ocrx_word' id='word_1_473' title='bbox 3471 3063 3529 3111; x_wconf 90' lang='lat' dir='ltr'><strong>et</strong></span> <span class='ocrx_word' id='word_1_474' title='bbox 3580 3071 3703 3110; x_wconf 84' lang='lat' dir='ltr'><strong>eam</strong></span> 
     </span>
    </p>
   </div>
   <div class='ocr_carea' id='block_1_62' title="bbox 2110 3146 3707 3219">
    <p class='ocr_par' dir='ltr' id='par_1_62' title="bbox 2110 3146 3707 3219">
     <span class='ocr_line' id='line_1_62' title="bbox 2110 3146 3707 3219; baseline -0.001 -16"><span class='ocrx_word' id='word_1_475' title='bbox 2110 3148 2558 3219; x_wconf 89' lang='lat' dir='ltr'><strong>impersonalem.</strong></span> <span class='ocrx_word' id='word_1_476' title='bbox 2590 3151 2887 3204; x_wconf 88' lang='lat' dir='ltr'><strong>Personam</strong></span> <span class='ocrx_word' id='word_1_477' title='bbox 2925 3150 3073 3205; x_wconf 90' lang='lat' dir='ltr'><strong>enim</strong></span> <span class='ocrx_word' id='word_1_478' title='bbox 3108 3149 3292 3203; x_wconf 89' lang='lat' dir='ltr'><strong>carnis</strong></span> <span class='ocrx_word' id='word_1_479' title='bbox 3318 3148 3363 3202; x_wconf 88' lang='lat' dir='ltr'><strong>si</strong></span> <span class='ocrx_word' id='word_1_480' title='bbox 3401 3146 3707 3215; x_wconf 89' lang='lat' dir='ltr'><strong>accepisset</strong></span> 
     </span>
    </p>
   </div>
   <div class='ocr_carea' id='block_1_63' title="bbox 2107 3238 3701 3312">
    <p class='ocr_par' dir='ltr' id='par_1_63' title="bbox 2107 3238 3701 3312">
     <span class='ocr_line' id='line_1_63' title="bbox 2107 3238 3701 3312; baseline -0.004 -13"><span class='ocrx_word' id='word_1_481' title='bbox 2107 3240 2276 3299; x_wconf 90' lang='lat' dir='ltr'><strong>Verbi</strong></span> <span class='ocrx_word' id='word_1_482' title='bbox 2328 3256 2588 3312; x_wconf 89' lang='lat' dir='ltr'><strong>persona,</strong></span> <span class='ocrx_word' id='word_1_483' title='bbox 2622 3242 2863 3297; x_wconf 89' lang='lat' dir='ltr'><strong>Verbum</strong></span> <span class='ocrx_word' id='word_1_484' title='bbox 2907 3257 3039 3297; x_wconf 90' lang='lat' dir='ltr'><strong>caro</strong></span> <span class='ocrx_word' id='word_1_485' title='bbox 3087 3257 3199 3296; x_wconf 91' lang='lat' dir='ltr'><strong>non</strong></span> <span class='ocrx_word' id='word_1_486' title='bbox 3241 3240 3446 3295; x_wconf 86' lang='lat' dir='ltr'><strong>factum</strong></span> <span class='ocrx_word' id='word_1_487' title='bbox 3478 3238 3701 3305; x_wconf 80' lang='lat' dir='ltr'><strong>fuisset,</strong></span> 
     </span>
    </p>
   </div>
   <div class='ocr_carea' id='block_1_64' title="bbox 2109 3331 3707 3404">
    <p class='ocr_par' dir='ltr' id='par_1_64' title="bbox 2109 3331 3707 3404">
     <span class='ocr_line' id='line_1_64' title="bbox 2109 3331 3707 3404; baseline -0.003 -14"><span class='ocrx_word' id='word_1_488' title='bbox 2109 3334 2207 3391; x_wconf 87' lang='lat' dir='ltr'><strong>sed</strong></span> <span class='ocrx_word' id='word_1_489' title='bbox 2254 3349 2477 3390; x_wconf 84' lang='lat' dir='ltr'><strong>carnem</strong></span> <span class='ocrx_word' id='word_1_490' title='bbox 2530 3333 2955 3404; x_wconf 86' lang='lat' dir='ltr'><strong>aequisivisset;</strong></span> <span class='ocrx_word' id='word_1_491' title='bbox 3011 3342 3068 3389; x_wconf 89' lang='lat' dir='ltr'><strong>et</strong></span> <span class='ocrx_word' id='word_1_492' title='bbox 3101 3334 3170 3398; x_wconf 91' lang='lat' dir='ltr'><strong>si,</strong></span> <span class='ocrx_word' id='word_1_493' title='bbox 3225 3343 3285 3389; x_wconf 94' lang='lat' dir='ltr'><strong>ut</strong></span> <span class='ocrx_word' id='word_1_494' title='bbox 3341 3347 3595 3404; x_wconf 86' lang='lat' dir='ltr'><strong>persona,</strong></span> <span class='ocrx_word' id='word_1_495' title='bbox 3631 3331 3707 3385; x_wconf 88' lang='lat' dir='ltr'><strong>ita</strong></span> 
     </span>
    </p>
   </div>
   <div class='ocr_carea' id='block_1_65' title="bbox 420 3421 2011 3513">
    <p class='ocr_par' dir='ltr' id='par_1_65' title="bbox 420 3439 2009 3513">
     <span class='ocr_line' id='line_1_65' title="bbox 420 3439 2009 3513; baseline 0.002 -21"><span class='ocrx_word' id='word_1_496' title='bbox 420 3441 468 3493; x_wconf 78' lang='lat' dir='ltr'><strong>sl</strong></span> <span class='ocrx_word' id='word_1_497' title='bbox 499 3439 557 3494; x_wconf 83' lang='grc' dir='ltr'><strong>δὲ</strong></span> <span class='ocrx_word' id='word_1_498' title='bbox 589 3440 682 3495; x_wconf 78' lang='grc' dir='ltr'>καὶ</span> <span class='ocrx_word' id='word_1_499' title='bbox 714 3442 749 3512; x_wconf 78' lang='grc' dir='ltr'>ἡ</span> <span class='ocrx_word' id='word_1_500' title='bbox 797 3440 963 3511; x_wconf 83' lang='grc' dir='ltr'>φύσις</span> <span class='ocrx_word' id='word_1_501' title='bbox 996 3441 1165 3495; x_wconf 87' lang='grc' dir='ltr'>αὑτοῦ</span> <span class='ocrx_word' id='word_1_502' title='bbox 1191 3442 1387 3511; x_wconf 80' lang='grc' dir='ltr'>γέγονε</span> <span class='ocrx_word' id='word_1_503' title='bbox 1423 3442 1629 3512; x_wconf 80' lang='grc' dir='ltr'>σαρκὸς</span> <span class='ocrx_word' id='word_1_504' title='bbox 1658 3440 1842 3511; x_wconf 84' lang='grc' dir='ltr'>φύσις,</span> <span class='ocrx_word' id='word_1_505' title='bbox 1870 3442 1946 3505; x_wconf 89' lang='grc' dir='ltr'><strong>ώς</strong></span> <span class='ocrx_word' id='word_1_506' title='bbox 1974 3442 2009 3513; x_wconf 83' lang='grc' dir='ltr'><strong>ἡ</strong></span> 
     </span>
    </p>
   </div>
   <div class='ocr_carea' id='block_1_66' title="bbox 2113 3421 3705 3513">
    <p class='ocr_par' dir='ltr' id='par_1_66' title="bbox 2113 3422 3705 3495">
     <span class='ocr_line' id='line_1_66' title="bbox 2113 3422 3705 3495; baseline -0.003 -14"><span class='ocrx_word' id='word_1_507' title='bbox 2113 3436 2311 3481; x_wconf 88' lang='lat' dir='ltr'><strong>natura</strong></span> <span class='ocrx_word' id='word_1_508' title='bbox 2356 3424 2530 3495; x_wconf 87' lang='lat' dir='ltr'><strong>ipsius</strong></span> <span class='ocrx_word' id='word_1_509' title='bbox 2562 3424 2705 3480; x_wconf 86' lang='lat' dir='ltr'><strong>facta</strong></span> <span class='ocrx_word' id='word_1_510' title='bbox 2751 3424 2947 3481; x_wconf 87' lang='lat' dir='ltr'><strong>fuisset</strong></span> <span class='ocrx_word' id='word_1_511' title='bbox 2998 3434 3195 3480; x_wconf 85' lang='lat' dir='ltr'><strong>natura</strong></span> <span class='ocrx_word' id='word_1_512' title='bbox 3224 3426 3427 3489; x_wconf 89' lang='lat' dir='ltr'><strong>carnis,</strong></span> <span class='ocrx_word' id='word_1_513' title='bbox 3459 3422 3705 3477; x_wconf 86' lang='lat' dir='ltr'><strong>Verbum</strong></span> 
     </span>
    </p>
   </div>
   <div class='ocr_carea' id='block_1_67' title="bbox 420 3534 2010 3607">
    <p class='ocr_par' dir='ltr' id='par_1_67' title="bbox 420 3534 2010 3607">
     <span class='ocr_line' id='line_1_67' title="bbox 420 3534 2010 3607; baseline 0.001 -19"><span class='ocrx_word' id='word_1_514' title='bbox 420 3534 741 3597; x_wconf 86' lang='grc' dir='ltr'>ὑπόστασις,</span> <span class='ocrx_word' id='word_1_515' title='bbox 775 3534 878 3587; x_wconf 89' lang='grc' dir='ltr'><strong>οὑκ</strong></span> <span class='ocrx_word' id='word_1_516' title='bbox 921 3534 1238 3604; x_wconf 77' lang='grc' dir='ltr'>ἐσκήνωσεν</span> <span class='ocrx_word' id='word_1_517' title='bbox 1272 3536 1330 3588; x_wconf 80' lang='grc' dir='ltr'>ἐν</span> <span class='ocrx_word' id='word_1_518' title='bbox 1374 3537 1511 3607; x_wconf 78' lang='grc' dir='ltr'>ἡμῖν</span> <span class='ocrx_word' id='word_1_519' title='bbox 1555 3539 1668 3599; x_wconf 87' lang='grc' dir='ltr'>τοῖς</span> <span class='ocrx_word' id='word_1_520' title='bbox 1703 3539 2010 3606; x_wconf 82' lang='grc' dir='ltr'>σαρκικοῖς,</span> 
     </span>
    </p>
   </div>
   <div class='ocr_carea' id='block_1_68' title="bbox 419 3625 2013 3699">
    <p class='ocr_par' dir='ltr' id='par_1_68' title="bbox 419 3625 2013 3699">
     <span class='ocr_line' id='line_1_68' title="bbox 419 3625 2013 3699; baseline 0.003 -21"><span class='ocrx_word' id='word_1_521' title='bbox 419 3625 587 3697; x_wconf 69' lang='grc' dir='ltr'>ἧγουν</span> <span class='ocrx_word' id='word_1_522' title='bbox 608 3627 686 3689; x_wconf 79' lang='grc' dir='ltr'>εἰς</span> <span class='ocrx_word' id='word_1_523' title='bbox 710 3626 911 3697; x_wconf 77' lang='grc' dir='ltr'>σάρκα,</span> <span class='ocrx_word' id='word_1_524' title='bbox 944 3626 1059 3680; x_wconf 81' lang='grc' dir='ltr'>ἀλλ’</span> <span class='ocrx_word' id='word_1_525' title='bbox 1095 3627 1311 3699; x_wconf 75' lang='grc' dir='ltr'>ἐτράπη</span> <span class='ocrx_word' id='word_1_526' title='bbox 1336 3629 1417 3691; x_wconf 81' lang='grc' dir='ltr'><strong>εἰς</strong></span> <span class='ocrx_word' id='word_1_527' title='bbox 1444 3627 1618 3699; x_wconf 84' lang='grc' dir='ltr'>αὑτὴν</span> <span class='ocrx_word' id='word_1_528' title='bbox 1644 3630 1673 3682; x_wconf 92' lang='lat'><strong>6</strong></span> <span class='ocrx_word' id='word_1_529' title='bbox 1700 3629 1894 3697; x_wconf 76' lang='grc' dir='ltr'>Λόγοςσ</span> <span class='ocrx_word' id='word_1_530' title='bbox 1922 3628 2013 3682; x_wconf 84' lang='grc' dir='ltr'><strong>δύ-</strong></span> 
     </span>
    </p>
   </div>
   <div class='ocr_carea' id='block_1_69' title="bbox 419 3715 2015 3793">
    <p class='ocr_par' dir='ltr' id='par_1_69' title="bbox 419 3715 2015 3793">
     <span class='ocr_line' id='line_1_69' title="bbox 419 3715 2015 3793; baseline 0.002 -22"><span class='ocrx_word' id='word_1_531' title='bbox 419 3735 579 3771; x_wconf 92' lang='grc' dir='ltr'>ναται</span> <span class='ocrx_word' id='word_1_532' title='bbox 596 3715 691 3771; x_wconf 83' lang='grc' dir='ltr'>οὖν</span> <span class='ocrx_word' id='word_1_533' title='bbox 708 3718 777 3771; x_wconf 84' lang='grc' dir='ltr'><strong>τά</strong></span> <span class='ocrx_word' id='word_1_534' title='bbox 794 3719 1000 3787; x_wconf 73' lang='grc' dir='ltr'>φυσικὰ</span> <span class='ocrx_word' id='word_1_535' title='bbox 1027 3719 1269 3790; x_wconf 84' lang='grc' dir='ltr'>ὀνόματα</span> <span class='ocrx_word' id='word_1_536' title='bbox 1286 3720 1573 3793; x_wconf 81' lang='grc' dir='ltr'>ἀμφότερα</span> <span class='ocrx_word' id='word_1_537' title='bbox 1592 3720 1779 3791; x_wconf 86' lang='grc' dir='ltr'>φέρειν</span> <span class='ocrx_word' id='word_1_538' title='bbox 1799 3721 1827 3773; x_wconf 89' lang='lat'><strong>6</strong></span> <span class='ocrx_word' id='word_1_539' title='bbox 1842 3720 2015 3789; x_wconf 82' lang='grc' dir='ltr'>Λόγος</span> 
     </span>
    </p>
   </div>
   <div class='ocr_carea' id='block_1_70' title="bbox 398 3807 2014 3883">
    <p class='ocr_par' dir='ltr' id='par_1_70' title="bbox 398 3807 2014 3883">
     <span class='ocr_line' id='line_1_70' title="bbox 398 3807 2014 3883; baseline 0.001 -21"><span class='ocrx_word' id='word_1_540' title='bbox 398 3809 480 3862; x_wconf 78' lang='grc' dir='ltr'><strong>’ὲν</strong></span> <span class='ocrx_word' id='word_1_541' title='bbox 514 3807 587 3879; x_wconf 82' lang='grc' dir='ltr'>τῷ</span> <span class='ocrx_word' id='word_1_542' title='bbox 618 3808 702 3862; x_wconf 78' lang='grc' dir='ltr'><strong>ἐνὶ</strong></span> <span class='ocrx_word' id='word_1_543' title='bbox 739 3809 920 3879; x_wconf 86' lang='grc' dir='ltr'>διφυεῖ</span> <span class='ocrx_word' id='word_1_544' title='bbox 946 3808 1063 3874; x_wconf 89' lang='grc' dir='ltr'>νῦν,</span> <span class='ocrx_word' id='word_1_545' title='bbox 1120 3808 1293 3863; x_wconf 83' lang='grc' dir='ltr'>πάλαι</span> <span class='ocrx_word' id='word_1_546' title='bbox 1321 3810 1379 3864; x_wconf 84' lang='grc' dir='ltr'>δὲ</span> <span class='ocrx_word' id='word_1_547' title='bbox 1428 3813 1689 3881; x_wconf 82' lang='grc' dir='ltr'>μονοφυεῖ</span> <span class='ocrx_word' id='word_1_548' title='bbox 1736 3810 2014 3883; x_wconf 81' lang='grc' dir='ltr'>προσώπῳ</span> 
     </span>
    </p>
   </div>
   <div class='ocr_carea' id='block_1_71' title="bbox 419 3900 2015 3975">
    <p class='ocr_par' dir='ltr' id='par_1_71' title="bbox 419 3900 2015 3975">
     <span class='ocr_line' id='line_1_71' title="bbox 419 3900 2015 3975; baseline 0.002 -20"><span class='ocrx_word' id='word_1_549' title='bbox 419 3901 619 3955; x_wconf 71' lang='grc' dir='ltr'>αὑτοῦο</span> <span class='ocrx_word' id='word_1_550' title='bbox 652 3903 701 3955; x_wconf 80' lang='grc' dir='ltr'>εἰ</span> <span class='ocrx_word' id='word_1_551' title='bbox 730 3903 787 3956; x_wconf 77' lang='grc' dir='ltr'><strong>δὲ</strong></span> <span class='ocrx_word' id='word_1_552' title='bbox 816 3901 966 3970; x_wconf 81' lang='grc' dir='ltr'>λέγοι</span> <span class='ocrx_word' id='word_1_553' title='bbox 1011 3918 1096 3963; x_wconf 88' lang='grc' dir='ltr'><strong>τις</strong></span> <span class='ocrx_word' id='word_1_554' title='bbox 1145 3901 1222 3972; x_wconf 81' lang='grc' dir='ltr'>μὴ</span> <span class='ocrx_word' id='word_1_555' title='bbox 1275 3900 1541 3956; x_wconf 87' lang='grc' dir='ltr'>δύνασθαι</span> <span class='ocrx_word' id='word_1_556' title='bbox 1573 3903 1763 3973; x_wconf 82' lang='grc' dir='ltr'>φέρειν</span> <span class='ocrx_word' id='word_1_557' title='bbox 1818 3904 2015 3975; x_wconf 83' lang='grc' dir='ltr'>ἑτέραν</span> 
     </span>
    </p>
   </div>
   <div class='ocr_carea' id='block_1_72' title="bbox 421 3994 2014 4067">
    <p class='ocr_par' dir='ltr' id='par_1_72' title="bbox 421 3994 2014 4067">
     <span class='ocr_line' id='line_1_72' title="bbox 421 3994 2014 4067; baseline 0.001 -19"><span class='ocrx_word' id='word_1_558' title='bbox 421 3994 584 4065; x_wconf 88' lang='grc' dir='ltr'>φύσιν</span> <span class='ocrx_word' id='word_1_559' title='bbox 618 3997 677 4048; x_wconf 82' lang='grc' dir='ltr'>ὲν</span> <span class='ocrx_word' id='word_1_560' title='bbox 731 3994 933 4066; x_wconf 83' lang='grc' dir='ltr'>ὲαυτῷ,</span> <span class='ocrx_word' id='word_1_561' title='bbox 992 3994 1102 4048; x_wconf 73' lang='grc' dir='ltr'>οὐδ’</span> <span class='ocrx_word' id='word_1_562' title='bbox 1131 3994 1241 4067; x_wconf 80' lang='grc' dir='ltr'>ἄρα</span> <span class='ocrx_word' id='word_1_563' title='bbox 1278 3994 1349 4048; x_wconf 81' lang='grc' dir='ltr'><strong>τά</strong></span> <span class='ocrx_word' id='word_1_564' title='bbox 1394 3995 1495 4065; x_wconf 80' lang='grc' dir='ltr'>τῆς</span> <span class='ocrx_word' id='word_1_565' title='bbox 1537 3999 1808 4067; x_wconf 90' lang='grc' dir='ltr'>σαρκικῆς</span> <span class='ocrx_word' id='word_1_566' title='bbox 1856 3996 2014 4067; x_wconf 71' lang='grc' dir='ltr'>ἡμῶν</span> 
     </span>
    </p>
   </div>
   <div class='ocr_carea' id='block_1_73' title="bbox 420 4085 1999 4160">
    <p class='ocr_par' dir='ltr' id='par_1_73' title="bbox 420 4085 1999 4160">
     <span class='ocr_line' id='line_1_73' title="bbox 420 4085 1999 4160; baseline 0.001 -19"><span class='ocrx_word' id='word_1_567' title='bbox 420 4086 637 4157; x_wconf 86' lang='grc' dir='ltr'>φύσεως</span> <span class='ocrx_word' id='word_1_568' title='bbox 661 4087 761 4157; x_wconf 77' lang='grc' dir='ltr'>τῆς</span> <span class='ocrx_word' id='word_1_569' title='bbox 785 4085 881 4139; x_wconf 89' lang='grc' dir='ltr'><strong>νῦν</strong></span> <span class='ocrx_word' id='word_1_570' title='bbox 903 4088 1175 4157; x_wconf 81' lang='grc' dir='ltr'>πρόσωπα</span> <span class='ocrx_word' id='word_1_571' title='bbox 1194 4088 1294 4160; x_wconf 83' lang='grc' dir='ltr'><strong>τὴν</strong></span> <span class='ocrx_word' id='word_1_572' title='bbox 1324 4089 1707 4159; x_wconf 81' lang='grc' dir='ltr'>πνευματικὴν</span> <span class='ocrx_word' id='word_1_573' title='bbox 1724 4088 1909 4159; x_wconf 79' lang='grc' dir='ltr'>φύσιν,</span> <span class='ocrx_word' id='word_1_574' title='bbox 1939 4092 1999 4143; x_wconf 81' lang='grc' dir='ltr'>ὲν</span> 
     </span>
    </p>
   </div>
   <div class='ocr_carea' id='block_1_74' title="bbox 418 4179 2008 4253">
    <p class='ocr_par' dir='ltr' id='par_1_74' title="bbox 418 4179 2008 4253">
     <span class='ocr_line' id='line_1_74' title="bbox 418 4179 2008 4253; baseline -0.001 -18"><span class='ocrx_word' id='word_1_575' title='bbox 418 4185 488 4253; x_wconf 81' lang='grc' dir='ltr'><strong>τῇ</strong></span> <span class='ocrx_word' id='word_1_576' title='bbox 518 4180 792 4253; x_wconf 80' lang='grc' dir='ltr'>μελλούσῃ</span> <span class='ocrx_word' id='word_1_577' title='bbox 819 4179 1119 4233; x_wconf 80' lang='grc' dir='ltr'>άναὸιώσει</span> <span class='ocrx_word' id='word_1_578' title='bbox 1154 4180 1549 4245; x_wconf 80' lang='grc' dir='ltr'>καταδέξονται</span> <span class='ocrx_word' id='word_1_579' title='bbox 1582 4182 1723 4236; x_wconf 90' lang='grc' dir='ltr'>αὑτά</span> <span class='ocrx_word' id='word_1_580' title='bbox 1746 4198 1760 4212; x_wconf 85' lang='grc'><em>’</em></span> <span class='ocrx_word' id='word_1_581' title='bbox 1801 4182 1917 4235; x_wconf 70' lang='grc' dir='ltr'>ἀλλ’</span> <span class='ocrx_word' id='word_1_582' title='bbox 1973 4181 2008 4253; x_wconf 82' lang='grc' dir='ltr'>ἢ</span> 
     </span>
    </p>
   </div>
   <div class='ocr_carea' id='block_1_75' title="bbox 419 4269 2012 4343">
    <p class='ocr_par' dir='ltr' id='par_1_75' title="bbox 419 4269 2012 4343">
     <span class='ocr_line' id='line_1_75' title="bbox 419 4269 2012 4343; baseline -0.001 -18"><span class='ocrx_word' id='word_1_583' title='bbox 419 4274 517 4326; x_wconf 77' lang='grc' dir='ltr'><strong>καὶ</strong></span> <span class='ocrx_word' id='word_1_584' title='bbox 562 4271 756 4343; x_wconf 80' lang='grc' dir='ltr'>ἐτέρας</span> <span class='ocrx_word' id='word_1_585' title='bbox 785 4270 1115 4333; x_wconf 86' lang='grc' dir='ltr'>ὑποστάσεις</span> <span class='ocrx_word' id='word_1_586' title='bbox 1148 4269 1383 4334; x_wconf 77' lang='grc' dir='ltr'>ἕξουσιν.</span> <span class='ocrx_word' id='word_1_587' title='bbox 1441 4269 1474 4341; x_wconf 80' lang='grc' dir='ltr'><strong>ἢ</strong></span> <span class='ocrx_word' id='word_1_588' title='bbox 1506 4270 1627 4325; x_wconf 85' lang='grc' dir='ltr'>οὑδὲ</span> <span class='ocrx_word' id='word_1_589' title='bbox 1682 4270 1785 4335; x_wconf 74' lang='grc' dir='ltr'><strong>τὰς</strong></span> <span class='ocrx_word' id='word_1_590' title='bbox 1818 4271 2012 4341; x_wconf 88' lang='grc' dir='ltr'>φύσεις</span> 
     </span>
    </p>
   </div>
   <div class='ocr_carea' id='block_1_76' title="bbox 418 4362 2012 4435">
    <p class='ocr_par' dir='ltr' id='par_1_76' title="bbox 418 4362 2012 4435">
     <span class='ocr_line' id='line_1_76' title="bbox 418 4362 2012 4435; baseline -0.001 -16"><span class='ocrx_word' id='word_1_591' title='bbox 418 4363 680 4435; x_wconf 83' lang='grc' dir='ltr'>ἀμείνους</span> <span class='ocrx_word' id='word_1_592' title='bbox 697 4380 711 4395; x_wconf 76' lang='grc' dir='ltr'><strong>ο</strong></span> <span class='ocrx_word' id='word_1_593' title='bbox 745 4362 966 4432; x_wconf 88' lang='grc' dir='ltr'>φύσεως</span> <span class='ocrx_word' id='word_1_594' title='bbox 992 4362 1049 4417; x_wconf 85' lang='grc' dir='ltr'><strong>δὲ</strong></span> <span class='ocrx_word' id='word_1_595' title='bbox 1074 4362 1169 4416; x_wconf 77' lang='grc' dir='ltr'><strong>καὶ</strong></span> <span class='ocrx_word' id='word_1_596' title='bbox 1197 4362 1549 4424; x_wconf 85' lang='grc' dir='ltr'>ὑποστάσεως</span> <span class='ocrx_word' id='word_1_597' title='bbox 1573 4364 1623 4416; x_wconf 81' lang='grc' dir='ltr'>εἰ</span> <span class='ocrx_word' id='word_1_598' title='bbox 1651 4363 1811 4432; x_wconf 89' lang='grc' dir='ltr'>μόνος</span> <span class='ocrx_word' id='word_1_599' title='bbox 1831 4363 1860 4415; x_wconf 89' lang='lat'><strong>6</strong></span> <span class='ocrx_word' id='word_1_600' title='bbox 1879 4364 2012 4429; x_wconf 83' lang='grc' dir='ltr'>Θεὸς</span> 
     </span>
    </p>
   </div>
   <div class='ocr_carea' id='block_1_77' title="bbox 420 4453 2014 4525">
    <p class='ocr_par' dir='ltr' id='par_1_77' title="bbox 420 4453 2014 4525">
     <span class='ocr_line' id='line_1_77' title="bbox 420 4453 2014 4525; baseline 0.001 -15"><span class='ocrx_word' id='word_1_601' title='bbox 420 4456 616 4522; x_wconf 70' lang='grc' dir='ltr'>αἴτιος,</span> <span class='ocrx_word' id='word_1_602' title='bbox 650 4455 704 4510; x_wconf 82' lang='grc' dir='ltr'>τί</span> <span class='ocrx_word' id='word_1_603' title='bbox 734 4456 796 4510; x_wconf 72' lang='grc' dir='ltr'>τὸ</span> <span class='ocrx_word' id='word_1_604' title='bbox 849 4453 1061 4509; x_wconf 82' lang='grc' dir='ltr'>κωλῦον</span> <span class='ocrx_word' id='word_1_605' title='bbox 1108 4455 1272 4508; x_wconf 76' lang='grc' dir='ltr'>αὑτὸν</span> <span class='ocrx_word' id='word_1_606' title='bbox 1308 4455 1657 4525; x_wconf 80' lang='grc' dir='ltr'>μετατιθέναι</span> <span class='ocrx_word' id='word_1_607' title='bbox 1692 4455 1856 4525; x_wconf 85' lang='grc' dir='ltr'>φύσιν</span> <span class='ocrx_word' id='word_1_608' title='bbox 1890 4458 2014 4512; x_wconf 73' lang='grc' dir='ltr'>τινὰ</span> 
     </span>
    </p>
   </div>
   <div class='ocr_carea' id='block_1_78' title="bbox 418 4546 2013 4621">
    <p class='ocr_par' dir='ltr' id='par_1_78' title="bbox 418 4546 2013 4621">
     <span class='ocr_line' id='line_1_78' title="bbox 418 4546 2013 4621; baseline 0 -18"><span class='ocrx_word' id='word_1_609' title='bbox 418 4551 500 4614; x_wconf 73' lang='grc' dir='ltr'><strong>εἰς</strong></span> <span class='ocrx_word' id='word_1_610' title='bbox 531 4549 726 4621; x_wconf 77' lang='grc' dir='ltr'>ἑτέραν</span> <span class='ocrx_word' id='word_1_611' title='bbox 754 4549 1093 4612; x_wconf 69' lang='grc' dir='ltr'>ὑπόστασινς</span> <span class='ocrx_word' id='word_1_612' title='bbox 1124 4548 1220 4601; x_wconf 74' lang='grc' dir='ltr'>καὶ</span> <span class='ocrx_word' id='word_1_613' title='bbox 1256 4546 1561 4600; x_wconf 84' lang='grc' dir='ltr'>ὑπόστασιν</span> <span class='ocrx_word' id='word_1_614' title='bbox 1592 4547 1901 4618; x_wconf 82' lang='grc' dir='ltr'>ἀλλοτρίαν,</span> <span class='ocrx_word' id='word_1_615' title='bbox 1930 4550 2013 4613; x_wconf 81' lang='grc' dir='ltr'>εἰς</span> 
     </span>
    </p>
   </div>
   <div class='ocr_carea' id='block_1_79' title="bbox 419 4640 2009 4715">
    <p class='ocr_par' dir='ltr' id='par_1_79' title="bbox 419 4640 2009 4715">
     <span class='ocr_line' id='line_1_79' title="bbox 419 4640 2009 4715; baseline 0 -18"><span class='ocrx_word' id='word_1_616' title='bbox 419 4644 612 4715; x_wconf 75' lang='grc' dir='ltr'>ἑτέραν</span> <span class='ocrx_word' id='word_1_617' title='bbox 670 4643 864 4712; x_wconf 85' lang='grc' dir='ltr'>φύσιν;</span> <span class='ocrx_word' id='word_1_618' title='bbox 907 4643 1068 4712; x_wconf 76' lang='grc' dir='ltr'>εἴπερ</span> <span class='ocrx_word' id='word_1_619' title='bbox 1116 4640 1267 4713; x_wconf 84' lang='grc' dir='ltr'>αὑτῷ</span> <span class='ocrx_word' id='word_1_620' title='bbox 1299 4641 1481 4695; x_wconf 78' lang='grc' dir='ltr'>πάντα</span> <span class='ocrx_word' id='word_1_621' title='bbox 1526 4641 1731 4696; x_wconf 83' lang='grc' dir='ltr'>δυνατὰ</span> <span class='ocrx_word' id='word_1_622' title='bbox 1757 4643 2009 4715; x_wconf 77' lang='grc' dir='ltr'>ἀληθῶςο</span> 
     </span>
    </p>
   </div>
   <div class='ocr_carea' id='block_1_80' title="bbox 417 4735 2089 4836">
    <p class='ocr_par' dir='ltr' id='par_1_80' title="bbox 417 4735 2089 4836">
     <span class='ocr_line' id='line_1_80' title="bbox 417 4735 2089 4836; baseline -0.001 -43"><span class='ocrx_word' id='word_1_623' title='bbox 417 4741 555 4793; x_wconf 81' lang='grc' dir='ltr'>ὅπου</span> <span class='ocrx_word' id='word_1_624' title='bbox 582 4755 646 4806; x_wconf 92' lang='grc' dir='ltr'>γε</span> <span class='ocrx_word' id='word_1_625' title='bbox 667 4738 762 4792; x_wconf 73' lang='grc' dir='ltr'>καὶ</span> <span class='ocrx_word' id='word_1_626' title='bbox 788 4736 898 4790; x_wconf 89' lang='grc' dir='ltr'><strong>τῶν</strong></span> <span class='ocrx_word' id='word_1_627' title='bbox 928 4738 1311 4790; x_wconf 83' lang='grc' dir='ltr'>ὲνυποστάτων</span> <span class='ocrx_word' id='word_1_628' title='bbox 1342 4735 1497 4800; x_wconf 79' lang='grc' dir='ltr'>ζώων</span> <span class='ocrx_word' id='word_1_629' title='bbox 1523 4737 1619 4790; x_wconf 77' lang='grc' dir='ltr'>καὶ</span> <span class='ocrx_word' id='word_1_630' title='bbox 1646 4736 1887 4806; x_wconf 88' lang='grc' dir='ltr'>βοτανῶν</span> <span class='ocrx_word' id='word_1_631' title='bbox 1912 4739 2012 4802; x_wconf 68' lang='grc' dir='ltr'><strong>τὰς</strong></span> <span class='ocrx_word' id='word_1_632' title='bbox 2047 4782 2089 4836; x_wconf 78' lang='lat' dir='ltr'>D</span> 
     </span>
    </p>
   </div>
   <div class='ocr_carea' id='block_1_81' title="bbox 422 4828 2009 4902">
    <p class='ocr_par' dir='ltr' id='par_1_81' title="bbox 422 4828 2009 4902">
     <span class='ocr_line' id='line_1_81' title="bbox 422 4828 2009 4902; baseline -0.001 -17"><span class='ocrx_word' id='word_1_633' title='bbox 422 4831 637 4902; x_wconf 88' lang='grc' dir='ltr'>φύσεις,</span> <span class='ocrx_word' id='word_1_634' title='bbox 672 4830 752 4893; x_wconf 75' lang='grc' dir='ltr'>εἰς</span> <span class='ocrx_word' id='word_1_635' title='bbox 789 4829 984 4899; x_wconf 77' lang='grc' dir='ltr'>ἑτέρας</span> <span class='ocrx_word' id='word_1_636' title='bbox 1029 4828 1364 4890; x_wconf 85' lang='grc' dir='ltr'>ὑποστάσεις</span> <span class='ocrx_word' id='word_1_637' title='bbox 1398 4828 1834 4899; x_wconf 79' lang='grc' dir='ltr'>μετα-τιθεμένας</span> <span class='ocrx_word' id='word_1_638' title='bbox 1866 4830 2009 4900; x_wconf 83' lang='grc' dir='ltr'>ὀρῶ-</span> 
     </span>
    </p>
   </div>
   <div class='ocr_carea' id='block_1_82' title="bbox 424 4916 2015 4995">
    <p class='ocr_par' dir='ltr' id='par_1_82' title="bbox 424 4916 2015 4995">
     <span class='ocr_line' id='line_1_82' title="bbox 424 4916 2015 4995; baseline 0.001 -20"><span class='ocrx_word' id='word_1_639' title='bbox 424 4942 523 4995; x_wconf 84' lang='grc' dir='ltr'><strong>μεν</strong></span> <span class='ocrx_word' id='word_1_640' title='bbox 558 4923 768 4993; x_wconf 80' lang='grc' dir='ltr'>σαφῶς,</span> <span class='ocrx_word' id='word_1_641' title='bbox 796 4923 891 4991; x_wconf 85' lang='grc' dir='ltr'><strong>ἀφ’</strong></span> <span class='ocrx_word' id='word_1_642' title='bbox 917 4916 992 4975; x_wconf 85' lang='grc' dir='ltr'>ὦν</span> <span class='ocrx_word' id='word_1_643' title='bbox 1026 4922 1287 4993; x_wconf 81' lang='grc' dir='ltr'>τρέφεται</span> <span class='ocrx_word' id='word_1_644' title='bbox 1309 4920 1381 4975; x_wconf 81' lang='grc' dir='ltr'>τὰ</span> <span class='ocrx_word' id='word_1_645' title='bbox 1417 4922 1758 4993; x_wconf 77' lang='grc' dir='ltr'>τρεφόμεναο</span> <span class='ocrx_word' id='word_1_646' title='bbox 1792 4922 1887 4977; x_wconf 79' lang='grc' dir='ltr'>καὶ</span> <span class='ocrx_word' id='word_1_647' title='bbox 1914 4923 2015 4987; x_wconf 73' lang='grc' dir='ltr'><strong>τὰς</strong></span> 
     </span>
    </p>
   </div>
   <div class='ocr_carea' id='block_1_83' title="bbox 419 5008 2017 5086">
    <p class='ocr_par' dir='ltr' id='par_1_83' title="bbox 419 5008 2017 5086">
     <span class='ocr_line' id='line_1_83' title="bbox 419 5008 2017 5086; baseline -0.001 -16"><span class='ocrx_word' id='word_1_648' title='bbox 419 5017 748 5080; x_wconf 85' lang='grc' dir='ltr'>ὑποστάσεις</span> <span class='ocrx_word' id='word_1_649' title='bbox 786 5016 864 5077; x_wconf 81' lang='grc' dir='ltr'>εἰς</span> <span class='ocrx_word' id='word_1_650' title='bbox 892 5015 1085 5086; x_wconf 84' lang='grc' dir='ltr'>ὲτέρας</span> <span class='ocrx_word' id='word_1_651' title='bbox 1121 5013 1337 5083; x_wconf 84' lang='grc' dir='ltr'>φύσεις,</span> <span class='ocrx_word' id='word_1_652' title='bbox 1364 5008 1477 5067; x_wconf 78' lang='grc' dir='ltr'>οἷον</span> <span class='ocrx_word' id='word_1_653' title='bbox 1504 5014 1600 5068; x_wconf 74' lang='grc' dir='ltr'><strong>ἐπὶ</strong></span> <span class='ocrx_word' id='word_1_654' title='bbox 1632 5015 1743 5069; x_wconf 90' lang='grc' dir='ltr'><strong>τῶν</strong></span> <span class='ocrx_word' id='word_1_655' title='bbox 1774 5015 1841 5069; x_wconf 79' lang='grc' dir='ltr'>ὲκ</span> <span class='ocrx_word' id='word_1_656' title='bbox 1872 5014 2017 5069; x_wconf 80' lang='grc' dir='ltr'>σκώ-</span> 
     </span>
    </p>
   </div>
   <div class='ocr_carea' id='block_1_84' title="bbox 420 5107 1402 5181">
    <p class='ocr_par' dir='ltr' id='par_1_84' title="bbox 420 5107 1402 5181">
     <span class='ocr_line' id='line_1_84' title="bbox 420 5107 1402 5181; baseline -0.002 -18"><span class='ocrx_word' id='word_1_657' title='bbox 420 5109 585 5181; x_wconf 84' lang='grc' dir='ltr'>ληκος</span> <span class='ocrx_word' id='word_1_658' title='bbox 606 5109 685 5173; x_wconf 86' lang='grc' dir='ltr'><strong>εἰς</strong></span> <span class='ocrx_word' id='word_1_659' title='bbox 716 5107 921 5179; x_wconf 84' lang='grc' dir='ltr'>πτηνὸν</span> <span class='ocrx_word' id='word_1_660' title='bbox 951 5107 1402 5178; x_wconf 84' lang='grc' dir='ltr'>μεταφυομένων.</span> 
     </span>
    </p>
   </div>
   <div class='ocr_carea' id='block_1_85' title="bbox 1001 5198 1431 5267">
    <p class='ocr_par' dir='ltr' id='par_1_85' title="bbox 1001 5198 1431 5267">
     <span class='ocr_line' id='line_1_85' title="bbox 1001 5198 1431 5267; baseline 0.007 -16"><span class='ocrx_word' id='word_1_661' title='bbox 1001 5198 1254 5252; x_wconf 80' lang='grc' dir='ltr'><strong>ΚΕΦΑΛ.</strong></span> <span class='ocrx_word' id='word_1_662' title='bbox 1288 5198 1431 5267; x_wconf 71' lang='lat' dir='ltr'><strong>Acr.</strong></span> 
     </span>
    </p>
   </div>
   <div class='ocr_carea' id='block_1_86' title="bbox 493 5286 2013 5366">
    <p class='ocr_par' dir='ltr' id='par_1_86' title="bbox 493 5286 2013 5366">
     <span class='ocr_line' id='line_1_86' title="bbox 493 5286 2013 5366; baseline 0.006 -25"><span class='ocrx_word' id='word_1_663' title='bbox 493 5289 569 5341; x_wconf 74' lang='grc' dir='ltr'><strong>Τὸ</strong></span> <span class='ocrx_word' id='word_1_664' title='bbox 594 5288 754 5359; x_wconf 86' lang='grc' dir='ltr'>φύσει</span> <span class='ocrx_word' id='word_1_665' title='bbox 782 5288 913 5353; x_wconf 75' lang='grc' dir='ltr'>Υἱὸς</span> <span class='ocrx_word' id='word_1_666' title='bbox 937 5286 1032 5341; x_wconf 89' lang='grc' dir='ltr'><strong>τοῦ</strong></span> <span class='ocrx_word' id='word_1_667' title='bbox 1062 5286 1221 5352; x_wconf 79' lang='grc' dir='ltr'>Θεοῦ,</span> <span class='ocrx_word' id='word_1_668' title='bbox 1258 5289 1354 5341; x_wconf 79' lang='grc' dir='ltr'>καὶ</span> <span class='ocrx_word' id='word_1_669' title='bbox 1382 5289 1441 5343; x_wconf 84' lang='grc' dir='ltr'>τὸ</span> <span class='ocrx_word' id='word_1_670' title='bbox 1472 5287 1636 5359; x_wconf 88' lang='grc' dir='ltr'>φύσει</span> <span class='ocrx_word' id='word_1_671' title='bbox 1659 5291 1775 5357; x_wconf 77' lang='grc' dir='ltr'>υἱὸς</span> <span class='ocrx_word' id='word_1_672' title='bbox 1798 5294 2013 5366; x_wconf 80' lang='grc' dir='ltr'><strong>ὀινθρώ⁴</strong></span> 
     </span>
    </p>
   </div>
   <div class='ocr_carea' id='block_1_87' title="bbox 420 5373 2011 5455">
    <p class='ocr_par' dir='ltr' id='par_1_87' title="bbox 420 5373 2011 5455">
     <span class='ocr_line' id='line_1_87' title="bbox 420 5373 2011 5455; baseline -0.004 -20"><span class='ocrx_word' id='word_1_673' title='bbox 420 5398 548 5445; x_wconf 89' lang='grc' dir='ltr'>που,</span> <span class='ocrx_word' id='word_1_674' title='bbox 579 5380 928 5444; x_wconf 83' lang='grc' dir='ltr'>ὑποστάσεώς</span> <span class='ocrx_word' id='word_1_675' title='bbox 981 5381 1098 5433; x_wconf 78' lang='grc' dir='ltr'>ἐστι</span> <span class='ocrx_word' id='word_1_676' title='bbox 1141 5379 1405 5449; x_wconf 83' lang='grc' dir='ltr'>ὀνόματα,</span> <span class='ocrx_word' id='word_1_677' title='bbox 1436 5373 1513 5435; x_wconf 87' lang='grc' dir='ltr'>ὧν</span> <span class='ocrx_word' id='word_1_678' title='bbox 1542 5383 1714 5455; x_wconf 76' lang='grc' dir='ltr'>χωρὶς</span> <span class='ocrx_word' id='word_1_679' title='bbox 1732 5385 1833 5439; x_wconf 80' lang='grc' dir='ltr'>οὐκ</span> <span class='ocrx_word' id='word_1_680' title='bbox 1861 5387 2011 5440; x_wconf 78' lang='grc' dir='ltr'><strong>ὲνδέ..</strong></span> 
     </span>
    </p>
   </div>
   <div class='ocr_carea' id='block_1_88' title="bbox 421 5472 2013 5548">
    <p class='ocr_par' dir='ltr' id='par_1_88' title="bbox 421 5472 2013 5548">
     <span class='ocr_line' id='line_1_88' title="bbox 421 5472 2013 5548; baseline 0.004 -21"><span class='ocrx_word' id='word_1_681' title='bbox 421 5492 577 5547; x_wconf 87' lang='grc' dir='ltr'>χεται</span> <span class='ocrx_word' id='word_1_682' title='bbox 603 5474 779 5548; x_wconf 84' lang='grc' dir='ltr'>ὀρθῶς</span> <span class='ocrx_word' id='word_1_683' title='bbox 807 5473 1093 5546; x_wconf 84' lang='grc' dir='ltr'>ὁμολογεῖν</span> <span class='ocrx_word' id='word_1_684' title='bbox 1120 5472 1214 5527; x_wconf 79' lang='grc' dir='ltr'>τὸν</span> <span class='ocrx_word' id='word_1_685' title='bbox 1238 5473 1690 5546; x_wconf 82' lang='grc' dir='ltr'>Χριστιανισμδν,</span> <span class='ocrx_word' id='word_1_686' title='bbox 1718 5478 1815 5532; x_wconf 77' lang='grc' dir='ltr'>καὶ</span> <span class='ocrx_word' id='word_1_687' title='bbox 1831 5479 2013 5548; x_wconf 82' lang='grc' dir='ltr'>ἀμφό-</span> 
     </span>
    </p>
   </div>
   <div class='ocr_carea' id='block_1_89' title="bbox 418 5566 2010 5642">
    <p class='ocr_par' dir='ltr' id='par_1_89' title="bbox 418 5566 2010 5642">
     <span class='ocr_line' id='line_1_89' title="bbox 418 5566 2010 5642; baseline 0.003 -23"><span class='ocrx_word' id='word_1_688' title='bbox 418 5584 555 5639; x_wconf 84' lang='grc' dir='ltr'>τερα</span> <span class='ocrx_word' id='word_1_689' title='bbox 584 5568 644 5621; x_wconf 80' lang='grc' dir='ltr'>ὲν</span> <span class='ocrx_word' id='word_1_690' title='bbox 670 5566 748 5638; x_wconf 84' lang='grc' dir='ltr'><strong>τῷ</strong></span> <span class='ocrx_word' id='word_1_691' title='bbox 781 5568 863 5621; x_wconf 78' lang='grc' dir='ltr'><strong>ενὶ</strong></span> <span class='ocrx_word' id='word_1_692' title='bbox 890 5566 1116 5638; x_wconf 84' lang='grc' dir='ltr'>Χριστῷ</span> <span class='ocrx_word' id='word_1_693' title='bbox 1144 5568 1511 5638; x_wconf 84' lang='grc' dir='ltr'>ὁμολογεῖται,</span> <span class='ocrx_word' id='word_1_694' title='bbox 1539 5570 1640 5624; x_wconf 85' lang='grc' dir='ltr'><strong>οὑκ</strong></span> <span class='ocrx_word' id='word_1_695' title='bbox 1671 5571 1729 5623; x_wconf 81' lang='grc' dir='ltr'>ἐν</span> <span class='ocrx_word' id='word_1_696' title='bbox 1760 5571 2010 5642; x_wconf 73' lang='grc' dir='ltr'>ἑκατέρῳ</span> 
     </span>
    </p>
   </div>
   <div class='ocr_carea' id='block_1_90' title="bbox 419 5658 2013 5734">
    <p class='ocr_par' dir='ltr' id='par_1_90' title="bbox 419 5658 2013 5734">
     <span class='ocr_line' id='line_1_90' title="bbox 419 5658 2013 5734; baseline 0.002 -21"><span class='ocrx_word' id='word_1_697' title='bbox 419 5658 734 5730; x_wconf 72' lang='grc' dir='ltr'>ἀμφότερα.</span> <span class='ocrx_word' id='word_1_698' title='bbox 768 5658 1155 5723; x_wconf 87' lang='grc' dir='ltr'>’Υποστάσεως</span> <span class='ocrx_word' id='word_1_699' title='bbox 1187 5659 1310 5729; x_wconf 76' lang='grc' dir='ltr'>μὲν,</span> <span class='ocrx_word' id='word_1_700' title='bbox 1342 5659 1481 5714; x_wconf 80' lang='grc' dir='ltr'>ἀλλὰ</span> <span class='ocrx_word' id='word_1_701' title='bbox 1500 5660 1602 5731; x_wconf 83' lang='grc' dir='ltr'>τῆς</span> <span class='ocrx_word' id='word_1_702' title='bbox 1640 5662 1813 5733; x_wconf 83' lang='grc' dir='ltr'>αὑτῆς</span> <span class='ocrx_word' id='word_1_703' title='bbox 1840 5663 2013 5734; x_wconf 89' lang='grc' dir='ltr'>πρόσ-</span> 
     </span>
    </p>
   </div>
   <div class='ocr_carea' id='block_1_91' title="bbox 422 5751 2014 5827">
    <p class='ocr_par' dir='ltr' id='par_1_91' title="bbox 422 5751 2014 5827">
     <span class='ocr_line' id='line_1_91' title="bbox 422 5751 2014 5827; baseline 0.002 -22"><span class='ocrx_word' id='word_1_704' title='bbox 422 5751 542 5816; x_wconf 76' lang='grc' dir='ltr'>θεςο</span> <span class='ocrx_word' id='word_1_705' title='bbox 584 5752 634 5805; x_wconf 74' lang='grc' dir='ltr'>εἰ</span> <span class='ocrx_word' id='word_1_706' title='bbox 662 5752 771 5822; x_wconf 79' lang='grc' dir='ltr'><strong>γὰρ</strong></span> <span class='ocrx_word' id='word_1_707' title='bbox 803 5752 983 5824; x_wconf 75' lang='grc' dir='ltr'>ὀρθῶς</span> <span class='ocrx_word' id='word_1_708' title='bbox 1016 5753 1304 5825; x_wconf 85' lang='grc' dir='ltr'>ἀμφότερα</span> <span class='ocrx_word' id='word_1_709' title='bbox 1340 5756 1399 5808; x_wconf 84' lang='grc' dir='ltr'>ὲν</span> <span class='ocrx_word' id='word_1_710' title='bbox 1420 5752 1499 5826; x_wconf 76' lang='grc' dir='ltr'>τῷ</span> <span class='ocrx_word' id='word_1_711' title='bbox 1524 5755 1606 5809; x_wconf 78' lang='grc' dir='ltr'><strong>ἑνὶ</strong></span> <span class='ocrx_word' id='word_1_712' title='bbox 1631 5754 1855 5827; x_wconf 86' lang='grc' dir='ltr'>Χριστῷ</span> <span class='ocrx_word' id='word_1_713' title='bbox 1883 5756 2014 5827; x_wconf 83' lang='grc' dir='ltr'>ὁμο-</span> 
     </span>
    </p>
   </div>
   <div class='ocr_carea' id='block_1_92' title="bbox 421 5843 2013 5918">
    <p class='ocr_par' dir='ltr' id='par_1_92' title="bbox 421 5843 2013 5918">
     <span class='ocr_line' id='line_1_92' title="bbox 421 5843 2013 5918; baseline 0.002 -20"><span class='ocrx_word' id='word_1_714' title='bbox 421 5843 689 5913; x_wconf 80' lang='grc' dir='ltr'>λογεῖται,</span> <span class='ocrx_word' id='word_1_715' title='bbox 713 5843 784 5898; x_wconf 79' lang='grc' dir='ltr'><strong>τὰ</strong></span> <span class='ocrx_word' id='word_1_716' title='bbox 803 5844 897 5899; x_wconf 85' lang='grc' dir='ltr'>δύο</span> <span class='ocrx_word' id='word_1_717' title='bbox 920 5845 1162 5918; x_wconf 86' lang='grc' dir='ltr'>ὀνόματα</span> <span class='ocrx_word' id='word_1_718' title='bbox 1201 5848 1294 5900; x_wconf 75' lang='grc' dir='ltr'><strong>ἐπὶ</strong></span> <span class='ocrx_word' id='word_1_719' title='bbox 1319 5846 1419 5918; x_wconf 81' lang='grc' dir='ltr'>τῆς</span> <span class='ocrx_word' id='word_1_720' title='bbox 1449 5847 1621 5918; x_wconf 82' lang='grc' dir='ltr'>αὐτῆς</span> <span class='ocrx_word' id='word_1_721' title='bbox 1647 5847 2013 5911; x_wconf 85' lang='grc' dir='ltr'>ὑποστάσεως</span> 
     </span>
    </p>
   </div>
   <div class='ocr_carea' id='block_1_93' title="bbox 421 5935 2009 6013">
    <p class='ocr_par' dir='ltr' id='par_1_93' title="bbox 421 5935 2009 6013">
     <span class='ocr_line' id='line_1_93' title="bbox 421 5935 2009 6013; baseline 0.004 -21"><span class='ocrx_word' id='word_1_722' title='bbox 421 5935 519 5992; x_wconf 80' lang='grc' dir='ltr'><strong>τοῦ</strong></span> <span class='ocrx_word' id='word_1_723' title='bbox 569 5937 688 6004; x_wconf 71' lang='grc' dir='ltr'>ἐνὸς</span> <span class='ocrx_word' id='word_1_724' title='bbox 720 5937 964 6011; x_wconf 84' lang='grc' dir='ltr'>Χριστοῦ</span> <span class='ocrx_word' id='word_1_725' title='bbox 991 5941 1189 6009; x_wconf 83' lang='grc' dir='ltr'>κεῖται,</span> <span class='ocrx_word' id='word_1_726' title='bbox 1217 5938 1405 6011; x_wconf 83' lang='grc' dir='ltr'>ῶσπερ</span> <span class='ocrx_word' id='word_1_727' title='bbox 1438 5939 1531 5995; x_wconf 72' lang='grc' dir='ltr'><strong>ἐπὶ</strong></span> <span class='ocrx_word' id='word_1_728' title='bbox 1584 5937 1693 5998; x_wconf 85' lang='grc' dir='ltr'><strong>τῶν</strong></span> <span class='ocrx_word' id='word_1_729' title='bbox 1720 5938 2009 6013; x_wconf 83' lang='grc' dir='ltr'>διωνύμων</span> 
     </span>
    </p>
   </div>
   <div class='ocr_carea' id='block_1_94' title="bbox 2117 3515 3703 3581">
    <p class='ocr_par' dir='ltr' id='par_1_94' title="bbox 2117 3515 3703 3581">
     <span class='ocr_line' id='line_1_94' title="bbox 2117 3515 3703 3581; baseline -0.003 -9"><span class='ocrx_word' id='word_1_730' title='bbox 2117 3533 2229 3572; x_wconf 87' lang='lat' dir='ltr'><strong>non</strong></span> <span class='ocrx_word' id='word_1_731' title='bbox 2259 3516 2563 3571; x_wconf 84' lang='lat' dir='ltr'><strong>habitasset</strong></span> <span class='ocrx_word' id='word_1_732' title='bbox 2584 3516 2638 3570; x_wconf 93' lang='lat' dir='ltr'><strong>in</strong></span> <span class='ocrx_word' id='word_1_733' title='bbox 2667 3516 2829 3570; x_wconf 88' lang='lat' dir='ltr'><strong>nobis</strong></span> <span class='ocrx_word' id='word_1_734' title='bbox 2857 3515 3195 3581; x_wconf 89' lang='lat' dir='ltr'><strong>carnalibus,</strong></span> <span class='ocrx_word' id='word_1_735' title='bbox 3230 3515 3285 3570; x_wconf 90' lang='lat' dir='ltr'><strong>id</strong></span> <span class='ocrx_word' id='word_1_736' title='bbox 3314 3524 3400 3571; x_wconf 89' lang='lat' dir='ltr'><strong>est</strong></span> <span class='ocrx_word' id='word_1_737' title='bbox 3434 3515 3490 3569; x_wconf 91' lang='lat' dir='ltr'><strong>in</strong></span> <span class='ocrx_word' id='word_1_738' title='bbox 3517 3528 3703 3579; x_wconf 85' lang='lat' dir='ltr'><strong>carne,</strong></span> 
     </span>
    </p>
   </div>
   <div class='ocr_carea' id='block_1_95' title="bbox 2116 3608 3708 3680">
    <p class='ocr_par' dir='ltr' id='par_1_95' title="bbox 2116 3608 3708 3680">
     <span class='ocr_line' id='line_1_95' title="bbox 2116 3608 3708 3680; baseline -0.005 -13"><span class='ocrx_word' id='word_1_739' title='bbox 2116 3610 2215 3667; x_wconf 85' lang='lat' dir='ltr'><strong>sed</strong></span> <span class='ocrx_word' id='word_1_740' title='bbox 2266 3611 2321 3665; x_wconf 94' lang='lat' dir='ltr'><strong>in</strong></span> <span class='ocrx_word' id='word_1_741' title='bbox 2362 3609 2535 3680; x_wconf 89' lang='lat' dir='ltr'><strong>ipsam</strong></span> <span class='ocrx_word' id='word_1_742' title='bbox 2588 3609 2784 3665; x_wconf 81' lang='lat' dir='ltr'><strong>fuisset</strong></span> <span class='ocrx_word' id='word_1_743' title='bbox 2832 3625 3183 3665; x_wconf 88' lang='lat' dir='ltr'><strong>conversum.</strong></span> <span class='ocrx_word' id='word_1_744' title='bbox 3256 3609 3489 3665; x_wconf 86' lang='lat' dir='ltr'><strong>Nomina</strong></span> <span class='ocrx_word' id='word_1_745' title='bbox 3537 3608 3708 3678; x_wconf 70' lang='lat' dir='ltr'><strong>igitur</strong></span> 
     </span>
    </p>
   </div>
   <div class='ocr_carea' id='block_1_96' title="bbox 2116 3699 3702 3774">
    <p class='ocr_par' dir='ltr' id='par_1_96' title="bbox 2116 3699 3702 3774">
     <span class='ocr_line' id='line_1_96' title="bbox 2116 3699 3702 3774; baseline -0.003 -15"><span class='ocrx_word' id='word_1_746' title='bbox 2116 3704 2409 3774; x_wconf 87' lang='lat' dir='ltr'><strong>utriusque</strong></span> <span class='ocrx_word' id='word_1_747' title='bbox 2468 3712 2682 3758; x_wconf 69' lang='lat' dir='ltr'><strong>natura:</strong></span> <span class='ocrx_word' id='word_1_748' title='bbox 2714 3711 2897 3773; x_wconf 89' lang='lat' dir='ltr'><strong>potest</strong></span> <span class='ocrx_word' id='word_1_749' title='bbox 2925 3704 3182 3773; x_wconf 75' lang='lat' dir='ltr'><strong>excipere</strong></span> <span class='ocrx_word' id='word_1_750' title='bbox 3224 3702 3491 3765; x_wconf 88' lang='lat' dir='ltr'><strong>Verbum,</strong></span> <span class='ocrx_word' id='word_1_751' title='bbox 3550 3699 3702 3770; x_wconf 88' lang='lat' dir='ltr'><strong>quod</strong></span> 
     </span>
    </p>
   </div>
   <div class='ocr_carea' id='block_1_97' title="bbox 2117 3800 3702 3871">
    <p class='ocr_par' dir='ltr' id='par_1_97' title="bbox 2117 3800 3702 3871">
     <span class='ocr_line' id='line_1_97' title="bbox 2117 3800 3702 3871; baseline -0.003 -16"><span class='ocrx_word' id='word_1_752' title='bbox 2117 3800 2173 3855; x_wconf 94' lang='lat' dir='ltr'><strong>in</strong></span> <span class='ocrx_word' id='word_1_753' title='bbox 2223 3816 2332 3855; x_wconf 88' lang='lat' dir='ltr'><strong>una</strong></span> <span class='ocrx_word' id='word_1_754' title='bbox 2373 3816 2609 3871; x_wconf 88' lang='lat' dir='ltr'><strong>persona</strong></span> <span class='ocrx_word' id='word_1_755' title='bbox 2671 3800 2912 3871; x_wconf 88' lang='lat' dir='ltr'><strong>duplicis</strong></span> <span class='ocrx_word' id='word_1_756' title='bbox 2966 3810 3177 3856; x_wconf 63' lang='lat' dir='ltr'><strong>naturae</strong></span> <span class='ocrx_word' id='word_1_757' title='bbox 3213 3800 3378 3856; x_wconf 90' lang='lat' dir='ltr'><strong>hodie</strong></span> <span class='ocrx_word' id='word_1_758' title='bbox 3429 3800 3702 3865; x_wconf 86' lang='lat' dir='ltr'><strong>subsistit,</strong></span> 
     </span>
    </p>
   </div>
   <div class='ocr_carea' id='block_1_98' title="bbox 2115 3891 3706 3961">
    <p class='ocr_par' dir='ltr' id='par_1_98' title="bbox 2115 3891 3706 3961">
     <span class='ocr_line' id='line_1_98' title="bbox 2115 3891 3706 3961; baseline -0.001 -14"><span class='ocrx_word' id='word_1_759' title='bbox 2115 3900 2275 3947; x_wconf 86' lang='lat' dir='ltr'><strong>antea</strong></span> <span class='ocrx_word' id='word_1_760' title='bbox 2308 3892 2363 3946; x_wconf 90' lang='lat' dir='ltr'><strong>in</strong></span> <span class='ocrx_word' id='word_1_761' title='bbox 2397 3893 2563 3948; x_wconf 92' lang='lat' dir='ltr'><strong>unius</strong></span> <span class='ocrx_word' id='word_1_762' title='bbox 2592 3906 2827 3948; x_wconf 71' lang='lat' dir='ltr'><strong>naturae.</strong></span> <span class='ocrx_word' id='word_1_763' title='bbox 2870 3891 2927 3947; x_wconf 91' lang='lat' dir='ltr'><strong>Si</strong></span> <span class='ocrx_word' id='word_1_764' title='bbox 2959 3893 3145 3948; x_wconf 91' lang='lat' dir='ltr'><strong>adhuc</strong></span> <span class='ocrx_word' id='word_1_765' title='bbox 3197 3893 3482 3948; x_wconf 87' lang='lat' dir='ltr'><strong>diceretur</strong></span> <span class='ocrx_word' id='word_1_766' title='bbox 3514 3908 3543 3945; x_wconf 92' lang='lat' dir='ltr'><strong>a</strong></span> <span class='ocrx_word' id='word_1_767' title='bbox 3579 3908 3706 3961; x_wconf 90' lang='lat' dir='ltr'><strong>per-</strong></span> 
     </span>
    </p>
   </div>
   <div class='ocr_carea' id='block_1_99' title="bbox 2117 3984 3706 4054">
    <p class='ocr_par' dir='ltr' id='par_1_99' title="bbox 2117 3984 3706 4054">
     <span class='ocr_line' id='line_1_99' title="bbox 2117 3984 3706 4054; baseline -0.002 -14"><span class='ocrx_word' id='word_1_768' title='bbox 2117 4001 2251 4040; x_wconf 88' lang='lat' dir='ltr'><strong>sona</strong></span> <span class='ocrx_word' id='word_1_769' title='bbox 2290 3986 2457 4041; x_wconf 87' lang='lat' dir='ltr'><strong>unius</strong></span> <span class='ocrx_word' id='word_1_770' title='bbox 2507 3994 2719 4040; x_wconf 76' lang='lat' dir='ltr'><strong>natura:</strong></span> <span class='ocrx_word' id='word_1_771' title='bbox 2769 3985 3000 4039; x_wconf 86' lang='lat' dir='ltr'><strong>alteram</strong></span> <span class='ocrx_word' id='word_1_772' title='bbox 3058 3995 3310 4039; x_wconf 85' lang='lat' dir='ltr'><strong>naturam</strong></span> <span class='ocrx_word' id='word_1_773' title='bbox 3355 3984 3528 4054; x_wconf 89' lang='lat' dir='ltr'><strong>accipi</strong></span> <span class='ocrx_word' id='word_1_774' title='bbox 3595 3999 3706 4037; x_wconf 89' lang='lat' dir='ltr'><strong>non</strong></span> 
     </span>
    </p>
   </div>
   <div class='ocr_carea' id='block_1_100' title="bbox 2114 4074 3709 4147">
    <p class='ocr_par' dir='ltr' id='par_1_100' title="bbox 2114 4074 3709 4147">
     <span class='ocr_line' id='line_1_100' title="bbox 2114 4074 3709 4147; baseline -0.003 -15"><span class='ocrx_word' id='word_1_775' title='bbox 2114 4076 2300 4147; x_wconf 88' lang='lat' dir='ltr'><strong>posse,</strong></span> <span class='ocrx_word' id='word_1_776' title='bbox 2359 4091 2541 4145; x_wconf 89' lang='lat' dir='ltr'><strong>neque</strong></span> <span class='ocrx_word' id='word_1_777' title='bbox 2616 4090 2852 4145; x_wconf 89' lang='lat' dir='ltr'><strong>persona</strong></span> <span class='ocrx_word' id='word_1_778' title='bbox 2916 4082 3122 4129; x_wconf 57' lang='lat' dir='ltr'><strong>nostra}</strong></span> <span class='ocrx_word' id='word_1_779' title='bbox 3179 4074 3421 4128; x_wconf 88' lang='lat' dir='ltr'><strong>carnalis</strong></span> <span class='ocrx_word' id='word_1_780' title='bbox 3494 4080 3709 4127; x_wconf 68' lang='lat' dir='ltr'><strong>natura:</strong></span> 
     </span>
    </p>
   </div>
   <div class='ocr_carea' id='block_1_101' title="bbox 2115 4164 3708 4239">
    <p class='ocr_par' dir='ltr' id='par_1_101' title="bbox 2115 4164 3708 4239">
     <span class='ocr_line' id='line_1_101' title="bbox 2115 4164 3708 4239; baseline -0.003 -17"><span class='ocrx_word' id='word_1_781' title='bbox 2115 4166 2464 4239; x_wconf 87' lang='lat' dir='ltr'><strong>spiritualem</strong></span> <span class='ocrx_word' id='word_1_782' title='bbox 2494 4174 2751 4221; x_wconf 90' lang='lat' dir='ltr'><strong>naturam</strong></span> <span class='ocrx_word' id='word_1_783' title='bbox 2781 4164 2837 4219; x_wconf 91' lang='lat' dir='ltr'><strong>in</strong></span> <span class='ocrx_word' id='word_1_784' title='bbox 2877 4166 3061 4219; x_wconf 90' lang='lat' dir='ltr'><strong>futura</strong></span> <span class='ocrx_word' id='word_1_785' title='bbox 3116 4165 3527 4220; x_wconf 88' lang='lat' dir='ltr'><strong>resurrectione</strong></span> <span class='ocrx_word' id='word_1_786' title='bbox 3557 4164 3708 4219; x_wconf 89' lang='lat' dir='ltr'><strong>acci-</strong></span> 
     </span>
    </p>
   </div>
   <div class='ocr_carea' id='block_1_102' title="bbox 2114 4257 3707 4332">
    <p class='ocr_par' dir='ltr' id='par_1_102' title="bbox 2114 4257 3707 4332">
     <span class='ocr_line' id='line_1_102' title="bbox 2114 4257 3707 4332; baseline -0.002 -17"><span class='ocrx_word' id='word_1_787' title='bbox 2114 4275 2248 4332; x_wconf 90' lang='lat' dir='ltr'><strong>pere</strong></span> <span class='ocrx_word' id='word_1_788' title='bbox 2274 4266 2503 4330; x_wconf 90' lang='lat' dir='ltr'><strong>posset;</strong></span> <span class='ocrx_word' id='word_1_789' title='bbox 2540 4257 2638 4314; x_wconf 90' lang='lat' dir='ltr'><strong>sed</strong></span> <span class='ocrx_word' id='word_1_790' title='bbox 2670 4258 2756 4313; x_wconf 88' lang='lat' dir='ltr'><strong>vel</strong></span> <span class='ocrx_word' id='word_1_791' title='bbox 2805 4257 2977 4312; x_wconf 88' lang='lat' dir='ltr'><strong>altera</strong></span> <span class='ocrx_word' id='word_1_792' title='bbox 3028 4273 3263 4327; x_wconf 87' lang='lat' dir='ltr'><strong>persona</strong></span> <span class='ocrx_word' id='word_1_793' title='bbox 3293 4257 3552 4323; x_wconf 88' lang='lat' dir='ltr'><strong>daretur,</strong></span> <span class='ocrx_word' id='word_1_794' title='bbox 3596 4273 3707 4312; x_wconf 87' lang='lat' dir='ltr'><strong>non</strong></span> 
     </span>
    </p>
   </div>
   <div class='ocr_carea' id='block_1_103' title="bbox 2115 4347 3711 4408">
    <p class='ocr_par' dir='ltr' id='par_1_103' title="bbox 2115 4347 3711 4408">
     <span class='ocr_line' id='line_1_103' title="bbox 2115 4347 3711 4408; baseline -0.003 0"><span class='ocrx_word' id='word_1_795' title='bbox 2115 4352 2422 4408; x_wconf 82' lang='lat' dir='ltr'><strong>haberetur</strong></span> <span class='ocrx_word' id='word_1_796' title='bbox 2472 4349 2672 4405; x_wconf 90' lang='lat' dir='ltr'><strong>melior</strong></span> <span class='ocrx_word' id='word_1_797' title='bbox 2720 4358 2941 4403; x_wconf 87' lang='lat' dir='ltr'><strong>natura.</strong></span> <span class='ocrx_word' id='word_1_798' title='bbox 2999 4347 3137 4403; x_wconf 91' lang='lat' dir='ltr'><strong>Cum</strong></span> <span class='ocrx_word' id='word_1_799' title='bbox 3184 4356 3367 4403; x_wconf 90' lang='lat' dir='ltr'><strong>autem</strong></span> <span class='ocrx_word' id='word_1_800' title='bbox 3410 4358 3622 4403; x_wconf 70' lang='lat' dir='ltr'><strong>naturae</strong></span> <span class='ocrx_word' id='word_1_801' title='bbox 3653 4357 3711 4403; x_wconf 88' lang='lat' dir='ltr'><strong>et</strong></span> 
     </span>
    </p>
   </div>
   <div class='ocr_carea' id='block_1_104' title="bbox 2115 4439 3711 4515">
    <p class='ocr_par' dir='ltr' id='par_1_104' title="bbox 2115 4439 3711 4515">
     <span class='ocr_line' id='line_1_104' title="bbox 2115 4439 3711 4515; baseline -0.001 -18"><span class='ocrx_word' id='word_1_802' title='bbox 2115 4457 2369 4515; x_wconf 59' lang='lat' dir='ltr'><strong>personas</strong></span> <span class='ocrx_word' id='word_1_803' title='bbox 2400 4440 2553 4495; x_wconf 91' lang='lat' dir='ltr'><strong>solus</strong></span> <span class='ocrx_word' id='word_1_804' title='bbox 2580 4440 2729 4494; x_wconf 87' lang='lat' dir='ltr'><strong>Deus</strong></span> <span class='ocrx_word' id='word_1_805' title='bbox 2759 4439 2832 4493; x_wconf 90' lang='lat' dir='ltr'><strong>sit</strong></span> <span class='ocrx_word' id='word_1_806' title='bbox 2864 4448 3091 4504; x_wconf 88' lang='lat' dir='ltr'><strong>auctor,</strong></span> <span class='ocrx_word' id='word_1_807' title='bbox 3127 4439 3261 4508; x_wconf 91' lang='lat' dir='ltr'><strong>quid</strong></span> <span class='ocrx_word' id='word_1_808' title='bbox 3292 4455 3420 4494; x_wconf 89' lang='lat' dir='ltr'><strong>eum</strong></span> <span class='ocrx_word' id='word_1_809' title='bbox 3450 4440 3711 4509; x_wconf 84' lang='lat' dir='ltr'><strong>prohibet</strong></span> 
     </span>
    </p>
   </div>
   <div class='ocr_carea' id='block_1_105' title="bbox 2116 4532 3712 4601">
    <p class='ocr_par' dir='ltr' id='par_1_105' title="bbox 2116 4532 3712 4601">
     <span class='ocr_line' id='line_1_105' title="bbox 2116 4532 3712 4601; baseline -0.002 -11"><span class='ocrx_word' id='word_1_810' title='bbox 2116 4550 2285 4590; x_wconf 88' lang='lat' dir='ltr'><strong>unam</strong></span> <span class='ocrx_word' id='word_1_811' title='bbox 2336 4543 2591 4588; x_wconf 89' lang='lat' dir='ltr'><strong>naturam</strong></span> <span class='ocrx_word' id='word_1_812' title='bbox 2652 4532 2709 4585; x_wconf 94' lang='lat' dir='ltr'><strong>in</strong></span> <span class='ocrx_word' id='word_1_813' title='bbox 2763 4532 2993 4586; x_wconf 88' lang='lat' dir='ltr'><strong>alteram</strong></span> <span class='ocrx_word' id='word_1_814' title='bbox 3036 4547 3328 4601; x_wconf 88' lang='lat' dir='ltr'><strong>personam</strong></span> <span class='ocrx_word' id='word_1_815' title='bbox 3374 4533 3712 4588; x_wconf 83' lang='lat' dir='ltr'><strong>transferre?</strong></span> 
     </span>
    </p>
   </div>
   <div class='ocr_carea' id='block_1_106' title="bbox 2117 4623 3713 4692">
    <p class='ocr_par' dir='ltr' id='par_1_106' title="bbox 2117 4623 3713 4692">
     <span class='ocr_line' id='line_1_106' title="bbox 2117 4623 3713 4692; baseline 0.001 -12"><span class='ocrx_word' id='word_1_816' title='bbox 2117 4632 2213 4680; x_wconf 88' lang='lat' dir='ltr'><strong>aut</strong></span> <span class='ocrx_word' id='word_1_817' title='bbox 2264 4623 2503 4678; x_wconf 89' lang='lat' dir='ltr'><strong>alienam</strong></span> <span class='ocrx_word' id='word_1_818' title='bbox 2548 4638 2846 4692; x_wconf 90' lang='lat' dir='ltr'><strong>personam</strong></span> <span class='ocrx_word' id='word_1_819' title='bbox 2886 4623 2942 4677; x_wconf 90' lang='lat' dir='ltr'><strong>in</strong></span> <span class='ocrx_word' id='word_1_820' title='bbox 2978 4624 3208 4677; x_wconf 90' lang='lat' dir='ltr'><strong>alteram</strong></span> <span class='ocrx_word' id='word_1_821' title='bbox 3240 4626 3537 4679; x_wconf 87' lang='lat' dir='ltr'><strong>naturam?</strong></span> <span class='ocrx_word' id='word_1_822' title='bbox 3572 4624 3713 4681; x_wconf 85' lang='lat' dir='ltr'><strong>Huic</strong></span> 
     </span>
    </p>
   </div>
   <div class='ocr_carea' id='block_1_107' title="bbox 2118 4714 3715 4787">
    <p class='ocr_par' dir='ltr' id='par_1_107' title="bbox 2118 4714 3715 4787">
     <span class='ocr_line' id='line_1_107' title="bbox 2118 4714 3715 4787; baseline 0.001 -18"><span class='ocrx_word' id='word_1_823' title='bbox 2118 4715 2368 4787; x_wconf 84' lang='lat' dir='ltr'><strong>profecto</strong></span> <span class='ocrx_word' id='word_1_824' title='bbox 2414 4714 2600 4769; x_wconf 89' lang='lat' dir='ltr'><strong>omnia</strong></span> <span class='ocrx_word' id='word_1_825' title='bbox 2636 4714 2924 4783; x_wconf 90' lang='lat' dir='ltr'><strong>possibilia</strong></span> <span class='ocrx_word' id='word_1_826' title='bbox 2958 4722 3123 4779; x_wconf 92' lang='lat' dir='ltr'><strong>sunt,</strong></span> <span class='ocrx_word' id='word_1_827' title='bbox 3174 4716 3438 4785; x_wconf 89' lang='lat' dir='ltr'><strong>quoniam</strong></span> <span class='ocrx_word' id='word_1_828' title='bbox 3486 4726 3715 4771; x_wconf 84' lang='lat' dir='ltr'><strong>naturas</strong></span> 
     </span>
    </p>
   </div>
   <div class='ocr_carea' id='block_1_108' title="bbox 2114 4805 3715 4880">
    <p class='ocr_par' dir='ltr' id='par_1_108' title="bbox 2114 4805 3715 4880">
     <span class='ocr_line' id='line_1_108' title="bbox 2114 4805 3715 4880; baseline -0.001 -17"><span class='ocrx_word' id='word_1_829' title='bbox 2114 4822 2501 4880; x_wconf 87' lang='lat' dir='ltr'><strong>personarum,</strong></span> <span class='ocrx_word' id='word_1_830' title='bbox 2525 4805 2851 4860; x_wconf 90' lang='lat' dir='ltr'><strong>animalium</strong></span> <span class='ocrx_word' id='word_1_831' title='bbox 2874 4815 2929 4860; x_wconf 94' lang='lat' dir='ltr'><strong>et</strong></span> <span class='ocrx_word' id='word_1_832' title='bbox 2961 4807 3297 4877; x_wconf 90' lang='lat' dir='ltr'><strong>plantarum,</strong></span> <span class='ocrx_word' id='word_1_833' title='bbox 3328 4806 3534 4876; x_wconf 86' lang='lat' dir='ltr'><strong>quibus</strong></span> <span class='ocrx_word' id='word_1_834' title='bbox 3556 4807 3715 4863; x_wconf 87' lang='lat' dir='ltr'><strong>alun-</strong></span> 
     </span>
    </p>
   </div>
   <div class='ocr_carea' id='block_1_109' title="bbox 2115 4901 3714 4972">
    <p class='ocr_par' dir='ltr' id='par_1_109' title="bbox 2115 4901 3714 4972">
     <span class='ocr_line' id='line_1_109' title="bbox 2115 4901 3714 4972; baseline -0.003 -12"><span class='ocrx_word' id='word_1_835' title='bbox 2115 4914 2207 4960; x_wconf 91' lang='lat' dir='ltr'><strong>tur</strong></span> <span class='ocrx_word' id='word_1_836' title='bbox 2242 4903 2552 4958; x_wconf 70' lang='lat' dir='ltr'><strong>nutriendze</strong></span> <span class='ocrx_word' id='word_1_837' title='bbox 2586 4902 2707 4956; x_wconf 67' lang='lat' dir='ltr'><strong>alia:</strong></span> <span class='ocrx_word' id='word_1_838' title='bbox 2734 4918 3008 4972; x_wconf 69' lang='lat' dir='ltr'><strong>personaa,</strong></span> <span class='ocrx_word' id='word_1_839' title='bbox 3039 4901 3296 4957; x_wconf 87' lang='lat' dir='ltr'><strong>videmus</strong></span> <span class='ocrx_word' id='word_1_840' title='bbox 3328 4901 3383 4955; x_wconf 91' lang='lat' dir='ltr'><strong>in</strong></span> <span class='ocrx_word' id='word_1_841' title='bbox 3412 4917 3506 4956; x_wconf 90' lang='lat' dir='ltr'><strong>eas</strong></span> <span class='ocrx_word' id='word_1_842' title='bbox 3536 4910 3714 4956; x_wconf 85' lang='lat' dir='ltr'><strong>trans—</strong></span> 
     </span>
    </p>
   </div>
   <div class='ocr_carea' id='block_1_110' title="bbox 2114 4993 3713 5063">
    <p class='ocr_par' dir='ltr' id='par_1_110' title="bbox 2114 4993 3713 5063">
     <span class='ocr_line' id='line_1_110' title="bbox 2114 4993 3713 5063; baseline -0.003 -12"><span class='ocrx_word' id='word_1_843' title='bbox 2114 4995 2388 5061; x_wconf 84' lang='lat' dir='ltr'><strong>formari;</strong></span> <span class='ocrx_word' id='word_1_844' title='bbox 2448 4997 2537 5048; x_wconf 86' lang='lat' dir='ltr'><strong>vel</strong></span> <span class='ocrx_word' id='word_1_845' title='bbox 2580 4993 2762 5047; x_wconf 91' lang='lat' dir='ltr'><strong>adhuc</strong></span> <span class='ocrx_word' id='word_1_846' title='bbox 2810 5006 3076 5063; x_wconf 88' lang='lat' dir='ltr'><strong>personas</strong></span> <span class='ocrx_word' id='word_1_847' title='bbox 3124 4993 3182 5047; x_wconf 90' lang='lat' dir='ltr'><strong>in</strong></span> <span class='ocrx_word' id='word_1_848' title='bbox 3223 5007 3421 5046; x_wconf 88' lang='lat' dir='ltr'><strong>novam</strong></span> <span class='ocrx_word' id='word_1_849' title='bbox 3456 5001 3713 5046; x_wconf 83' lang='lat' dir='ltr'><strong>naturam</strong></span> 
     </span>
    </p>
   </div>
   <div class='ocr_carea' id='block_1_111' title="bbox 2116 5082 3250 5161">
    <p class='ocr_par' dir='ltr' id='par_1_111' title="bbox 2116 5082 3250 5161">
     <span class='ocr_line' id='line_1_111' title="bbox 2116 5082 3250 5161; baseline -0.008 -16"><span class='ocrx_word' id='word_1_850' title='bbox 2116 5089 2379 5161; x_wconf 84' lang='lat' dir='ltr'><strong>migrare,</strong></span> <span class='ocrx_word' id='word_1_851' title='bbox 2412 5101 2629 5142; x_wconf 88' lang='lat' dir='ltr'><strong>vermes</strong></span> <span class='ocrx_word' id='word_1_852' title='bbox 2662 5085 2717 5139; x_wconf 90' lang='lat' dir='ltr'><strong>in</strong></span> <span class='ocrx_word' id='word_1_853' title='bbox 2744 5084 2991 5138; x_wconf 85' lang='lat' dir='ltr'><strong>volatilia</strong></span> <span class='ocrx_word' id='word_1_854' title='bbox 3024 5082 3250 5137; x_wconf 92' lang='lat' dir='ltr'><strong>mutari.</strong></span> 
     </span>
    </p>
   </div>
   <div class='ocr_carea' id='block_1_112' title="bbox 2705 5188 3140 5246">
    <p class='ocr_par' dir='ltr' id='par_1_112' title="bbox 2705 5188 3140 5246">
     <span class='ocr_line' id='line_1_112' title="bbox 2705 5188 3140 5246; baseline -0.002 0"><span class='ocrx_word' id='word_1_855' title='bbox 2705 5190 2857 5246; x_wconf 80' lang='lat' dir='ltr'><strong>CAP.</strong></span> <span class='ocrx_word' id='word_1_856' title='bbox 2894 5188 3140 5245; x_wconf 75' lang='lat' dir='ltr'><strong>XXXVI.</strong></span> 
     </span>
    </p>
   </div>
   <div class='ocr_carea' id='block_1_113' title="bbox 2190 5285 3710 5354">
    <p class='ocr_par' dir='ltr' id='par_1_113' title="bbox 2190 5285 3710 5354">
     <span class='ocr_line' id='line_1_113' title="bbox 2190 5285 3710 5354; baseline -0.004 -6"><span class='ocrx_word' id='word_1_857' title='bbox 2190 5291 2451 5348; x_wconf 64' lang='lat' dir='ltr'><strong>Personae</strong></span> <span class='ocrx_word' id='word_1_858' title='bbox 2495 5288 2723 5345; x_wconf 91' lang='lat' dir='ltr'><strong>nomina</strong></span> <span class='ocrx_word' id='word_1_859' title='bbox 2771 5293 2904 5341; x_wconf 91' lang='lat' dir='ltr'><strong>sunt</strong></span> <span class='ocrx_word' id='word_1_860' title='bbox 2949 5286 3088 5349; x_wconf 89' lang='lat' dir='ltr'><strong>ista,</strong></span> <span class='ocrx_word' id='word_1_861' title='bbox 3132 5285 3307 5341; x_wconf 88' lang='lat' dir='ltr'><strong>Filius</strong></span> <span class='ocrx_word' id='word_1_862' title='bbox 3344 5285 3439 5341; x_wconf 88' lang='lat' dir='ltr'><strong>Dei</strong></span> <span class='ocrx_word' id='word_1_863' title='bbox 3488 5296 3710 5354; x_wconf 85' lang='lat' dir='ltr'><strong>natura,</strong></span> 
     </span>
    </p>
   </div>
   <div class='ocr_carea' id='block_1_114' title="bbox 2117 5375 3713 5446">
    <p class='ocr_par' dir='ltr' id='par_1_114' title="bbox 2117 5375 3713 5446">
     <span class='ocr_line' id='line_1_114' title="bbox 2117 5375 3713 5446; baseline -0.004 -8"><span class='ocrx_word' id='word_1_864' title='bbox 2117 5393 2320 5438; x_wconf 90' lang='lat' dir='ltr'><strong>natura</strong></span> <span class='ocrx_word' id='word_1_865' title='bbox 2352 5382 2500 5437; x_wconf 81' lang='lat' dir='ltr'><strong>filius</strong></span> <span class='ocrx_word' id='word_1_866' title='bbox 2526 5378 2802 5443; x_wconf 88' lang='lat' dir='ltr'><strong>hominis,</strong></span> <span class='ocrx_word' id='word_1_867' title='bbox 2843 5377 2964 5432; x_wconf 91' lang='lat' dir='ltr'><strong>sine</strong></span> <span class='ocrx_word' id='word_1_868' title='bbox 2994 5375 3199 5446; x_wconf 91' lang='lat' dir='ltr'><strong>quibus</strong></span> <span class='ocrx_word' id='word_1_869' title='bbox 3227 5376 3713 5433; x_wconf 90' lang='lat' dir='ltr'><strong>Christianismum</strong></span> 
     </span>
    </p>
   </div>
   <div class='ocr_carea' id='block_1_115' title="bbox 2117 5469 3714 5540">
    <p class='ocr_par' dir='ltr' id='par_1_115' title="bbox 2117 5469 3714 5540">
     <span class='ocr_line' id='line_1_115' title="bbox 2117 5469 3714 5540; baseline -0.004 -8"><span class='ocrx_word' id='word_1_870' title='bbox 2117 5485 2270 5532; x_wconf 88' lang='lat' dir='ltr'><strong>recte</strong></span> <span class='ocrx_word' id='word_1_871' title='bbox 2301 5473 2557 5530; x_wconf 89' lang='lat' dir='ltr'><strong>confiteri</strong></span> <span class='ocrx_word' id='word_1_872' title='bbox 2588 5480 2675 5529; x_wconf 88' lang='lat' dir='ltr'><strong>est</strong></span> <span class='ocrx_word' id='word_1_873' title='bbox 2699 5469 3076 5540; x_wconf 89' lang='lat' dir='ltr'><strong>impossibile;</strong></span> <span class='ocrx_word' id='word_1_874' title='bbox 3113 5470 3276 5524; x_wconf 82' lang='lat' dir='ltr'><strong>ambo</strong></span> <span class='ocrx_word' id='word_1_875' title='bbox 3305 5469 3375 5525; x_wconf 86' lang='lat' dir='ltr'><strong>de</strong></span> <span class='ocrx_word' id='word_1_876' title='bbox 3405 5487 3518 5525; x_wconf 91' lang='lat' dir='ltr'><strong>uno</strong></span> <span class='ocrx_word' id='word_1_877' title='bbox 3545 5472 3714 5526; x_wconf 87' lang='lat' dir='ltr'><strong>Chri-</strong></span> 
     </span>
    </p>
   </div>
   <div class='ocr_carea' id='block_1_116' title="bbox 2118 5563 3765 5634">
    <p class='ocr_par' dir='ltr' id='par_1_116' title="bbox 2118 5563 3765 5634">
     <span class='ocr_line' id='line_1_116' title="bbox 2118 5563 3765 5634; baseline -0.002 -11"><span class='ocrx_word' id='word_1_878' title='bbox 2118 5578 2228 5634; x_wconf 89' lang='lat' dir='ltr'><strong>sto,</strong></span> <span class='ocrx_word' id='word_1_879' title='bbox 2259 5583 2373 5623; x_wconf 92' lang='lat' dir='ltr'><strong>non</strong></span> <span class='ocrx_word' id='word_1_880' title='bbox 2400 5566 2471 5622; x_wconf 89' lang='lat' dir='ltr'><strong>de</strong></span> <span class='ocrx_word' id='word_1_881' title='bbox 2496 5567 2769 5621; x_wconf 89' lang='lat' dir='ltr'><strong>alterutro</strong></span> <span class='ocrx_word' id='word_1_882' title='bbox 2805 5563 2967 5619; x_wconf 90' lang='lat' dir='ltr'><strong>ambo</strong></span> <span class='ocrx_word' id='word_1_883' title='bbox 2995 5563 3280 5618; x_wconf 90' lang='lat' dir='ltr'><strong>dicuntur.</strong></span> <span class='ocrx_word' id='word_1_884' title='bbox 3317 5564 3554 5619; x_wconf 86' lang='lat' dir='ltr'><strong>Nomina</strong></span> <span class='ocrx_word' id='word_1_885' title='bbox 3584 5571 3715 5621; x_wconf 76' lang='lat' dir='ltr'><strong>sunt</strong></span> <span class='ocrx_word' id='word_1_886' title='bbox 3754 5610 3765 5619; x_wconf 90' lang='lat'><strong><em>.</em></strong></span> 
     </span>
    </p>
   </div>
   <div class='ocr_carea' id='block_1_117' title="bbox 2118 5655 3719 5732">
    <p class='ocr_par' dir='ltr' id='par_1_117' title="bbox 2118 5655 3719 5732">
     <span class='ocr_line' id='line_1_117' title="bbox 2118 5655 3719 5732; baseline -0.002 -16"><span class='ocrx_word' id='word_1_887' title='bbox 2118 5674 2406 5732; x_wconf 67' lang='lat' dir='ltr'><strong>personae,</strong></span> <span class='ocrx_word' id='word_1_888' title='bbox 2462 5657 2562 5713; x_wconf 89' lang='lat' dir='ltr'><strong>sed</strong></span> <span class='ocrx_word' id='word_1_889' title='bbox 2612 5656 2864 5730; x_wconf 84' lang='lat' dir='ltr'><strong>ejusdem</strong></span> <span class='ocrx_word' id='word_1_890' title='bbox 2913 5671 3165 5727; x_wconf 69' lang='lat' dir='ltr'><strong>personae</strong></span> <span class='ocrx_word' id='word_1_891' title='bbox 3201 5674 3214 5710; x_wconf 88' lang='lat'>:</span> <span class='ocrx_word' id='word_1_892' title='bbox 3248 5655 3293 5710; x_wconf 93' lang='lat' dir='ltr'><strong>si</strong></span> <span class='ocrx_word' id='word_1_893' title='bbox 3323 5656 3471 5712; x_wconf 91' lang='lat' dir='ltr'><strong>enim</strong></span> <span class='ocrx_word' id='word_1_894' title='bbox 3505 5657 3572 5711; x_wconf 90' lang='lat' dir='ltr'><strong>de</strong></span> <span class='ocrx_word' id='word_1_895' title='bbox 3601 5672 3719 5713; x_wconf 89' lang='lat' dir='ltr'><strong>uno</strong></span> 
     </span>
    </p>
   </div>
   <div class='ocr_carea' id='block_1_118' title="bbox 2115 5748 3717 5819">
    <p class='ocr_par' dir='ltr' id='par_1_118' title="bbox 2115 5748 3717 5819">
     <span class='ocr_line' id='line_1_118' title="bbox 2115 5748 3717 5819; baseline -0.002 -11"><span class='ocrx_word' id='word_1_896' title='bbox 2115 5751 2341 5809; x_wconf 89' lang='lat' dir='ltr'><strong>Christo</strong></span> <span class='ocrx_word' id='word_1_897' title='bbox 2379 5751 2546 5807; x_wconf 90' lang='lat' dir='ltr'><strong>ambo</strong></span> <span class='ocrx_word' id='word_1_898' title='bbox 2577 5759 2728 5806; x_wconf 88' lang='lat' dir='ltr'><strong>recte</strong></span> <span class='ocrx_word' id='word_1_899' title='bbox 2759 5756 3123 5819; x_wconf 88' lang='lat' dir='ltr'><strong>usurpantur,</strong></span> <span class='ocrx_word' id='word_1_900' title='bbox 3155 5748 3224 5803; x_wconf 89' lang='lat' dir='ltr'><strong>ad</strong></span> <span class='ocrx_word' id='word_1_901' title='bbox 3247 5748 3497 5804; x_wconf 86' lang='lat' dir='ltr'><strong>eamdem</strong></span> <span class='ocrx_word' id='word_1_902' title='bbox 3528 5764 3717 5819; x_wconf 79' lang='lat' dir='ltr'><strong>perso-</strong></span> 
     </span>
    </p>
   </div>
   <div class='ocr_carea' id='block_1_119' title="bbox 2116 5842 3711 5915">
    <p class='ocr_par' dir='ltr' id='par_1_119' title="bbox 2116 5842 3711 5915">
     <span class='ocr_line' id='line_1_119' title="bbox 2116 5842 3711 5915; baseline -0.002 -13"><span class='ocrx_word' id='word_1_903' title='bbox 2116 5862 2245 5902; x_wconf 88' lang='lat' dir='ltr'><strong>nam</strong></span> <span class='ocrx_word' id='word_1_904' title='bbox 2277 5844 2446 5901; x_wconf 89' lang='lat' dir='ltr'><strong>unius</strong></span> <span class='ocrx_word' id='word_1_905' title='bbox 2473 5844 2706 5910; x_wconf 89' lang='lat' dir='ltr'><strong>Christi,</strong></span> <span class='ocrx_word' id='word_1_906' title='bbox 2744 5852 2971 5915; x_wconf 87' lang='lat' dir='ltr'><strong>accepta</strong></span> <span class='ocrx_word' id='word_1_907' title='bbox 3003 5858 3071 5899; x_wconf 66' lang='lat' dir='ltr'><strong>ex</strong></span> <span class='ocrx_word' id='word_1_908' title='bbox 3099 5858 3211 5898; x_wconf 90' lang='lat' dir='ltr'><strong>uno</strong></span> <span class='ocrx_word' id='word_1_909' title='bbox 3238 5851 3296 5898; x_wconf 80' lang='lat' dir='ltr'><strong>et</strong></span> <span class='ocrx_word' id='word_1_910' title='bbox 3322 5842 3495 5898; x_wconf 85' lang='lat' dir='ltr'><strong>altero</strong></span> <span class='ocrx_word' id='word_1_911' title='bbox 3517 5843 3711 5910; x_wconf 87' lang='lat' dir='ltr'><strong>verbo,</strong></span> 
     </span>
    </p>
   </div>
   <div class='ocr_carea' id='block_1_120' title="bbox 2118 5935 3719 6011">
    <p class='ocr_par' dir='ltr' id='par_1_120' title="bbox 2118 5935 3719 6011">
     <span class='ocr_line' id='line_1_120' title="bbox 2118 5935 3719 6011; baseline -0.002 -13"><span class='ocrx_word' id='word_1_912' title='bbox 2118 5939 2469 6009; x_wconf 83' lang='lat' dir='ltr'><strong>referuntur,</strong></span> <span class='ocrx_word' id='word_1_913' title='bbox 2507 5936 2978 6011; x_wconf 85' lang='lat' dir='ltr'><strong>quemadmodum</strong></span> <span class='ocrx_word' id='word_1_914' title='bbox 3014 5936 3203 5995; x_wconf 87' lang='lat' dir='ltr'><strong>evenit</strong></span> <span class='ocrx_word' id='word_1_915' title='bbox 3250 5935 3343 5995; x_wconf 89' lang='lat' dir='ltr'><strong>bis</strong></span> <span class='ocrx_word' id='word_1_916' title='bbox 3380 5937 3550 5996; x_wconf 89' lang='lat' dir='ltr'><strong>rebus</strong></span> <span class='ocrx_word' id='word_1_917' title='bbox 3591 5953 3719 6011; x_wconf 74' lang='lat' dir='ltr'><strong>qua:</strong></span> 
     </span>
    </p>
   </div>
  </div>
