4116 6452
539 608 870 672 Timotheus
903 620 961 674 in
990 638 1097 677 una
1127 641 1359 695 persona
1393 632 1538 689 Illius
1560 634 1713 690 Pauli
1741 647 1885 705 erat,
1905 651 1962 697 et
1984 641 2132 700 ﬁlius

537 698 737 758 Graeci.
771 704 835 760 Et
857 709 1085 768 aliunde
1112 715 1216 771 ista
1242 719 1471 776 nomina
1499 739 1790 794 personam
1813 730 2127 806 designant,

536 791 635 848 sed
670 796 862 854 habita
895 802 1111 861 ratione
1137 820 1463 868 naturarum
1493 791 1550 872 et
1576 818 1829 890 originis.

1104 991 1257 1050 CAP.
1291 996 1559 1056 XXXVII.

603 1073 700 1130 Vel
730 1075 866 1134 illud
889 1095 1114 1150 nomen,
1144 1086 1388 1154 Verbum,
1411 1090 1552 1148 duas
1568 1109 1838 1164 personas
1853 1101 2123 1168 nominat,

532 1180 657 1220 eam
687 1183 810 1238 quae
839 1187 949 1228 non
979 1184 1066 1231 est
1096 1175 1238 1233 facta
1266 1180 1498 1239 Domina
1523 1225 1540 1250 ,
1577 1195 1634 1242 et
1662 1203 1784 1244 eam
1828 1207 1951 1261 quae
1981 1193 2125 1252 facta

529 1265 616 1309 est
636 1273 650 1320 ;
681 1259 766 1314 vel
796 1259 936 1317 duas
958 1266 1287 1326 medietates
1309 1273 1477 1330 unius
1494 1290 1743 1344 personae
1765 1287 1821 1336 et
1839 1282 2005 1338 unius
2020 1284 2127 1340 Do-

529 1348 664 1402 mini
688 1368 702 1416 ;
737 1361 792 1408 et
815 1369 980 1410 nemo
1003 1357 1062 1412 fit
1081 1361 1256 1430 gratia
1283 1365 1432 1434 quod
1453 1376 1539 1423 est
1566 1378 1782 1426 natura.
1818 1372 1873 1428 Si
1906 1375 1997 1430 illa
2017 1393 2123 1433 vox

528 1439 798 1500 Dominus
820 1463 1109 1516 personam
1131 1452 1294 1511 Verbi
1320 1475 1428 1514 non
1448 1471 1700 1519 naturam
1721 1469 1992 1536 nomlnat,
2016 1470 2123 1526 Pa—

532 1542 618 1588 ter
646 1545 704 1592 et
735 1537 976 1608 Spiritus
1003 1560 1114 1601 non
1137 1557 1267 1603 sunt
1295 1549 1533 1620 Domini,
1556 1557 1833 1628 siquidem
1855 1579 1964 1618 non
1991 1574 2121 1620 sunt

529 1628 780 1698 ejusdem
812 1649 1095 1704 personae;
1133 1641 1179 1696 si
1211 1657 1343 1698 vero
1373 1655 1651 1716 naturam,
1684 1661 1837 1722 patet
1862 1665 2119 1714 naturam

527 1719 827 1779 humanam
881 1727 1017 1782 illud
1066 1733 1242 1801 gratia
1284 1736 1624 1808 obtinuisse,
1669 1719 1817 1814 (iuod
1850 1749 2119 1810 Divinitas

525 1823 723 1871 natura
753 1817 940 1886 habet,
970 1838 1169 1895 nempe
1195 1829 1382 1884 vocari
1407 1831 1733 1903 Dominum;
1765 1847 1823 1896 et
1847 1841 1948 1911 ipsi
1979 1843 2118 1902 fate-

525 1907 692 1973 mini,
746 1919 975 1982 propter
1025 1916 1252 1974 nimiam
1297 1922 1624 1981 char-itatem
1684 1905 2001 1991 Diviuitatis
2057 1937 2114 1994 in
2145 1905 2193 1968 Β

523 1995 923 2057 humanitatem
975 2004 1080 2075 ipsi
1121 2011 1375 2080 preprias
1403 2012 1629 2073 divitias
1660 2019 1718 2073 in
1748 2035 1848 2076 sua
1874 2039 2112 2095 persona

519 2092 944 2151 eommodantis.

1089 2191 1244 2249 CAP.
1280 2195 1568 2256 XXXVIII.

589 2271 648 2328 Si
681 2275 925 2335 Verbum
971 2292 1057 2338 est
1098 2285 1246 2343 Deus
1289 2289 1604 2358 divinitate,
1639 2295 1683 2350 si
1714 2297 1882 2355 homo
1914 2299 2112 2359 huma-

515 2364 693 2422 nitate
713 2408 728 2432 ,
771 2369 827 2426 in
854 2372 1074 2430 duabus
1101 2383 1357 2447 personis
1385 2396 1469 2439 est
1497 2387 1670 2443 Filius
1695 2390 1816 2457 Dei,
1851 2402 1909 2448 et
1938 2395 2113 2452 Filius

517 2455 794 2526 hominis,
847 2463 994 2520 sicut
1042 2467 1262 2527 duabus
1295 2477 1512 2532 naturis
1553 2490 1639 2534 est
1668 2482 1812 2539 Deus
1839 2496 1895 2540 et
1922 2486 2108 2544 homo.

516 2547 574 2602 Si
623 2550 842 2609 duabus
889 2560 1123 2626 naturis,
1163 2573 1224 2618 ut
1256 2565 1461 2636 inquis,
1498 2571 1800 2632 divinitate
1828 2586 1885 2634 et
1910 2579 2108 2636 burna-

513 2636 710 2705 nitate,
747 2642 892 2699 Deus
925 2654 981 2701 ct
1013 2649 1180 2706 homo
1205 2665 1290 2709 est
1320 2656 1464 2712 idem
1495 2660 1591 2716 Dei
1621 2663 1796 2721 Filius
1816 2708 1831 2731 ,
1883 2679 2108 2740 reputa.

513 2725 670 2784 bitur
701 2741 1020 2796 necessario
1065 2743 1206 2800 duas
1239 2758 1492 2818 naturas,
1528 2769 1641 2811 non
1675 2757 1813 2814 duas
1841 2777 2108 2831 personas

512 2821 746 2883 habere.

1088 3013 1243 3073 CAP.
1280 3017 1524 3080 XXXIX.

580 3098 638 3154 Si
681 3102 849 3160 unius
883 3121 1132 3177 personae
1182 3130 1296 3170 non
1331 3117 1525 3187 factae,
1579 3131 1636 3178 et
1680 3123 1834 3183 facta:
1873 3128 2104 3187 alterius

505 3200 593 3246 est
637 3194 924 3268 Verbum,
981 3205 1076 3273 qui
1133 3209 1319 3266 aufert
1368 3228 1664 3272 numerum
1712 3235 2076 3290 personarum

507 3284 675 3342 Verbi
708 3305 1002 3360 personam
1046 3298 1263 3368 aufert,
1313 3304 1433 3361 sive
1475 3323 1586 3363 non
1617 3308 1842 3378 factam,
1874 3314 1990 3371 sive
2020 3315 2103 3373 fa-

503 3383 672 3432 ctam.
717 3380 823 3436 Sed
863 3399 1028 3441 nemo
1061 3389 1355 3462 religiosus
1385 3394 1524 3453 duas
1555 3413 1679 3456 esse
1706 3403 1876 3459 Verbi
1906 3422 2100 3476 perso-

503 3485 605 3524 nas
649 3472 986 3543 confitetur;
1046 3489 1103 3535 at
1157 3485 1378 3539 unicam
1431 3490 1554 3560 ejus
1584 3507 1880 3562 personam
1925 3499 2105 3554 credit

504 3569 676 3618 totam
742 3567 900 3636 prius
951 3586 1075 3628 esse
1128 3578 1488 3647 conspicuam
1546 3600 1615 3638 ex
1665 3589 2105 3658 proprietatibus

505 3652 787 3725 inereatis,
822 3677 975 3718 nunc
1004 3681 1140 3722 vero
1168 3671 1359 3728 verbis
1386 3684 1444 3729 et
1464 3676 1682 3735 actibus
1708 3695 1822 3737 suae
1849 3698 2104 3753 persona:

502 3761 678 3805 novos
707 3751 1064 3814 characteres
1095 3762 1477 3822 manifestare.

1139 3965 1292 4022 CAP.
1332 3969 1450 4025 XL.

575 4044 631 4101 Si
667 4064 777 4104 non
803 4051 981 4108 solum
1013 4055 1082 4110 ad
1115 4057 1357 4115 Verbum
1391 4062 1512 4129 Dei,
1548 4064 1644 4120 sed
1674 4065 1842 4123 etiam
1879 4070 1949 4126 ad
1977 4087 2101 4128 car-

502 4154 628 4195 nem
653 4144 896 4212 pertinet
923 4165 1032 4205 non
1057 4167 1178 4208 esse
1202 4167 1529 4226 generatum
1558 4177 1628 4216 ex
1647 4163 1819 4220 altera
1838 4167 2100 4225 substan-

504 4233 580 4288 tia
631 4249 688 4292 et
728 4253 963 4308 persona
991 4284 1007 4309 ,
1059 4262 1224 4317 quam
1275 4250 1490 4317 Patris,
1539 4255 1650 4311 erit
1697 4273 1828 4314 caro
1873 4278 1938 4318 ex
1981 4264 2099 4320 sola

502 4326 808 4385 substantia
842 4331 1042 4402 Patris,
1070 4353 1228 4409 aeque
1257 4349 1321 4398 ac
1347 4343 1616 4402 Verbum.
1656 4348 1773 4407 Hoc
1808 4370 1938 4410 vere
1968 4372 2098 4426 pro-

501 4420 686 4488 prium
735 4433 821 4479 est
871 4427 1044 4497 ipsius
1084 4432 1285 4500 Verbi,
1342 4451 1510 4494 carne
1540 4443 1786 4499 nondum
1815 4460 2098 4520 assumpta

503 4512 558 4572 in
587 4513 999 4586 incarnatione,
1035 4533 1091 4579 et
1120 4526 1416 4585 character
1441 4541 1529 4588 est
1557 4537 1815 4606 proprius
1846 4557 2098 4611 persona:

1830 432 2144 500 LEONTII
2183 439 2593 507 BI’ZANTINI

541 516 764 576 duobus
807 523 1126 587 nominibus
1173 546 1461 594 vocantur.
1524 541 1731 598 Eodem
1777 547 1943 604 modo
1989 549 2135 606 idem

2164 556 2210 614 Α
2239 555 2298 619 ἐξ
2315 555 2478 611 ἄλλου
2511 559 2608 613 καὶ
2629 559 2792 616 ἄλλου
2809 562 3117 637 εἰλημμένα
3143 565 3303 638 λόγου
3325 586 3339 603 ο
3368 569 3541 638 οὑτως
3570 572 3696 645 γοῦν
3717 579 3806 634 καὶ

2233 649 2498 718 Τιμόθεος
2527 653 2556 706 6
2597 654 2762 720 αὑτὸς
2793 658 2853 711 ὲν
2902 659 3005 730 μιᾷ
3038 662 3103 730 τῇ
3140 661 3441 719 ὑποστάσει
3483 667 3665 733 αὑτοῦ,
3698 670 3806 734 υίός

2229 759 2289 796 τε
2315 739 2382 815 ἦν
2404 745 2617 800 Παύλου
2642 749 2737 803 καὶ
2767 752 2976 824 πατρὸς
2990 753 3256 825 Ἕλληνος
3285 773 3300 787 ο
3326 757 3499 824 ἄλλως
3514 759 3572 814 δὲ
3593 761 3738 826 τάδε,
3759 764 3805 816 εί

2230 838 2326 890 καὶ
2360 838 2503 892 κατὰ
2534 839 2910 909 ὑποστάσεως,
2939 844 3058 899 ἀλλ’
3105 848 3172 901 ἐκ
3203 847 3312 903 τῶν
3355 850 3572 922 φύσεων
3597 853 3804 926 ὠνόμα-

2231 943 2355 980 σται
2389 927 2487 983 καὶ
2520 930 2631 985 τῶν
2650 932 2963 1004 γεννήσεων
2996 936 3203 1006 σαφῶς.

2813 1027 3066 1082 ΚΕΦΛΛ.
3099 1031 3219 1087 ΛΖ’.

2299 1107 2370 1162 Ἦ
2388 1108 2481 1163 δύο
2504 1111 2856 1170 ὑποπάσεών
2881 1117 3028 1171 ἐστιν
3043 1119 3214 1191 ὄνομα
3238 1121 3268 1176 6
3293 1121 3486 1192 Λόγος,
3503 1127 3605 1198 τῆς
3621 1126 3806 1199 ἀποιή-

2227 1217 2320 1252 του
2372 1202 2603 1274 Κυρίου,
2667 1207 2763 1259 καὶ
2814 1209 2916 1275 τῆς
2955 1213 3336 1284 πεποιημένης
3374 1217 3604 1288 Κυρίου,
3655 1220 3805 1292 ἢδύο

2227 1290 2473 1361 ἡμίσεων
2500 1296 2600 1364 τῆς
2635 1299 2766 1364 μιᾶς
2800 1299 3159 1370 ὑποστάσεως
3182 1305 3277 1359 τοῦ
3307 1307 3426 1372 ἐνὸς
3449 1310 3660 1382 Κυρίου
3677 1290 3702 1345 -σ
3721 1311 3804 1366 οὑ-

2223 1383 2334 1447 δεὶς
2385 1385 2442 1439 δὲ
2472 1388 2683 1456 γίνεται
2713 1393 2857 1448 κατὰ
2887 1393 3068 1468 χάριν,
3106 1398 3135 1452 ὅ
3173 1398 3294 1453 ἐστι
3345 1400 3492 1456 κατά
3524 1402 3706 1470 φύσιν.
3745 1405 3803 1458 Ei

2226 1481 2327 1549 τῆς
2355 1481 2709 1548 ὑποστάσεως
2741 1487 2835 1541 τοῦ
2862 1489 3040 1557 Λόγου
3070 1491 3222 1546 ἐστὶν
3263 1491 3437 1564 ὄνομα
3485 1495 3547 1549 τὸ
3575 1498 3798 1566 Κύριος,

2223 1573 2317 1625 καὶ
2331 1574 2392 1626 οὑ
2424 1574 2523 1642 τῆς
2549 1576 2785 1646 φύσεως,
2823 1582 2851 1636 6
2877 1582 3066 1656 Πατὴρ
3098 1584 3208 1657 ἄρα
3243 1586 3338 1640 καὶ
3368 1588 3431 1643 τὸ
3467 1589 3712 1660 Πνεῦμα,
3744 1591 3798 1643 οὑ

2221 1662 2442 1734 Κύριοι,
2476 1665 2596 1720 ἐπεὶ
2621 1667 2682 1721 οὑ
2711 1669 2811 1740 τῆς
2847 1672 3018 1743 αὑτῆς
3077 1675 3218 1730 είσιν
3261 1676 3649 1743 ὑποστάσεωςο
3677 1681 3723 1734 εί
3747 1679 3798 1734 δὲ

2221 1753 2439 1823 φύσεώς
2483 1759 2623 1824 ἐστι,
2658 1760 2819 1830 δῆλον
2865 1763 3007 1838 ῶςή
3061 1767 3380 1842 ἀνθρωπίνη
3415 1771 3582 1839 φύσις
3623 1773 3800 1842 γέγονε

2221 1846 2365 1900 κατά
2388 1848 2548 1920 χάριν
2571 1851 2731 1906 τοῦτο
2755 1855 2784 1908 ὅ
2818 1855 2934 1910 ἐστι
2964 1860 3108 1914 κατὰ
3137 1860 3300 1930 φύσιν
3332 1864 3366 1932 ἡ
3389 1863 3619 1935 Θεότης,
3643 1865 3798 1935 ἤγουν

2225 1939 2450 2010 Κύριος,
2495 1943 2574 2007 ὡς
2626 1948 2723 2001 καὶ
2755 1949 2912 2020 ὑμεῖς
2941 1952 3224 2024 εἰρήκατε,
3254 1955 3346 2010 διὰ
3374 1959 3478 2026 τῆς
3507 1957 3685 2028 ἄκρας
3708 1959 3798 2029 τῆς

2216 2035 2358 2090 κατὰ
2386 2037 2517 2108 μίαν
2542 2037 2846 2097 ὑπόστασιν
2874 2044 3016 2116 πρὸς
3046 2046 3221 2119 αὑτὴν
3274 2048 3549 2120 εὐφυΐας,
3581 2068 3798 2123 χαρισα-

2218 2127 2390 2200 μένης
2428 2130 2569 2204 αὑτῇ
2592 2132 2663 2187 τὰ
2700 2133 2808 2188 ίδια
2831 2138 3066 2206 φυσικά-

2801 2229 3054 2286 ΚΕΦΑΛ.
3091 2232 3224 2288 ΛΗ’.

2286 2313 2351 2369 EI
2390 2315 2604 2388 Θεότητι
2631 2318 2765 2385 Θεὸς
2789 2322 2818 2375 6
2839 2323 3033 2391 Λόγος,
3070 2326 3167 2379 καὶ
3189 2326 3579 2401 ἀνθρωπότητι
3599 2329 3798 2401 ἄνθρω-

2213 2421 2316 2471 πος
2338 2408 2368 2461 6
2388 2409 2583 2478 Λόγος,
2617 2412 2676 2466 ἐν
2701 2413 2856 2468 δυσὶν
2881 2415 2991 2487 ἄρα
3008 2417 3372 2474 ὑποστάσεσίν
3403 2423 3557 2476 ἐστιν
3581 2424 3609 2476 6
3634 2423 3796 2491 Λόγος

2209 2499 2343 2565 Υἱὸς
2392 2501 2490 2556 τοῦ
2534 2503 2672 2558 Θεοῦ
2713 2507 2810 2560 καὶ
2844 2508 2974 2574 Υἱὸς
3019 2509 3346 2586 ἀνθρώπου·
3398 2511 3595 2586 ῶσπερ
3624 2515 3714 2568 καὶ
3740 2515 3792 2567 ὲν

2209 2593 2334 2648 δυσὶ
2370 2595 2568 2666 φύσεσι
2607 2599 2742 2666 Θεὸς
2788 2604 2884 2658 καὶ
2913 2605 3225 2676 ἄνθρωπος.
3262 2607 3328 2660 Ei
3361 2607 3420 2662 ὲν
3462 2608 3657 2678 φύσεσι
3683 2608 3794 2663 δυσὶ

2209 2687 2343 2753 Θεὸς
2369 2691 2466 2744 καὶ
2499 2690 2808 2763 ἄνθρωπος,
2834 2696 2910 2761 ὡς
2959 2698 3118 2767 ἔφης,
3149 2700 3318 2766 ἐστὶν,
3340 2700 3399 2754 ἐν
3439 2701 3673 2773 θεότητι.
3695 2702 3794 2773 ἄρα

2209 2777 2307 2831 καὶ
2354 2779 2773 2852 ἀνθρωπότητι,
2820 2785 2914 2839 δύο
2971 2789 3167 2856 φύσεις
3215 2791 3539 2860 ἀναγκαίως
3579 2794 3672 2846 καὶ
3734 2791 3791 2845 οὑ

2207 2869 2301 2924 δύο
2361 2871 2692 2940 ὑποστάσεις
2763 2878 2793 2931 6
2856 2878 3022 2946 αὑτὸς
3091 2881 3419 2954 νοηθήσεται
3479 2879 3622 2940 εἶναι
3673 2883 3791 2948 Υίὸς

2205 2961 2364 3018 Θεοῦ.

2801 3063 3027 3118 ΚΕΦΑΛ
3039 3104 3054 3118 .
3082 3063 3210 3122 ΛΘ⁹.

2279 3148 2341 3203 Εἰ
2371 3150 2503 3222 μίαν
2525 3151 2641 3225 ἔχει
2667 3155 2696 3209 6
2716 3156 2889 3226 Λόγος
2921 3158 3228 3214 ὑπόστασιν
3261 3159 3534 3236 ἀποίητον
3559 3164 3652 3220 καὶ
3673 3164 3789 3235 μίαν

2085 3267 2099 3291 9
2127 3257 2172 3320 C
2206 3245 2605 3318 πεποιημένην,
2628 3247 2656 3301 6
2682 3249 2927 3321 ἀναιρῶν
2946 3251 3056 3306 τῶν
3075 3252 3440 3309 ὑποστάσεων
3461 3257 3555 3311 τὸν
3570 3257 3789 3328 ἀριθμὸν

2206 3341 2424 3412 ἀναιρεῖ
2453 3343 2546 3397 τοῦ
2566 3345 2743 3415 Λόγου
2770 3347 2871 3418 τὴν
2897 3348 3226 3416 ὑπόστασιν,
3257 3351 3291 3426 ἦ
3324 3353 3427 3422 τὴν
3461 3353 3787 3426 ἀποίητον,ῆ

2203 3432 2304 3502 τὴν
2327 3436 2728 3508 πεποιημένην.
2779 3438 2922 3492 ⁹Λλλ’
2956 3441 3134 3506 οὐδεὶς
3162 3442 3410 3498 εὐσεϐῶν
3439 3446 3536 3500 δύο
3563 3446 3787 3500 ὑποστάο

2205 3541 2319 3590 σεις
2336 3526 2481 3598 ἔχειν
2501 3529 2667 3584 αὑτόν
2687 3548 2822 3602 φησι
2843 3531 3014 3598 ὄντως
3032 3533 3124 3587 τὸν
3145 3536 3320 3606 Λόγον
3344 3552 3358 3566 '
3391 3539 3536 3594 ἀλλὰ
3555 3539 3652 3611 τὴν
3671 3539 3788 3611 μίαν

2204 3619 2371 3674 αὑτοῦ
2426 3621 2756 3688 ὑπόστασιν,
2790 3625 2962 3680 πάλαι
3020 3627 3120 3698 μὲν
3151 3627 3210 3696 ἐξ
3257 3629 3547 3701 ἀποιήτων
3595 3633 3653 3686 τὸ
3678 3631 3786 3686 ὅλον

2204 3708 2569 3780 γνωρίζεσθαι
2599 3711 2910 3784 ἰδιωμάτων
2937 3715 3190 3781 ἐντελῶς,
3213 3717 3309 3772 νῦν
3336 3719 3392 3772 δὲ
3416 3721 3517 3775 καὶ
3542 3723 3606 3776 ἐκ
3645 3739 3786 3791 ποιη-

2203 3801 2313 3857 τῶν
2332 3801 2476 3874 ἔχειν
2508 3803 2683 3874 λόγων
2708 3806 2803 3860 καὶ
2852 3810 3208 3880 πραγμάτων
3232 3812 3298 3866 ὲκ
3332 3815 3663 3885 περιουσίας
3693 3813 3780 3876 τάς

2205 3895 2582 3960 ὑποστατικάς
2610 3897 2815 3971 ἑαυτῆς
2849 3901 3198 3973 ὑπογραφάς.

2805 3993 3062 4049 ΚΕΦΑΛ.
3091 3995 3186 4051 Μ’.

2275 4076 2339 4132 Εἰ
2369 4079 2472 4134 οὑκ
2507 4079 2658 4136 ἔστιν
2703 4080 2890 4148 ίδικῶς
2929 4084 3026 4139 τοῦ
3071 4084 3208 4140 Θεοῦ
3251 4087 3434 4158 Λόγου
3459 4092 3521 4145 τὸ
3562 4090 3636 4162 μὴ
3657 4084 3782 4143 εἶναι

2200 4169 2606 4239 γεννηθένταὲξ
2631 4172 2826 4245 ἐτέρας
2861 4175 3053 4240 οὑσίας
3079 4175 3112 4246 ἢ
3145 4177 3508 4244 ὑποστάσεως
3541 4179 3676 4252 πλὴν
3693 4179 3782 4249 τῆς

2199 4256 2295 4311 τοῦ
2331 4259 2566 4330 Πατρὸς,
2600 4261 2738 4316 ἀλλά
2770 4263 2866 4318 καὶ
2904 4265 3004 4337 τῆς
3041 4267 3266 4336 σαρκὸς,
3300 4268 3459 4324 ἔσται
3482 4271 3592 4341 ἄρα
3643 4270 3780 4338 καὶὴ

2203 4351 2342 4422 σάρξ
2365 4353 2428 4406 ὲκ
2459 4352 2562 4425 τῆς
2601 4354 2792 4418 οὑσίας
2820 4359 2994 4427 μόνης
3024 4357 3118 4412 τοῦ
3155 4360 3390 4432 Πατρὸς,
3427 4365 3673 4434 καθάπερ
3698 4362 3782 4416 καὶ

2199 4443 2229 4496 6
2257 4443 2390 4508 Θεὸς
2421 4445 2612 4514 Λόγος.
2643 4447 2804 4502 Ἔστι
2832 4448 2933 4520 μὲν
2991 4445 3086 4505 οὖν
3120 4451 3290 4506 αὑτοῦ
3338 4453 3525 4520 ίδικῶς
3553 4456 3668 4509 τόδε
3696 4453 3778 4508 τοῦ

2202 4536 2380 4607 Λόγου
2434 4539 2601 4606 ῐδιον,
2634 4538 2749 4594 ἀλλ’
2798 4539 2952 4596 οὑπω
2981 4543 3078 4614 μὲν
3132 4545 3313 4616 σάρκα
3347 4548 3778 4620 προσλαϐομένου

498 4602 650 4690 ἰΙξίυε
679 4609 949 4680 simplicis
977 4624 1034 4671 et
1063 4619 1226 4674 unius
1253 4637 1501 4691 personae
1526 4643 1541 4693 ;
1596 4644 1721 4684 eum
1754 4644 1940 4690 autem
1985 4652 2090 4691 no-

2587 4602 2596 4606 -
2981 4602 2994 4614 I
3207 4602 3218 4616 ι
3395 4602 3407 4620 Ι
3632 4602 3642 4618 ⁵

2201 4626 2320 4682 καθ’
2344 4629 2562 4696 ἕνωσιν,
2589 4630 2664 4696 ὡς
2698 4631 3058 4698 ὑποστάσεως
3091 4635 3262 4689 αὑτοῦ
3286 4650 3778 4710 χαρακτηριστικον

503 4711 630 4750 vam
681 4702 1059 4770 acceptionem
1109 4708 1306 4766 habuit
1353 4731 1554 4772 nomen
1607 4725 1859 4780 naturale
1910 4726 2088 4797 illius,

495 4897 662 4938 unam
707 4896 923 4955 partem
967 4891 1223 4965 designat
1263 4902 1520 4971 proprie,
1553 4921 1664 4963 non
1692 4919 1862 4966 totam
1893 4930 2088 4984 perso-

495 4986 623 5028 nam
670 4993 794 5046 qua:
827 4978 994 5038 hodie
1023 4985 1228 5055 gaudet
1265 4990 1372 5048 hoc
1396 4996 1643 5056 nomine.
1681 4978 2088 5062 Eodem-modo

492 5065 668 5123 solius
710 5071 908 5128 animae
955 5084 1040 5132 est
1079 5078 1348 5139 indicium
1383 5085 1699 5149 intellectus
1730 5105 1786 5151 ct
1814 5096 2086 5162 scientiae,

490 5171 602 5211 non
635 5158 760 5216 ideo
786 5172 974 5222 autem
1008 5168 1156 5226 illam
1193 5181 1348 5232 trans
1372 5177 1776 5242 humanitatem
1809 5189 2083 5256 collocat;

489 5249 665 5306 solius
693 5262 887 5324 gustus
916 5268 1003 5315 est
1036 5276 1234 5323 succos
1261 5272 1716 5348 apprehendere,
1769 5281 1866 5338 sed
1916 5297 1984 5339 ex
2017 5297 2085 5338 co

488 5353 601 5395 non
630 5342 798 5403 habet
829 5361 1122 5424 personam
1151 5363 1460 5433 propriam.

1158 5631 1263 5690 AP.
1302 5634 1443 5690 XLI.

561 5705 794 5773 Quando
821 5712 1023 5772 divina:
1047 5629 1659 5793 Scfitﬁirilghristum
1684 5743 1885 5788 vocant
1906 5751 2077 5791 unum

493 5792 796 5866 hominem,
829 5803 873 5858 si
898 5804 1054 5862 illum
1079 5792 1203 5866 eum
1230 5817 1341 5872 Deo
1361 5818 1680 5892 intelligunt
1708 5825 1812 5880 hoc
1831 5828 2075 5896 nomine,

496 5883 720 5945 videtur
770 5896 920 5962 quod
968 5899 1115 5958 Deus
1163 5905 1235 5964 sit
1287 5911 1469 5968 media
1511 5883 1642 5985 pars
1687 5917 1947 5977 hominis.
2008 5922 2077 5979 Et

2201 4721 2335 4776 ίδιον
2361 4724 2463 4794 τῆς
2500 4723 2682 4796 ἁπλῆς
2707 4725 2801 4779 καὶ
2828 4726 3134 4797 μονοφυοῦς
3164 4729 3362 4801 ὁρᾶται
3382 4748 3397 4763 ο
3445 4733 3696 4786 συνθέτου
3727 4728 3778 4782 δὲ

2070 4838 2086 4888 ς
2198 4814 2494 4884 γενομένου
2543 4812 2638 4868 τοῦ
2701 4815 2936 4884 φυσικοῦ
2993 4817 3163 4890 αὑτῆς
3213 4819 3408 4890 λόγου,
3441 4823 3540 4894 οὑχ
3567 4823 3641 4885 ὡς
3689 4819 3777 4888 τῆς

2196 4904 2335 4970 ὅλως
2364 4905 2719 4972 ὑποστάσεως
2745 4909 2886 4962 κατά
2911 4907 3003 4962 τὸν
3021 4911 3254 4979 φυσικὸν
3277 4913 3451 4984 αὑτῆς
3480 4914 3636 4983 λόγον
3659 4912 3776 4966 [διον

2196 4998 2314 5064 νῦν,
2353 4999 2470 5053 ἀλλ’
2513 5000 2590 5064 ὡς
2625 5000 2828 5073 μέρους
2863 5002 2983 5068 ἑνὸς
3031 5002 3114 5069 ὃν,
3153 5005 3288 5060 ίδιον
3317 5007 3428 5061 τῶν
3458 5009 3518 5062 ἐν
3555 5011 3618 5079 τῇ
3651 5007 3772 5060 ὑπο-

2198 5093 2386 5146 στάσει
2404 5095 2844 5165 συμπεφυκότων
2871 5097 3222 5168 πραγμάτων
3247 5099 3579 5171 νοηθήσεται
3605 5118 3617 5132 ·
3645 5099 3774 5153 οὑτω

2192 5185 2328 5258 γοῦν
2377 5187 2474 5242 καὶ
2513 5187 2693 5260 ψυχῆς
2744 5193 2906 5261 μόνον
2959 5193 3100 5258 ἐστὶ,
3128 5193 3191 5247 τὸ
3219 5193 3312 5249 νοῦ
3340 5195 3434 5248 καὶ
3477 5193 3773 5293 ἐπιστήμης

2191 5280 2462 5336 δεικτικόν
2481 5297 2495 5312 ·
2526 5280 2623 5335 καὶ⁸
2647 5281 2706 5335 οὑ
2728 5283 2882 5355 παρά
2915 5285 3034 5338 τόδε
3065 5285 3173 5359 ἰδίᾳ
3198 5286 3352 5357 παρά
3410 5286 3504 5341 τὸν
3539 5287 3660 5358 ὅρον
3684 5281 3767 5335 τοῦ

2191 5374 2487 5447 ἀνθρώπου
2520 5370 2661 5429 εἶναι
2693 5376 2866 5446 αὑτὴν
2888 5376 3216 5449 παρίστησιν
3237 5395 3250 5409 ·
3272 5378 3407 5432 ἀλλά
3424 5380 3520 5432 καὶ
3542 5376 3766 5448 γεύσεως

2192 5461 2325 5515 ἴδιον
2352 5461 2544 5533 μόνης,
2578 5462 2643 5516 τὸ
2655 5463 2766 5517 τῶν
2797 5465 2990 5536 χυμῶν
3017 5468 3439 5536 ἁντιληπτικόν·
3475 5469 3570 5523 καὶ
3590 5467 3683 5522 οὑκ
3711 5466 3767 5516 ἐκ

2188 5552 2366 5620 τοῦδε,
2398 5553 2542 5626 ίδικὴ
2565 5553 2772 5628 ταύτης
2799 5557 2949 5610 ἐστὶν
2984 5557 3305 5624 ὑπόστασις.

2777 5649 3032 5702 ΚΕΦΔΛ.
3060 5651 3196 5704 MA'.

2259 5739 2322 5792 Et
2350 5739 2532 5811 ὅτανὴ
2569 5739 2690 5795 θεία
2717 5741 2913 5812 Γραφὴ
2946 5741 3040 5795 τὸν
3086 5744 3325 5814 Χριστὸν
3355 5745 3453 5799 ἕνα
3506 5747 3640 5816 καλῇ
3674 5742 3758 5797 ἄν·

2187 5832 2429 5901 θρωπον,
2465 5829 2603 5900 μετά
2632 5830 2728 5884 τοῦ
2763 5833 2901 5885 Θεοῦ
2941 5834 3098 5887 καλεῖ
3129 5836 3294 5890 αὑτὸν
3324 5837 3421 5892 ἕνα
3465 5837 3754 5906 ἄνθρωπον,

2185 5923 2356 5995 δῆλον
2383 5924 2466 5979 ὅτι
2486 5923 2658 5996 ἥμισυ
2676 5924 2770 5981 τοῦ
2791 5925 2911 5991 ἐνὸς
2933 5925 3226 5999 ἀνθρώπου
3261 5931 3409 5987 ἐστὶν
3438 5933 3466 5985 6
3486 5930 3632 5993 Θεός.
3656 5925 3752 5980 Καὶ
