4116 6436
331 440 464 504 1597

1250 415 1654 486 ADVERSUS
1685 400 2239 473 NESTORIANOS.
2274 424 2341 436 -
2378 397 2527 459 LIB.
2569 396 2655 459 II.

3476 379 3613 447 1598
3650 362 3659 383 '

328 555 419 606 ὅτε
445 543 538 602 οὖν
566 545 716 613 λέγει
745 540 925 615 σάρκα
949 538 1041 594 τὸν
1066 535 1377 608 ἄνθρωπον,
1405 533 1480 595 ὡς
1510 530 1570 583 ὲν
1596 525 1697 596 τῷ,
1729 542 1746 575 ι
1776 514 1921 592 Πρὸς
1950 557 1960 571 ,.

2068 511 2250 566 uando
2284 509 2452 564 homo
2481 523 2611 563 caro
2637 505 2864 570 dicitur,
2894 500 3040 559 sicut
3066 497 3173 556 hoc
3197 498 3324 555 loco
3354 512 3368 551 :
3405 514 3423 548 ι
3452 494 3534 550 Ad
3563 502 3616 547 te

2168 604 2179 615 .
2517 601 2528 613 ο
2573 609 2583 615 .
2724 598 2805 615 ιιι,
2854 610 2967 615 μη.-
3007 593 3181 615 -_:_.--
3233 605 3357 615 ...ι-..ει
3390 586 3593 615 Ain“...-

332 645 391 698 σὲ
413 643 564 696 πᾶσα
589 636 729 709 σάρξ
743 613 885 708 ἣξει,
908 652 927 686 ι
954 633 1093 703 μετὰ
1109 630 1207 700 τῆς
1223 627 1403 698 ψυχῆς
1426 622 1583 678 καλεῖ
1604 617 1770 675 αὑτὸν
1797 613 1926 686 μίαν

334 737 538 809 σάρκα,
586 705 746 803 δῆλον
767 705 860 783 -ὅτι
891 728 1064 799 ἥμισυ
1112 723 1211 795 τῆς
1244 719 1375 792 μιᾶς
1427 714 1633 786 σαρκός
1692 712 1844 765 ἐστιν
1892 705 1928 776 ἡ

332 825 507 899 ψυχή.

926 928 1183 986 ΚΕΦΑΛ.
1207 925 1343 982 MB’.

421 1054 481 1109 Ὀ
497 1049 780 1125 ὁμολογῶν
806 1048 901 1103 τὸν
920 1043 1159 1117 Χριστὸν
1175 1038 1310 1113 ὁμοῦ
1339 1036 1473 1092 Θεὸν
1504 1033 1599 1089 καὶ
1625 1029 1933 1102 ἄνθρωπον,

339 1148 435 1202 καὶ
495 1120 573 1217 μὴ
600 1120 779 1212 λέγων
811 1141 905 1195 τὸν
954 1136 1196 1211 Χριστὸν
1231 1131 1368 1205 ὁμοῦ
1400 1130 1610 1201 ἕτερον,
1646 1123 1745 1195 τὴν
1797 1120 1937 1175 ἰδίαν

339 1214 571 1310 ἀναιρεῖ-
613 1233 928 1308 ὁμολογίαν.
962 1231 1077 1287 Καὶ
1124 1228 1246 1292 πῶς
1302 1223 1531 1280 δυνατὸν
1564 1219 1626 1273 τὸ
1655 1217 1791 1272 αὑτὸ
1817 1214 1938 1268 ὅλον

342 1326 607 1401 Χριστοῦ,
639 1328 827 1401 ἕτερον
856 1326 951 1379 καὶ
973 1323 1164 1395 ἓτερον
1182 1321 1304 1375 ὅλον
1337 1317 1455 1380 ἐνὸς
1484 1310 1726 1386 Χριστοῦ
1751 1310 1935 1372 νοείν;

346 1400 457 1493 ἄρα
492 1414 586 1475 οὖν
609 1419 675 1472 ὲκ
704 1400 906 1489 μέρους
934 1414 1194 1488 καὶπρὸς
1226 1411 1394 1483 μέρος
1430 1405 1595 1462 αὑτοῦ
1645 1407 1793 1458 ἐστιν
1819 1400 1941 1454 ἓτε-

353 1531 444 1593 ρος
471 1514 563 1567 καὶ
588 1513 775 1584 ἕτερος
810 1512 838 1564 6
864 1504 944 1573 εἷς
965 1506 1227 1581 Χριστός.

932 1642 1190 1701 ΚΕΦΛΛ.
1236 1640 1371 1697 Ml".

424 1766 594 1820 Φασὶν
624 1766 706 1819 ἔτι
742 1764 825 1818 ὅτι
853 1763 901 1816 εί
926 1761 1152 1830 γέγονεν
1188 1757 1478 1827 ἄνθρωπος
1506 1753 1535 1807 6
1561 1747 1757 1820 Λόγος,
1785 1745 1945 1819 δῆλον

350 1862 431 1915 ὅτι
452 1878 538 1924 τις
568 1858 886 1930 ἄνθρωπος’
916 1856 1017 1909 οὑκ
1037 1852 1154 1906 ἔστι
1182 1850 1292 1921 γὰρ
1312 1847 1623 1918 ἄνθρωπος,
1657 1841 1733 1914 μὴ
1765 1839 1840 1894 ὢν
1856 1855 1940 1901 τις

351 1953 643 2021 ἄνθρωπος
666 1967 681 1982 ο
713 1952 741 2003 ό
760 1948 816 2003 δέ
840 1966 924 2011 τις
950 1946 1259 2017 ἄνθρωπος,
1285 1939 1576 2012 ἀνθρώπου
1606 1934 1906 1994 ὑπόστασις
1923 1946 1938 1962 ο

351 2043 387 2113 ἢ
425 2043 521 2096 οὖν
553 2042 647 2096 δύο
679 2038 1017 2101 ὑποστάσεις
1054 2033 1317 2106 Χριστοῦ,
1365 2033 1399 2102 ἢ
1433 2033 1467 2102 ή
1518 2028 1611 2082 τοῦ
1648 2026 1823 2094 Λόγου
1860 2023 1946 2091 ὲξ-

352 2135 561 2190 έλιπεν,
598 2132 740 2187 Ἀλλ’
771 2130 1043 2206 ἔνθεοςίὲκ
1066 2126 1292 2199 πρώτης
1314 2121 1604 2192 ὑπάρξεως
1626 2113 1781 2181 οὗτος
1807 2117 1836 2171 6
1861 2117 1946 2179 τὶς

353 2227 641 2299 ἄνθρωπος
674 2224 914 2298 Χριστὸς
942 2202 1041 2293 τὴν
1068 2218 1367 2273 ὑπόστασίν
1415 2217 1601 2269 ἐστιν·
1659 2212 1798 2282 ὅπερ
1826 2202 1947 2261 ἴσον

353 2323 431 2393 τῷ
459 2298 595 2384 Θεὸς
642 2320 820 2374 εἰπεῖν
851 2314 1281 2387 ὲνανθρωπήσας
1334 2309 1436 2381 τὴν
1487 2305 1813 2367 ὑπόστασιν,
1860 2298 1950 2355 διὰ

353 2392 452 2486 τῆς
485 2413 627 2485 πρὸς
658 2411 759 2484 τὴν
794 2409 944 2465 θείαν
971 2406 1163 2462 οὐσίαν
1189 2403 1440 2466 ἑνώσεως
1466 2400 1566 2472 τῆς
1595 2392 1951 2468 ἀνθρωπίνης

352 2506 562 2569 οὐσίας.

940 2615 1195 2673 ΚΕΦΑΛ.
1224 2614 1357 2668 MA'.

423 2740 564 2796 Φασὶ
585 2738 749 2793 πάλιν
775 2737 859 2790 ὅτι
887 2737 937 2788 εί
962 2734 1182 2805 ἔμεινεν
1217 2729 1246 2783 6
1274 2728 1410 2792 Θεὸς
1448 2725 1623 2795 Λόγος
1666 2722 1694 2776 ὃ
1725 2716 1816 2793 ἦν,
1858 2719 1956 2774 καὶ

356 2838 583 2908 γέγονεν
605 2833 633 2887 ὃ
664 2831 766 2886 οὑκ
789 2825 881 2902 ἦν,
908 2826 1069 2899 δῆλον
1098 2825 1181 2879 ὅτι
1212 2822 1430 2893 ἔμεινεν
1455 2820 1699 2889 ἄσαρκος
1726 2815 1827 2887 τὴν
1862 2815 1956 2867 οὑ-

362 2906 486 2984 σίαν
522 2927 551 2981 ὃ
604 2926 701 2980 καὶ
731 2918 823 2996 ἦν.
855 2921 964 2976 Καὶ
1009 2919 1119 2990 γάρ
1154 2919 1309 2971 ἐστιν
1347 2913 1518 2975 ὅντως
1566 2909 1811 2981 ἄσαρκος
1857 2906 1959 2975 τὴν

359 3020 552 3075 οὐσίαν
573 3035 589 3051 ·
639 2995 765 3071 άλλί
787 3014 911 3085 οὐχὶ
945 3012 1107 3067 τοῦτο
1152 3006 1374 3074 καὶτῆς
1404 3002 1760 3063 ὑποστάσεως
1792 2995 1958 3052 αὐτοῦ

359 3112 457 3167 νῦν
485 3111 687 3165 οἰκεῖον
720 3105 1117 3178 κατηγόρημα,
1144 3102 1333 3169 ὥσπερ
1369 3098 1467 3153 καὶ
1496 3097 1531 3167 ἡ
1554 3092 1723 3164 ψυχὴ,
1758 3090 1961 3156 ζῶντος

362 3206 458 3261 ἐπὶ
478 3205 582 3276 γῆς
606 3203 686 3257 ἔτι
708 3200 1018 3267 Βασιλείον,
1048 3198 1296 3268 ἄσαρκος
1328 3195 1428 3266 μὲν
1453 3191 1553 3263 τὴν
1602 3186 1818 3251 οὐσίαν,
1869 3200 1961 3238 σε·

366 3296 702 3371 σαρκωμένη
728 3294 788 3349 δέ
810 3295 927 3348 ἐστι
962 3291 1062 3364 τὴν
1095 3290 1421 3343 ὑπόστασιν.

980 3403 1239 3459 ΚΕΦΑΛ.
1264 3400 1401 3455 ME'.

450 3526 518 3580 Ἦ
560 3522 697 3596 σὰρξ
732 3522 781 3575 εί
819 3520 894 3592 μὴ
920 3519 1037 3573 ἐστι
1083 3517 1227 3580 τινὸς
1258 3510 1575 3584 ἀνθρώπου,
1612 3508 1775 3580 φύσει
1812 3506 1965 3579 παρά

368 3621 462 3674 τὸν
484 3618 619 3671 Θεὸν
653 3617 829 3685 Λόγον
855 3612 1045 3680 ἐτέρου
1101 3611 1276 3673 ὄντος.
1330 3604 1468 3659 ἀλλὰ
1489 3603 1584 3657 τοῦ
1620 3602 1776 3666 Θεοῦ,
1806 3600 1966 3671 δῆλον

371 3714 455 3768 ὅτι
485 3714 514 3767 6
541 3711 643 3782 τῆς
676 3710 881 3781 σαρκὸς
906 3702 1254 3777 Δημιουργὸς
1271 3700 1369 3754 καὶ
1398 3696 1551 3761 Θεὸς,
1579 3695 1673 3751 τοῦ
1700 3694 1836 3749 Θεοῦ
1862 3692 1966 3747 Λό-

372 3825 473 3878 γου
508 3806 626 3860 ἐστι
671 3800 1006 3874 δημιουργὸς
1056 3799 1152 3852 καὶ⁵
1189 3796 1345 3858 Θεός.
1392 3791 1535 3847 Ἀλλ’
1575 3789 1723 3843 ἔστιν
1776 3787 1969 3857 ἑτέρας

378 3901 477 3974 μὲν
500 3899 739 3970 φύσεως,
777 3892 1075 3967 προσώπου
1106 3890 1162 3944 δὲ
1184 3888 1304 3960 οὐχί
1323 3904 1338 3919 ·
1371 3886 1486 3941 ἀλλ’
1505 3883 1671 3939 αὑτοῦ
1706 3882 1969 3948 ίδιοποιη-

376 3971 615 4063 σαμένου
654 3989 825 4060 αὐτὴν
848 3984 941 4040 τοῦ
972 3984 1147 4054 Λόγου
1183 3980 1489 4054 προσλήψει
1519 3979 1584 4049 τῇ
1613 3976 1694 4038 εἰς
1707 3972 1807 4044 τὴν
1832 3971 1969 4026 ἰδίαν

376 4085 540 4142 αὑτοῦ
562 4084 883 4140 ὑπόστασιν.

944 4191 1203 4248 ΚΕΦΛΛ.
1243 4187 1397 4256 MCT.

457 4316 520 4368 '0
552 4312 732 4383 σάρκα
760 4308 858 4381 μὲν
886 4306 1025 4380 ἔχων
1056 4306 1150 4360 καὶ
1194 4303 1373 4375 ψυχὴν
1401 4298 1652 4371 λογικὴν,
1685 4296 1975 4368 ἄνθρωπον

376 4408 435 4462 δὲ
463 4407 539 4479 μὴ
570 4405 733 4475 ἔχων,
762 4398 1053 4471 ἄνθρωπός
1082 4400 1231 4453 ἐστιν
1268 4395 1452 4468 μόνος·
1482 4394 1511 4447 6
1534 4392 1591 4446 δὲ
1618 4390 1760 4460 ἔχων
1796 4389 1977 4458 σάρκα

378 4502 477 4555 καὶ
507 4498 712 4570 ψυχὴν,
742 4495 881 4566 ἔχων
909 4492 967 4546 δὲ
1008 4491 1105 4545 καὶ
1149 4490 1241 4544 τὸν
1283 4487 1596 4559 ἄνθρωπον,
1630 4482 1818 4555 ἕτερός
1858 4484 1976 4534 ἐστι

380 4594 536 4667 παρὰ
558 4594 651 4647 τὸν
683 4590 998 4661 ἄνθρωπονο
1032 4586 1127 4641 καὶ
1154 4587 1182 4639 6
1210 4583 1343 4647 Θεὸς
1374 4579 1468 4637 οὖν
1496 4582 1690 4649 Λόγος,
1722 4579 1771 4632 εξ
1798 4576 1975 4648 σάρκα

380 4688 493 4759 ἔχει
530 4683 891 4757 ὲψυχωμὲνην
931 4679 1078 4752 ψυχῇ
1108 4678 1324 4749 λογικῇ,
1361 4676 1421 4741 ἐξ
1458 4675 1707 4746 ἀνάγκης
1738 4669 1974 4742 ἔχεικαὶ

379 4781 473 4834 τὸν
513 4778 821 4849 ἄνθρωπον.
856 4775 921 4827 Εἰ
952 4772 1047 4827 οῦν
1082 4772 1110 4825 6
1156 4772 1337 4841 σάρκα
1380 4786 1441 4822 τε
1486 4767 1624 4822 ἀλλὰ
1657 4766 1755 4820 καὶ
1795 4762 1975 4835 ψυχὴν

382 4868 852 4944 ἔχων,άνθρωπον
873 4866 926 4919 δὲ
950 4864 1025 4935 μὴ
1043 4863 1203 4934 ἔχων,
1229 4861 1514 4933 ἄνθρωπός
1538 4860 1709 4924 ἐστιν,
1742 4857 1816 4922 ὡς
1846 4855 1973 4925 φὴς,

382 4969 449 5037 τῇ
482 4961 780 5018 ὑποστάσει
814 4961 880 5031 τῇ
920 4958 1017 5029 μιᾷ
1049 4949 1152 5020 εἷς’
1196 4954 1293 5008 καὶ
1321 4955 1348 5007 6
1376 4951 1509 5016 Θεὸς
1536 4950 1709 5019 Λόγος
1746 4948 1855 5017 ἄρα
1884 4945 1977 4998 τὸν

385 5057 672 5129 ἄνθρωπον
700 5052 862 5125 ἔχων,
896 5050 1077 5121 σάρκα
1118 5065 1179 5101 τε
1211 5047 1307 5100 καὶ
1338 5044 1519 5115 ψυχὴν
1553 5042 1687 5113 ἔχει·
1723 5040 1783 5105 ἐξ
1809 5038 1978 5107 άνάγ-

387 5168 492 5222 κης
538 5144 633 5203 οὖν
672 5146 809 5219 πρὸς
837 5147 904 5216 τῇ
957 5142 1173 5215 θεότητι
1210 5142 1238 5194 6
1284 5137 1572 5210 ἄνθρωπος
1627 5129 1709 5198 εἷς
1760 5135 1876 5186 ἐστι
1909 5134 1976 5204 τῇ

388 5242 691 5299 ὑποστάσει
723 5240 819 5294 καὶ
866 5236 1008 5292 κατὰ
1056 5236 1124 5312 at,
1189 5231 1350 5304 εἴπερ
1391 5231 1488 5285 καὶ
1530 5227 1679 5300 ψυχὴ
1717 5227 1855 5300 πρὸς
1898 5224 1980 5297 τῷ

392 5333 625 5409 σώματι,
655 5333 731 5398 ὡς
771 5328 955 5394 εἶπας.
1932 5326 1963 5335 ’⁵

962 5440 1221 5497 ΚΕΦΛΛ.
1274 5440 1409 5493 ΜΖ’.

462 5564 525 5618 Εἰ
557 5562 615 5615 ἓν
641 5560 864 5631 ἄτομον,
896 5556 1053 5626 φησι,
1082 5553 1235 5607 ἐστὶν
1260 5552 1291 5605 6
1324 5548 1560 5621 Χριστὸς
1596 5547 1777 5619 μόνον,
1809 5547 1842 5617 ἢ
1881 5562 1980 5615 μο-

391 5656 593 5720 νοειδές
613 5672 689 5720 τι,
729 5652 763 5724 ἢ
790 5652 898 5705 τῶν
934 5648 1041 5704 ὑπὸ
1074 5641 1218 5710 εἶδος
1256 5646 1474 5708 πάντως
1515 5642 1712 5714 (ἄλλως
1741 5640 1851 5710 γάρ
1882 5638 1983 5692 οὑκ

394 5749 522 5822 ἔνι),
550 5749 585 5820 ἢ
613 5747 707 5802 οῦν
737 5746 791 5799 τί
830 5746 947 5797 ἐστι
984 5740 1151 5796 αὑτοῦ
1173 5739 1234 5793 τὸ
1263 5735 1423 5802 εἶδος,
1451 5736 1486 5808 ἢ
1521 5734 1627 5788 ὑπὸ
1654 5735 1805 5788 ποῖον
1840 5725 1981 5793 εἶδός

395 5846 535 5909 ἐστι,
565 5841 777 5910 λέγετε.
818 5837 975 5892 Ἐπεὶ
1010 5830 1104 5890 οὖν
1137 5832 1312 5896 οὕτως
1345 5826 1618 5901 ἐπωρώθη
1642 5828 1713 5881 τὰ
1735 5826 1986 5898 νοήματα

394 5933 505 5991 τῶν
529 5932 801 6002 ἀπίστων,
842 5929 919 5995 ὡς
957 5927 1189 6001 ἀγχόθεν
1225 5922 1599 5998 σφαδάζοντας
1644 5919 1719 5994 μὴ
1757 5920 1981 5991 διαυγά-

2030 604 2213 659 omnis
2245 619 2376 657 caro
2407 601 2591 656 veniet
2620 618 2638 651 ι
2664 640 2681 667 ,
2722 598 2816 653 ille
2846 610 2971 651 cum
3004 593 3189 649 anima
3230 605 3360 645 caro
3388 586 3615 649 dicitur,

2030 712 2137 753 nec
2169 704 2356 751 tamen
2388 693 2627 750 habetur
2655 690 2845 746 anima
2874 702 3007 759 pars
3031 683 3213 740 media
3239 679 3446 737 carnis.

2645 895 2801 952 CAP.
2839 892 3005 948 XLII.

2107 1017 2212 1085 Qui
2235 1015 2535 1072 conﬁtetur
2556 1011 2836 1067 Christum
2862 1007 3027 1064 simul
3043 1007 3215 1061 Deum
3241 1011 3297 1057 et
3317 1000 3622 1060 hominem,

2037 1126 2143 1166 nec
2171 1108 2306 1164 dicit
2334 1106 2497 1161 simul
2528 1103 2810 1159 Christum
2841 1108 2897 1154 et
2925 1098 3181 1160 alterum,
3217 1108 3328 1148 non
3357 1089 3462 1145 sibi
3490 1103 3626 1142 con-

2040 1200 2232 1258 sentit.
2295 1196 2404 1253 Sed
2458 1192 2711 1263 nunquid
2757 1189 3025 1261 possibile
3056 1195 3140 1242 est
3174 1185 3230 1239 in
3260 1190 3377 1237 toto
3405 1179 3629 1235 Christo

2041 1295 2183 1351 duos
2228 1289 2463 1361 reperiri
2502 1287 2754 1343 Christos
2791 1279 3136 1351 completos?
3181 1277 3319 1334 Cum
3346 1274 3630 1343 loquimur

2044 1391 2114 1447 de
2145 1404 2257 1443 uno
2286 1384 2513 1441 Christo
2542 1379 2719 1436 altero
2747 1386 2805 1433 et
2834 1374 3039 1439 altero,
3074 1385 3106 1425 a
3139 1376 3298 1440 parte
3331 1366 3385 1421 in
3416 1371 3633 1435 partem

2046 1480 2371 1538 transimus-

2650 1609 2805 1667 CAP.
2839 1604 3030 1663 XLIII.

2118 1734 2177 1792 Si
2230 1730 2473 1790 Verbum
2524 1725 2694 1782 homo
2739 1720 2943 1775 factum
2982 1722 3106 1779 est,
3157 1708 3405 1782 profecto
3438 1702 3641 1773 aliquis

2048 1830 2217 1885 homo
2261 1833 2347 1882 est
2402 1822 2601 1894 (homo
2628 1816 2776 1873 enim
2808 1826 2919 1868 non
2943 1816 3049 1874 est,
3076 1805 3172 1877 qui
3196 1819 3309 1862 non
3334 1809 3418 1855 est
3441 1796 3642 1867 aliquis

2042 1914 2468 1993 homo);aliquis
2489 1914 2656 1967 homo
2673 1918 2757 1964 est
2774 1916 3039 1975 persona;
3070 1898 3237 1973 igitur
3258 1894 3344 1949 vel
3368 1894 3491 1947 duae
3514 1894 3644 1944 sunt

2046 1982 2253 2071 Christi
2294 1982 2547 2082 persona:
2572 2045 2587 2069 ,
2641 2001 2730 2059 vel
2774 1996 2961 2054 deﬁcit
3003 1990 3168 2048 Verbi
3209 2002 3467 2060 persona.
3534 1982 3643 2036 Iste

2047 2109 2251 2180 aliquis
2276 2080 2465 2166 homo,
2497 2099 2776 2162 Christus,
2812 2094 3037 2149 divinus
3062 2095 3148 2145 est
3180 2099 3442 2158 persona,
3471 2097 3500 2134 a
3527 2080 3644 2149 pri-

2049 2219 2140 2259 mo
2168 2197 2397 2255 instanti
2427 2190 2787 2254 exsistentias,
2822 2183 2971 2257 quod
3005 2180 3153 2237 idem
3179 2184 3263 2232 est
3290 2190 3354 2229 ac
3380 2173 3423 2228 si
3449 2172 3640 2226 dicas:

2049 2297 2198 2352 Deus
2241 2287 2610 2361 personaliter
2642 2284 2813 2337 homo
2845 2279 3027 2333 factus
3059 2279 3181 2338 est,
3217 2270 3411 2343 juncta
3443 2262 3646 2319 divinae

2052 2383 2375 2446 substantia:
2409 2381 2655 2436 humana
2679 2368 3015 2430 substantia.

2662 2585 2815 2643 CAP.
2852 2580 3042 2639 XLIV.

2131 2718 2336 2776 Dicunt
2376 2710 2543 2769 etiam
2564 2750 2578 2772 ,
2611 2704 2758 2777 quod
2797 2701 2843 2757 si
2872 2697 3121 2756 Verbum
3153 2693 3251 2749 Dei
3284 2694 3472 2746 manet
3501 2683 3651 2757 quod

2058 2820 2199 2873 erat,
2235 2814 2292 2862 et
2321 2801 2469 2876 quod
2501 2814 2612 2854 non
2639 2804 2760 2851 erat
2789 2792 2995 2848 factum
3024 2795 3130 2853 est,
3159 2784 3286 2841 ideo
3314 2782 3653 2849 incorporeze

2060 2874 2386 2960 substantia:
2430 2890 2698 2950 remansit
2749 2884 2901 2957 quod
2944 2890 3066 2939 erat
3107 2887 3291 2933 antea.
3325 2874 3530 2934 Etiam,
3567 2876 3655 2923 cst

2062 2996 2405 3062 incorporeas
2430 2980 2781 3043 substantiae,
2814 2990 2966 3032 nunc
2998 2979 3182 3027 autem
3218 2964 3351 3022 illud
3384 2961 3657 3034 praedica-

2064 3097 2182 3144 tum
2217 3098 2329 3139 non
2353 3085 2439 3135 est
2462 3074 2750 3147 proprium
2776 3079 3030 3141 personae
3052 3062 3204 3132 ejus;
3239 3058 3407 3119 sicut,
3430 3052 3656 3107 vivente

2066 3182 2121 3236 in
2154 3176 2318 3233 terris
2344 3170 2570 3234 Basilio,
2604 3165 2786 3222 anima
2812 3162 3141 3227 incorporea
3169 3149 3394 3223 quidem
3418 3156 3504 3201 est
3526 3141 3659 3197 sub-

2067 3268 2291 3335 stantia,
2326 3264 2423 3323 sed
2456 3272 2722 3331 corporea
2753 3254 2824 3310 ob
2851 3262 3169 3323 personam.

2681 3382 2835 3440 CAP.
2874 3340 3040 3434 xbv.

2133 3507 2250 3565 Nisi
2281 3519 2409 3561 caro
2441 3502 2514 3557 sit
2540 3497 2774 3565 alicujus
2798 3485 3042 3546 hominis
3089 3482 3185 3553 qui
3210 3487 3408 3536 natura
3444 3490 3553 3530 non
3576 3480 3662 3528 est

2064 3601 2307 3659 Verbum
2352 3594 2487 3659 Dei,
2523 3591 2571 3647 si
2604 3590 2677 3645 sit
2706 3584 2826 3648 Dei,
2862 3589 3081 3638 certum
3107 3582 3194 3629 est
3218 3568 3405 3626 carnis
3429 3566 3663 3621 Creato-

2068 3708 2185 3748 rem
2233 3699 2291 3745 et
2335 3688 2509 3741 Deum
2557 3694 2682 3737 esse
2714 3673 2884 3733 Verbi
2914 3669 3013 3726 Dei
3044 3674 3352 3723 creatorem
3384 3668 3440 3716 et
3464 3658 3661 3711 Deum.

2067 3789 2167 3843 Est
2192 3781 2416 3854 quidem
2441 3775 2673 3832 alterius
2694 3778 2927 3831 naturae,
2955 3762 3052 3819 sed
3078 3775 3187 3816 non
3209 3767 3481 3828 personae,
3499 3764 3663 3820 quam

2071 3887 2326 3934 naturam
2381 3868 2487 3926 sibi
2534 3862 2819 3937 propriam
2871 3857 3005 3913 fecit
3036 3852 3315 3916 Verbum,
3356 3860 3483 3902 cum
3517 3842 3666 3898 illam

2072 3967 2371 4041 assmnpsit
2406 3966 2463 4019 in
2497 3959 2718 4034 propria
2747 3968 3002 4027 persona.

2679 4154 2830 4213 CAP.
2870 4148 3059 4207 XLVI.

2144 4281 2248 4349 Qui
2270 4292 2493 4335 carnem
2518 4272 2689 4328 habet
2714 4279 2770 4325 et
2796 4266 3037 4321 animam
3061 4254 3469 4316 rationabilem,
3491 4248 3671 4306 homi-

2077 4392 2203 4431 nem
2236 4381 2421 4428 autem
2453 4383 2563 4423 non
2602 4363 2792 4427 habet,
2825 4361 2992 4415 homo
3028 4362 3114 4409 est
3140 4351 3324 4416 solus;
3359 4346 3455 4417 qui
3487 4352 3671 4399 autem

2079 4468 2248 4523 habet
2277 4476 2498 4519 carnem
2533 4468 2589 4514 et
2616 4454 2876 4514 animam,
2906 4448 3075 4503 habet
3107 4456 3328 4513 quoque
3362 4436 3670 4495 hominem,

2082 4562 2223 4616 alius
2249 4559 2346 4627 est}
2368 4557 2535 4627 juxta
2554 4548 2857 4606 hominem.
2898 4542 2967 4597 Et
3001 4542 3147 4595 Deus
3206 4535 3375 4606 igitur
3405 4529 3672 4589 Verbum,

2082 4653 2131 4710 si
2163 4665 2385 4708 carnem
2433 4646 2601 4701 habet
2645 4641 2943 4697 animatam
2991 4627 3305 4690 rationabili
3351 4625 3557 4687 anima,
3609 4636 3677 4676 ex

2082 4743 2412 4801 necessitate
2442 4738 2612 4793 habet
2635 4735 2802 4790 etiam
2830 4729 3114 4785 hominem
3140 4742 3152 4777 :
3178 4722 3224 4778 si
3251 4718 3419 4792 igitur
3437 4716 3531 4787 qui
3558 4714 3680 4769 car-

2082 4853 2210 4894 nem
2261 4843 2318 4891 et
2350 4833 2587 4889 animam
2626 4826 2812 4891 habet,
2845 4822 3128 4878 hominem
3162 4831 3295 4871 vero
3330 4828 3440 4867 non
3488 4809 3678 4873 habet,

2084 4931 2253 4985 homo
2291 4932 2396 4991 est,
2428 4930 2491 4978 ut
2534 4920 2695 4983 dicis,
2745 4917 2801 4971 in
2851 4909 3209 4970 subsistentia
3254 4919 3364 4960 una
3410 4914 3585 4962 unus;
3622 4904 3680 4951 et

2084 5022 2234 5077 Deus
2259 5016 2505 5074 Verbum
2536 5010 2819 5067 hominem
2851 5005 3066 5059 habens
3100 5010 3323 5054 carnem
3351 4999 3407 5048 et
3435 4989 3678 5045 animam

2086 5114 2276 5178 habet,
2307 5126 2375 5166 ex
2406 5104 2732 5163 necessitate
2755 5113 2887 5169 ergo
2914 5102 3114 5166 praeter
3136 5086 3481 5144 divinitatem
3512 5074 3681 5132 homo

2087 5221 2233 5261 unus
2261 5211 2346 5259 est
2378 5201 2431 5255 in
2454 5192 2834 5257 subsistentia,
2865 5198 2922 5243 et
2951 5181 3258 5240 secundum
3292 5185 3369 5244 te,
3406 5168 3681 5242 siquidem

1978 5344 2001 5363 .
2053 5309 2144 5357 *et
2171 5299 2356 5355 anima
2396 5302 2480 5350 est
2512 5297 2710 5363 prmter
2740 5295 2966 5352 corpus,
2999 5285 3061 5331 ut
3088 5270 3295 5329 dixisti.

2090 5634 2325 5687 tantum,
2363 5626 2459 5673 aut
2488 5612 2654 5669 unius
2683 5604 2908 5679 speciei,
2944 5610 3040 5656 aut
3064 5614 3131 5653 ex
3164 5594 3252 5650 his
3278 5606 3400 5664 quae
3432 5587 3537 5644 sub
3559 5600 3685 5654 spe-

2089 5723 2175 5780 cie
2206 5724 2335 5774 sunt
2355 5709 2707 5787 generaliter,
2743 5702 2908 5757 aliter
2967 5695 3117 5752 enim
3162 5705 3284 5746 esse
3321 5700 3433 5741 non
3468 5690 3686 5754 potest;

2090 5817 2176 5874 vel
2211 5812 2380 5885 igitur
2427 5820 2550 5878 qua:
2590 5802 2662 5857 sit
2702 5799 2822 5869 ejus
2849 5790 3083 5865 species,
3116 5785 3200 5843 vel
3232 5782 3337 5839 sub
3366 5796 3475 5851 qua
3503 5776 3687 5848 specie

2094 5915 2186 5982 sit,
2216 5904 2405 5965 dicite.
2433 5901 2734 5970 Cumergo
2764 5892 2845 5950 sic
2880 5887 3225 5947 obdureutnr
3268 5866 3687 5937 incredulorum
