  <div class='ocr_page' id='page_1' title='image "/cluster/home/n/w/nwhite01/storage/ocr_20150623/86:pt.1/coo.31924054869874/807.png"; bbox 0 0 4116 6478; ppageno 0'>
   <div class='ocr_carea' id='block_1_1' title="bbox 555 429 694 498">
    <p class='ocr_par' dir='ltr' id='par_1_1' title="bbox 555 429 694 498">
     <span class='ocr_line' id='line_1_1' title="bbox 555 429 694 498; baseline 0 -2"><span class='ocrx_word' id='word_1_1' title='bbox 555 429 694 498; x_wconf 80' lang='lat'><strong>1599</strong></span> 
     </span>
    </p>
   </div>
   <div class='ocr_carea' id='block_1_2' title="bbox 1830 426 2593 490">
    <p class='ocr_par' dir='ltr' id='par_1_2' title="bbox 1830 426 2593 490">
     <span class='ocr_line' id='line_1_2' title="bbox 1830 426 2593 490; baseline 0 -1"><span class='ocrx_word' id='word_1_2' title='bbox 1830 427 2145 490; x_wconf 86' lang='lat' dir='ltr'><strong>LEONTII</strong></span> <span class='ocrx_word' id='word_1_3' title='bbox 2182 426 2593 490; x_wconf 82' lang='lat' dir='ltr'><strong>BYZANTINI</strong></span> 
     </span>
    </p>
   </div>
   <div class='ocr_carea' id='block_1_3' title="bbox 3698 436 3830 502">
    <p class='ocr_par' dir='ltr' id='par_1_3' title="bbox 3698 436 3830 502">
     <span class='ocr_line' id='line_1_3' title="bbox 3698 436 3830 502; baseline 0.015 -2"><span class='ocrx_word' id='word_1_4' title='bbox 3698 436 3830 502; x_wconf 80' lang='grc'><strong>1600</strong></span> 
     </span>
    </p>
   </div>
   <div class='ocr_carea' id='block_1_4' title="bbox 550 543 2147 625">
    <p class='ocr_par' dir='ltr' id='par_1_4' title="bbox 550 544 2143 622">
     <span class='ocr_line' id='line_1_4' title="bbox 550 544 2143 622; baseline -0.004 -16"><span class='ocrx_word' id='word_1_5' title='bbox 550 559 787 617; x_wconf 80' lang='lat' dir='ltr'><strong>mentes,</strong></span> <span class='ocrx_word' id='word_1_6' title='bbox 815 556 878 605; x_wconf 93' lang='lat' dir='ltr'><strong>ut</strong></span> <span class='ocrx_word' id='word_1_7' title='bbox 908 564 1082 622; x_wconf 86' lang='lat' dir='ltr'><strong>prope</strong></span> <span class='ocrx_word' id='word_1_8' title='bbox 1108 548 1316 605; x_wconf 78' lang='lat' dir='ltr'><strong>versati</strong></span> <span class='ocrx_word' id='word_1_9' title='bbox 1345 563 1457 604; x_wconf 92' lang='lat' dir='ltr'><strong>non</strong></span> <span class='ocrx_word' id='word_1_10' title='bbox 1489 546 1829 620; x_wconf 84' lang='lat' dir='ltr'><strong>perspiciam</strong></span> <span class='ocrx_word' id='word_1_11' title='bbox 1859 544 2143 616; x_wconf 80' lang='lat' dir='ltr'><strong>Evangelii</strong></span> 
     </span>
    </p>
   </div>
   <div class='ocr_carea' id='block_1_5' title="bbox 2249 543 3830 625">
    <p class='ocr_par' dir='ltr' id='par_1_5' title="bbox 2249 543 3830 625">
     <span class='ocr_line' id='line_1_5' title="bbox 2249 543 3830 625; baseline 0.007 -27"><span class='ocrx_word' id='word_1_12' title='bbox 2249 543 2362 610; x_wconf 78' lang='grc' dir='ltr'><strong>ζειν</strong></span> <span class='ocrx_word' id='word_1_13' title='bbox 2395 548 2522 610; x_wconf 76' lang='grc' dir='ltr'><strong>τοὺς</strong></span> <span class='ocrx_word' id='word_1_14' title='bbox 2556 546 2745 615; x_wconf 84' lang='grc' dir='ltr'><strong>λόγους</strong></span> <span class='ocrx_word' id='word_1_15' title='bbox 2788 548 3149 619; x_wconf 85' lang='grc' dir='ltr'><strong>Εύαγγελίου,</strong></span> <span class='ocrx_word' id='word_1_16' title='bbox 3178 548 3402 606; x_wconf 75' lang='grc' dir='ltr'><strong>λεκτέον</strong></span> <span class='ocrx_word' id='word_1_17' title='bbox 3423 553 3520 606; x_wconf 72' lang='grc' dir='ltr'><strong>καὶ</strong></span> <span class='ocrx_word' id='word_1_18' title='bbox 3538 553 3672 625; x_wconf 82' lang='grc' dir='ltr'><strong>ἡμῖν</strong></span> <span class='ocrx_word' id='word_1_19' title='bbox 3698 557 3830 624; x_wconf 79' lang='grc' dir='ltr'><strong>πρὸς</strong></span> 
     </span>
    </p>
   </div>
   <div class='ocr_carea' id='block_1_6' title="bbox 548 638 2143 712">
    <p class='ocr_par' dir='ltr' id='par_1_6' title="bbox 548 638 2143 712">
     <span class='ocr_line' id='line_1_6' title="bbox 548 638 2143 712; baseline -0.004 -13"><span class='ocrx_word' id='word_1_20' title='bbox 548 644 740 711; x_wconf 82' lang='lat' dir='ltr'><strong>verba,</strong></span> <span class='ocrx_word' id='word_1_21' title='bbox 776 644 1071 700; x_wconf 89' lang='lat' dir='ltr'><strong>dicendum</strong></span> <span class='ocrx_word' id='word_1_22' title='bbox 1101 643 1265 699; x_wconf 86' lang='lat' dir='ltr'><strong>nobis</strong></span> <span class='ocrx_word' id='word_1_23' title='bbox 1301 642 1370 698; x_wconf 90' lang='lat' dir='ltr'><strong>ad</strong></span> <span class='ocrx_word' id='word_1_24' title='bbox 1398 642 1541 706; x_wconf 90' lang='lat' dir='ltr'><strong>illos,</strong></span> <span class='ocrx_word' id='word_1_25' title='bbox 1574 641 1722 712; x_wconf 91' lang='lat' dir='ltr'><strong>quod</strong></span> <span class='ocrx_word' id='word_1_26' title='bbox 1747 655 1910 695; x_wconf 90' lang='lat' dir='ltr'><strong>omne</strong></span> <span class='ocrx_word' id='word_1_27' title='bbox 1936 638 2143 694; x_wconf 86' lang='lat' dir='ltr'><strong>indivi-</strong></span> 
     </span>
    </p>
   </div>
   <div class='ocr_carea' id='block_1_7' title="bbox 550 731 2145 806">
    <p class='ocr_par' dir='ltr' id='par_1_7' title="bbox 550 731 2145 806">
     <span class='ocr_line' id='line_1_7' title="bbox 550 731 2145 806; baseline -0.004 -14"><span class='ocrx_word' id='word_1_28' title='bbox 550 737 732 803; x_wconf 89' lang='lat' dir='ltr'><strong>sibile,</strong></span> <span class='ocrx_word' id='word_1_29' title='bbox 782 736 930 806; x_wconf 85' lang='lat' dir='ltr'><strong>quod</strong></span> <span class='ocrx_word' id='word_1_30' title='bbox 968 744 1065 789; x_wconf 85' lang='lat' dir='ltr'><strong>aut</strong></span> <span class='ocrx_word' id='word_1_31' title='bbox 1112 736 1279 789; x_wconf 91' lang='lat' dir='ltr'><strong>unius</strong></span> <span class='ocrx_word' id='word_1_32' title='bbox 1321 733 1527 805; x_wconf 83' lang='lat' dir='ltr'><strong>speciei</strong></span> <span class='ocrx_word' id='word_1_33' title='bbox 1568 742 1654 789; x_wconf 90' lang='lat' dir='ltr'><strong>est</strong></span> <span class='ocrx_word' id='word_1_34' title='bbox 1684 741 1780 787; x_wconf 90' lang='lat' dir='ltr'><strong>aut</strong></span> <span class='ocrx_word' id='word_1_35' title='bbox 1814 732 1919 787; x_wconf 87' lang='lat' dir='ltr'><strong>sub</strong></span> <span class='ocrx_word' id='word_1_36' title='bbox 1960 731 2145 801; x_wconf 84' lang='lat' dir='ltr'><strong>specie</strong></span> 
     </span>
    </p>
   </div>
   <div class='ocr_carea' id='block_1_8' title="bbox 552 825 2145 897">
    <p class='ocr_par' dir='ltr' id='par_1_8' title="bbox 552 825 2145 897">
     <span class='ocr_line' id='line_1_8' title="bbox 552 825 2145 897; baseline -0.003 -14"><span class='ocrx_word' id='word_1_37' title='bbox 552 845 722 884; x_wconf 93' lang='lat' dir='ltr'><strong>unum</strong></span> <span class='ocrx_word' id='word_1_38' title='bbox 746 829 879 897; x_wconf 90' lang='lat' dir='ltr'><strong>quid</strong></span> <span class='ocrx_word' id='word_1_39' title='bbox 912 828 1203 884; x_wconf 76' lang='lat' dir='ltr'><strong>ordinatur</strong></span> <span class='ocrx_word' id='word_1_40' title='bbox 1240 836 1480 892; x_wconf 90' lang='lat' dir='ltr'><strong>tantum,</strong></span> <span class='ocrx_word' id='word_1_41' title='bbox 1513 827 1718 881; x_wconf 93' lang='lat' dir='ltr'><strong>nullam</strong></span> <span class='ocrx_word' id='word_1_42' title='bbox 1753 825 1921 880; x_wconf 80' lang='lat' dir='ltr'><strong>habet</strong></span> <span class='ocrx_word' id='word_1_43' title='bbox 1957 834 2145 879; x_wconf 81' lang='lat' dir='ltr'><strong>extra-</strong></span> 
     </span>
    </p>
   </div>
   <div class='ocr_carea' id='block_1_9' title="bbox 548 917 2145 992">
    <p class='ocr_par' dir='ltr' id='par_1_9' title="bbox 548 917 2145 992">
     <span class='ocr_line' id='line_1_9' title="bbox 548 917 2145 992; baseline -0.004 -16"><span class='ocrx_word' id='word_1_44' title='bbox 548 938 708 976; x_wconf 87' lang='lat' dir='ltr'><strong>neam</strong></span> <span class='ocrx_word' id='word_1_45' title='bbox 744 921 917 992; x_wconf 91' lang='lat' dir='ltr'><strong>magis</strong></span> <span class='ocrx_word' id='word_1_46' title='bbox 947 923 1093 976; x_wconf 89' lang='lat' dir='ltr'><strong>circa</strong></span> <span class='ocrx_word' id='word_1_47' title='bbox 1122 921 1309 975; x_wconf 85' lang='lat' dir='ltr'><strong>omnia</strong></span> <span class='ocrx_word' id='word_1_48' title='bbox 1340 920 1489 974; x_wconf 90' lang='lat' dir='ltr'><strong>entia</strong></span> <span class='ocrx_word' id='word_1_49' title='bbox 1524 928 1846 973; x_wconf 90' lang='lat' dir='ltr'><strong>naturarum</strong></span> <span class='ocrx_word' id='word_1_50' title='bbox 1881 917 2145 972; x_wconf 84' lang='lat' dir='ltr'><strong>unionem</strong></span> 
     </span>
    </p>
   </div>
   <div class='ocr_carea' id='block_1_10' title="bbox 550 1011 2144 1085">
    <p class='ocr_par' dir='ltr' id='par_1_10' title="bbox 550 1011 2144 1085">
     <span class='ocr_line' id='line_1_10' title="bbox 550 1011 2144 1085; baseline -0.001 -18"><span class='ocrx_word' id='word_1_51' title='bbox 550 1015 607 1067; x_wconf 91' lang='lat' dir='ltr'><strong>in</strong></span> <span class='ocrx_word' id='word_1_52' title='bbox 655 1015 856 1084; x_wconf 88' lang='lat' dir='ltr'><strong>seipso.</strong></span> <span class='ocrx_word' id='word_1_53' title='bbox 890 1013 947 1068; x_wconf 89' lang='lat' dir='ltr'><strong>Si</strong></span> <span class='ocrx_word' id='word_1_54' title='bbox 985 1014 1151 1085; x_wconf 87' lang='lat' dir='ltr'><strong>igitur</strong></span> <span class='ocrx_word' id='word_1_55' title='bbox 1182 1013 1328 1067; x_wconf 91' lang='lat' dir='ltr'><strong>istud</strong></span> <span class='ocrx_word' id='word_1_56' title='bbox 1365 1012 1721 1078; x_wconf 86' lang='lat' dir='ltr'><strong>indivisibile,</strong></span> <span class='ocrx_word' id='word_1_57' title='bbox 1750 1011 1959 1067; x_wconf 87' lang='lat' dir='ltr'><strong>Christi</strong></span> <span class='ocrx_word' id='word_1_58' title='bbox 1992 1011 2144 1066; x_wconf 87' lang='lat' dir='ltr'><strong>scili-</strong></span> 
     </span>
    </p>
   </div>
   <div class='ocr_carea' id='block_1_11' title="bbox 551 1105 2143 1177">
    <p class='ocr_par' dir='ltr' id='par_1_11' title="bbox 551 1105 2143 1177">
     <span class='ocr_line' id='line_1_11' title="bbox 551 1105 2143 1177; baseline -0.002 -16"><span class='ocrx_word' id='word_1_59' title='bbox 551 1113 637 1162; x_wconf 90' lang='lat' dir='ltr'><strong>cet</strong></span> <span class='ocrx_word' id='word_1_60' title='bbox 682 1123 998 1177; x_wconf 86' lang='lat' dir='ltr'><strong>personam,</strong></span> <span class='ocrx_word' id='word_1_61' title='bbox 1034 1107 1213 1177; x_wconf 84' lang='lat' dir='ltr'><strong>reipsa</strong></span> <span class='ocrx_word' id='word_1_62' title='bbox 1258 1122 1551 1162; x_wconf 84' lang='lat' dir='ltr'><strong>commune</strong></span> <span class='ocrx_word' id='word_1_63' title='bbox 1600 1105 1809 1176; x_wconf 91' lang='lat' dir='ltr'><strong>aliquid</strong></span> <span class='ocrx_word' id='word_1_64' title='bbox 1857 1114 1914 1160; x_wconf 91' lang='lat' dir='ltr'><strong>et</strong></span> <span class='ocrx_word' id='word_1_65' title='bbox 1947 1120 2143 1168; x_wconf 92' lang='lat' dir='ltr'><strong>unum,</strong></span> 
     </span>
    </p>
   </div>
   <div class='ocr_carea' id='block_1_12' title="bbox 550 1196 2145 1269">
    <p class='ocr_par' dir='ltr' id='par_1_12' title="bbox 550 1196 2145 1269">
     <span class='ocr_line' id='line_1_12' title="bbox 550 1196 2145 1269; baseline -0.001 -16"><span class='ocrx_word' id='word_1_66' title='bbox 550 1199 794 1269; x_wconf 90' lang='lat' dir='ltr'><strong>plurium</strong></span> <span class='ocrx_word' id='word_1_67' title='bbox 825 1200 1002 1253; x_wconf 89' lang='lat' dir='ltr'><strong>nostis</strong></span> <span class='ocrx_word' id='word_1_68' title='bbox 1042 1199 1303 1252; x_wconf 90' lang='lat' dir='ltr'><strong>unionem</strong></span> <span class='ocrx_word' id='word_1_69' title='bbox 1349 1208 1669 1253; x_wconf 84' lang='lat' dir='ltr'><strong>naturarum</strong></span> <span class='ocrx_word' id='word_1_70' title='bbox 1720 1197 1776 1251; x_wconf 94' lang='lat' dir='ltr'><strong>in</strong></span> <span class='ocrx_word' id='word_1_71' title='bbox 1822 1196 1915 1251; x_wconf 89' lang='lat' dir='ltr'><strong>illa</strong></span> <span class='ocrx_word' id='word_1_72' title='bbox 1956 1206 2145 1251; x_wconf 81' lang='lat' dir='ltr'><strong>extra-</strong></span> 
     </span>
    </p>
   </div>
   <div class='ocr_carea' id='block_1_13' title="bbox 550 1290 2145 1363">
    <p class='ocr_par' dir='ltr' id='par_1_13' title="bbox 550 1290 2145 1363">
     <span class='ocr_line' id='line_1_13' title="bbox 550 1290 2145 1363; baseline -0.001 -16"><span class='ocrx_word' id='word_1_73' title='bbox 550 1308 711 1347; x_wconf 88' lang='lat' dir='ltr'><strong>neam</strong></span> <span class='ocrx_word' id='word_1_74' title='bbox 755 1307 865 1346; x_wconf 93' lang='lat' dir='ltr'><strong>non</strong></span> <span class='ocrx_word' id='word_1_75' title='bbox 912 1291 1309 1363; x_wconf 89' lang='lat' dir='ltr'><strong>intelligentes,</strong></span> <span class='ocrx_word' id='word_1_76' title='bbox 1343 1292 1484 1346; x_wconf 85' lang='lat' dir='ltr'><strong>bene</strong></span> <span class='ocrx_word' id='word_1_77' title='bbox 1538 1291 1857 1361; x_wconf 89' lang='lat' dir='ltr'><strong>collegistis.</strong></span> <span class='ocrx_word' id='word_1_78' title='bbox 1903 1290 1961 1345; x_wconf 87' lang='lat' dir='ltr'><strong>Si</strong></span> <span class='ocrx_word' id='word_1_79' title='bbox 2010 1304 2145 1345; x_wconf 86' lang='lat' dir='ltr'><strong>vero</strong></span> 
     </span>
    </p>
   </div>
   <div class='ocr_carea' id='block_1_14' title="bbox 550 1382 2144 1440">
    <p class='ocr_par' dir='ltr' id='par_1_14' title="bbox 550 1382 2144 1440">
     <span class='ocr_line' id='line_1_14' title="bbox 550 1382 2144 1440; baseline -0.003 -1"><span class='ocrx_word' id='word_1_80' title='bbox 550 1384 697 1439; x_wconf 79' lang='lat' dir='ltr'><strong>circa</strong></span> <span class='ocrx_word' id='word_1_81' title='bbox 728 1384 913 1439; x_wconf 92' lang='lat' dir='ltr'><strong>omnia</strong></span> <span class='ocrx_word' id='word_1_82' title='bbox 947 1386 1097 1440; x_wconf 89' lang='lat' dir='ltr'><strong>entia</strong></span> <span class='ocrx_word' id='word_1_83' title='bbox 1129 1385 1328 1439; x_wconf 85' lang='lat' dir='ltr'><strong>factam</strong></span> <span class='ocrx_word' id='word_1_84' title='bbox 1372 1400 1495 1439; x_wconf 90' lang='lat' dir='ltr'><strong>esse</strong></span> <span class='ocrx_word' id='word_1_85' title='bbox 1536 1385 1590 1439; x_wconf 92' lang='lat' dir='ltr'><strong>in</strong></span> <span class='ocrx_word' id='word_1_86' title='bbox 1635 1384 1731 1438; x_wconf 90' lang='lat' dir='ltr'><strong>Dei</strong></span> <span class='ocrx_word' id='word_1_87' title='bbox 1768 1391 1825 1438; x_wconf 89' lang='lat' dir='ltr'><strong>et</strong></span> <span class='ocrx_word' id='word_1_88' title='bbox 1856 1382 2144 1437; x_wconf 88' lang='lat' dir='ltr'><strong>hominum</strong></span> 
     </span>
    </p>
   </div>
   <div class='ocr_carea' id='block_1_15' title="bbox 553 1476 2140 1541">
    <p class='ocr_par' dir='ltr' id='par_1_15' title="bbox 553 1476 2140 1541">
     <span class='ocr_line' id='line_1_15' title="bbox 553 1476 2140 1541; baseline -0.001 -9"><span class='ocrx_word' id='word_1_89' title='bbox 553 1479 858 1533; x_wconf 90' lang='lat' dir='ltr'><strong>mediatore</strong></span> <span class='ocrx_word' id='word_1_90' title='bbox 914 1479 1176 1533; x_wconf 89' lang='lat' dir='ltr'><strong>unionem</strong></span> <span class='ocrx_word' id='word_1_91' title='bbox 1225 1485 1553 1533; x_wconf 87' lang='lat' dir='ltr'><strong>naturarum</strong></span> <span class='ocrx_word' id='word_1_92' title='bbox 1601 1486 1658 1532; x_wconf 93' lang='lat' dir='ltr'><strong>et</strong></span> <span class='ocrx_word' id='word_1_93' title='bbox 1710 1492 1809 1532; x_wconf 86' lang='lat' dir='ltr'><strong>vos</strong></span> <span class='ocrx_word' id='word_1_94' title='bbox 1854 1476 2140 1541; x_wconf 84' lang='lat' dir='ltr'><strong>fatemini,</strong></span> 
     </span>
    </p>
   </div>
   <div class='ocr_carea' id='block_1_16' title="bbox 553 1567 2140 1639">
    <p class='ocr_par' dir='ltr' id='par_1_16' title="bbox 553 1567 2140 1639">
     <span class='ocr_line' id='line_1_16' title="bbox 553 1567 2140 1639; baseline -0.002 -15"><span class='ocrx_word' id='word_1_95' title='bbox 553 1571 737 1624; x_wconf 82' lang='lat' dir='ltr'><strong>statim</strong></span> <span class='ocrx_word' id='word_1_96' title='bbox 773 1569 908 1623; x_wconf 91' lang='lat' dir='ltr'><strong>illud</strong></span> <span class='ocrx_word' id='word_1_97' title='bbox 946 1570 1093 1639; x_wconf 88' lang='lat' dir='ltr'><strong>quod</strong></span> <span class='ocrx_word' id='word_1_98' title='bbox 1129 1570 1502 1636; x_wconf 90' lang='lat' dir='ltr'><strong>concessistis,</strong></span> <span class='ocrx_word' id='word_1_99' title='bbox 1551 1585 1745 1624; x_wconf 88' lang='lat' dir='ltr'><strong>rursus</strong></span> <span class='ocrx_word' id='word_1_100' title='bbox 1789 1567 1894 1639; x_wconf 89' lang='lat' dir='ltr'><strong>ipsi</strong></span> <span class='ocrx_word' id='word_1_101' title='bbox 1929 1567 2140 1632; x_wconf 91' lang='lat' dir='ltr'><strong>tollitis,</strong></span> 
     </span>
    </p>
   </div>
   <div class='ocr_carea' id='block_1_17' title="bbox 552 1663 2142 1735">
    <p class='ocr_par' dir='ltr' id='par_1_17' title="bbox 552 1663 2142 1735">
     <span class='ocr_line' id='line_1_17' title="bbox 552 1663 2142 1735; baseline -0.001 -17"><span class='ocrx_word' id='word_1_102' title='bbox 552 1680 680 1719; x_wconf 90' lang='lat' dir='ltr'><strong>cum</strong></span> <span class='ocrx_word' id='word_1_103' title='bbox 712 1664 1015 1719; x_wconf 90' lang='lat' dir='ltr'><strong>secundum</strong></span> <span class='ocrx_word' id='word_1_104' title='bbox 1042 1664 1317 1735; x_wconf 89' lang='lat' dir='ltr'><strong>quoddam</strong></span> <span class='ocrx_word' id='word_1_105' title='bbox 1350 1665 1594 1729; x_wconf 90' lang='lat' dir='ltr'><strong>illorum,</strong></span> <span class='ocrx_word' id='word_1_106' title='bbox 1620 1679 1744 1733; x_wconf 71' lang='lat' dir='ltr'><strong>qute</strong></span> <span class='ocrx_word' id='word_1_107' title='bbox 1781 1663 1838 1718; x_wconf 91' lang='lat' dir='ltr'><strong>in</strong></span> <span class='ocrx_word' id='word_1_108' title='bbox 1878 1664 2142 1718; x_wconf 84' lang='lat' dir='ltr'><strong>universo</strong></span> 
     </span>
    </p>
   </div>
   <div class='ocr_carea' id='block_1_18' title="bbox 552 1751 2142 1825">
    <p class='ocr_par' dir='ltr' id='par_1_18' title="bbox 552 1751 2142 1825">
     <span class='ocr_line' id='line_1_18' title="bbox 552 1751 2142 1825; baseline 0.003 -21"><span class='ocrx_word' id='word_1_109' title='bbox 552 1758 684 1805; x_wconf 86' lang='lat' dir='ltr'><strong>sunt</strong></span> <span class='ocrx_word' id='word_1_110' title='bbox 714 1751 1154 1819; x_wconf 89' lang='lat' dir='ltr'><strong>indivisibilium,</strong></span> <span class='ocrx_word' id='word_1_111' title='bbox 1188 1763 1244 1808; x_wconf 93' lang='lat' dir='ltr'><strong>et</strong></span> <span class='ocrx_word' id='word_1_112' title='bbox 1277 1752 1410 1808; x_wconf 94' lang='lat' dir='ltr'><strong>illud</strong></span> <span class='ocrx_word' id='word_1_113' title='bbox 1450 1770 1573 1809; x_wconf 89' lang='lat' dir='ltr'><strong>esse</strong></span> <span class='ocrx_word' id='word_1_114' title='bbox 1615 1753 1935 1825; x_wconf 81' lang='lat' dir='ltr'><strong>agnoscitis.</strong></span> <span class='ocrx_word' id='word_1_115' title='bbox 1967 1754 2142 1808; x_wconf 84' lang='lat' dir='ltr'><strong>Aliter</strong></span> 
     </span>
    </p>
   </div>
   <div class='ocr_carea' id='block_1_19' title="bbox 551 1843 2139 1915">
    <p class='ocr_par' dir='ltr' id='par_1_19' title="bbox 551 1843 2139 1915">
     <span class='ocr_line' id='line_1_19' title="bbox 551 1843 2139 1915; baseline 0.001 -18"><span class='ocrx_word' id='word_1_116' title='bbox 551 1857 653 1898; x_wconf 88' lang='lat' dir='ltr'><strong>nos</strong></span> <span class='ocrx_word' id='word_1_117' title='bbox 682 1843 839 1898; x_wconf 85' lang='lat' dir='ltr'><strong>vobis</strong></span> <span class='ocrx_word' id='word_1_118' title='bbox 871 1844 1208 1915; x_wconf 89' lang='lat' dir='ltr'><strong>illegitimam</strong></span> <span class='ocrx_word' id='word_1_119' title='bbox 1235 1846 1653 1901; x_wconf 89' lang='lat' dir='ltr'><strong>conclusionem</strong></span> <span class='ocrx_word' id='word_1_120' title='bbox 1684 1846 1738 1900; x_wconf 93' lang='lat' dir='ltr'><strong>in</strong></span> <span class='ocrx_word' id='word_1_121' title='bbox 1769 1846 1995 1901; x_wconf 85' lang='lat' dir='ltr'><strong>Christo</strong></span> <span class='ocrx_word' id='word_1_122' title='bbox 2027 1854 2139 1901; x_wconf 88' lang='lat' dir='ltr'><strong>sta-</strong></span> 
     </span>
    </p>
   </div>
   <div class='ocr_carea' id='block_1_20' title="bbox 551 1936 2139 2009">
    <p class='ocr_par' dir='ltr' id='par_1_20' title="bbox 551 1936 2139 2009">
     <span class='ocr_line' id='line_1_20' title="bbox 551 1936 2139 2009; baseline 0.004 -21"><span class='ocrx_word' id='word_1_123' title='bbox 551 1944 790 1999; x_wconf 87' lang='lat' dir='ltr'><strong>tuemus,</strong></span> <span class='ocrx_word' id='word_1_124' title='bbox 822 1936 1092 2003; x_wconf 87' lang='lat' dir='ltr'><strong>dicentes,</strong></span> <span class='ocrx_word' id='word_1_125' title='bbox 1125 1939 1277 1993; x_wconf 91' lang='lat' dir='ltr'><strong>omni</strong></span> <span class='ocrx_word' id='word_1_126' title='bbox 1304 1939 1544 2009; x_wconf 90' lang='lat' dir='ltr'><strong>cogitato</strong></span> <span class='ocrx_word' id='word_1_127' title='bbox 1586 1940 1930 1995; x_wconf 89' lang='lat' dir='ltr'><strong>inaccessum</strong></span> <span class='ocrx_word' id='word_1_128' title='bbox 1965 1948 2020 1994; x_wconf 91' lang='lat' dir='ltr'><strong>et</strong></span> <span class='ocrx_word' id='word_1_129' title='bbox 2050 1956 2139 1994; x_wconf 87' lang='lat' dir='ltr'><strong>ra-</strong></span> 
     </span>
    </p>
   </div>
   <div class='ocr_carea' id='block_1_21' title="bbox 554 2026 2141 2086">
    <p class='ocr_par' dir='ltr' id='par_1_21' title="bbox 554 2026 2141 2086">
     <span class='ocr_line' id='line_1_21' title="bbox 554 2026 2141 2086; baseline 0.003 -5"><span class='ocrx_word' id='word_1_130' title='bbox 554 2026 1005 2085; x_wconf 89' lang='lat' dir='ltr'><strong>tiocinationibus</strong></span> <span class='ocrx_word' id='word_1_131' title='bbox 1032 2029 1523 2085; x_wconf 88' lang='lat' dir='ltr'><strong>indemonstrabile</strong></span> <span class='ocrx_word' id='word_1_132' title='bbox 1542 2030 1783 2086; x_wconf 85' lang='lat' dir='ltr'><strong>Verbum</strong></span> <span class='ocrx_word' id='word_1_133' title='bbox 1817 2046 1960 2085; x_wconf 88' lang='lat' dir='ltr'><strong>esse.</strong></span> <span class='ocrx_word' id='word_1_134' title='bbox 1978 2030 2141 2086; x_wconf 87' lang='lat' dir='ltr'><strong>Com-</strong></span> 
     </span>
    </p>
   </div>
   <div class='ocr_carea' id='block_1_22' title="bbox 550 2120 2137 2194">
    <p class='ocr_par' dir='ltr' id='par_1_22' title="bbox 550 2120 2137 2194">
     <span class='ocr_line' id='line_1_22' title="bbox 550 2120 2137 2194; baseline 0.005 -23"><span class='ocrx_word' id='word_1_135' title='bbox 550 2120 811 2175; x_wconf 88' lang='lat' dir='ltr'><strong>munibus</strong></span> <span class='ocrx_word' id='word_1_136' title='bbox 837 2122 985 2176; x_wconf 90' lang='lat' dir='ltr'><strong>enim</strong></span> <span class='ocrx_word' id='word_1_137' title='bbox 1026 2123 1400 2178; x_wconf 88' lang='lat' dir='ltr'><strong>intellectibus</strong></span> <span class='ocrx_word' id='word_1_138' title='bbox 1440 2124 1769 2194; x_wconf 84' lang='lat' dir='ltr'><strong>impervium</strong></span> <span class='ocrx_word' id='word_1_139' title='bbox 1802 2123 2137 2194; x_wconf 85' lang='lat' dir='ltr'><strong>prodigium,</strong></span> 
     </span>
    </p>
   </div>
   <div class='ocr_carea' id='block_1_23' title="bbox 549 2216 2140 2291">
    <p class='ocr_par' dir='ltr' id='par_1_23' title="bbox 549 2216 2140 2291">
     <span class='ocr_line' id='line_1_23' title="bbox 549 2216 2140 2291; baseline 0.004 -26"><span class='ocrx_word' id='word_1_140' title='bbox 549 2219 607 2266; x_wconf 87' lang='lat' dir='ltr'><strong>et</strong></span> <span class='ocrx_word' id='word_1_141' title='bbox 651 2227 817 2282; x_wconf 88' lang='lat' dir='ltr'><strong>supra</strong></span> <span class='ocrx_word' id='word_1_142' title='bbox 854 2217 1123 2270; x_wconf 87' lang='lat' dir='ltr'><strong>naturalia</strong></span> <span class='ocrx_word' id='word_1_143' title='bbox 1158 2216 1422 2287; x_wconf 86' lang='lat' dir='ltr'><strong>positum,</strong></span> <span class='ocrx_word' id='word_1_144' title='bbox 1457 2217 1866 2291; x_wconf 87' lang='lat' dir='ltr'><strong>inintelligibile</strong></span> <span class='ocrx_word' id='word_1_145' title='bbox 1913 2226 2018 2272; x_wconf 88' lang='lat' dir='ltr'><strong>est.</strong></span> <span class='ocrx_word' id='word_1_146' title='bbox 2061 2217 2140 2271; x_wconf 83' lang='lat' dir='ltr'><strong>Ex</strong></span> 
     </span>
    </p>
   </div>
   <div class='ocr_carea' id='block_1_24' title="bbox 550 2307 2141 2382">
    <p class='ocr_par' dir='ltr' id='par_1_24' title="bbox 550 2307 2141 2382">
     <span class='ocr_line' id='line_1_24' title="bbox 550 2307 2141 2382; baseline 0.006 -24"><span class='ocrx_word' id='word_1_147' title='bbox 550 2307 879 2361; x_wconf 84' lang='lat' dir='ltr'><strong>necessitate</strong></span> <span class='ocrx_word' id='word_1_148' title='bbox 923 2323 1055 2379; x_wconf 88' lang='lat' dir='ltr'><strong>ergo</strong></span> <span class='ocrx_word' id='word_1_149' title='bbox 1086 2309 1170 2364; x_wconf 90' lang='lat' dir='ltr'><strong>vel</strong></span> <span class='ocrx_word' id='word_1_150' title='bbox 1203 2310 1454 2380; x_wconf 83' lang='lat' dir='ltr'><strong>ejusdem</strong></span> <span class='ocrx_word' id='word_1_151' title='bbox 1501 2310 1693 2366; x_wconf 70' lang='lat' dir='ltr'><strong>forma:</strong></span> <span class='ocrx_word' id='word_1_152' title='bbox 1737 2320 1904 2382; x_wconf 88' lang='lat' dir='ltr'><strong>atque</strong></span> <span class='ocrx_word' id='word_1_153' title='bbox 1948 2327 2141 2367; x_wconf 88' lang='lat' dir='ltr'><strong>omnes</strong></span> 
     </span>
    </p>
   </div>
   <div class='ocr_carea' id='block_1_25' title="bbox 550 2396 2140 2473">
    <p class='ocr_par' dir='ltr' id='par_1_25' title="bbox 550 2396 2140 2473">
     <span class='ocr_line' id='line_1_25' title="bbox 550 2396 2140 2473; baseline 0.004 -23"><span class='ocrx_word' id='word_1_154' title='bbox 550 2404 608 2450; x_wconf 74' lang='lat' dir='ltr'><strong>et</strong></span> <span class='ocrx_word' id='word_1_155' title='bbox 634 2396 767 2451; x_wconf 93' lang='lat' dir='ltr'><strong>illud</strong></span> <span class='ocrx_word' id='word_1_156' title='bbox 807 2398 1142 2454; x_wconf 88' lang='lat' dir='ltr'><strong>indivisibile</strong></span> <span class='ocrx_word' id='word_1_157' title='bbox 1177 2416 1299 2456; x_wconf 88' lang='lat' dir='ltr'><strong>esse</strong></span> <span class='ocrx_word' id='word_1_158' title='bbox 1323 2402 1663 2468; x_wconf 88' lang='lat' dir='ltr'><strong>concedetis,</strong></span> <span class='ocrx_word' id='word_1_159' title='bbox 1694 2411 1751 2458; x_wconf 90' lang='lat' dir='ltr'><strong>et</strong></span> <span class='ocrx_word' id='word_1_160' title='bbox 1775 2419 1898 2473; x_wconf 73' lang='lat' dir='ltr'><strong>qua:</strong></span> <span class='ocrx_word' id='word_1_161' title='bbox 1930 2403 1985 2457; x_wconf 89' lang='lat' dir='ltr'><strong>in</strong></span> <span class='ocrx_word' id='word_1_162' title='bbox 2018 2420 2140 2457; x_wconf 91' lang='lat' dir='ltr'><strong>om-</strong></span> 
     </span>
    </p>
   </div>
   <div class='ocr_carea' id='block_1_26' title="bbox 550 2489 2140 2564">
    <p class='ocr_par' dir='ltr' id='par_1_26' title="bbox 550 2489 2140 2564">
     <span class='ocr_line' id='line_1_26' title="bbox 550 2489 2140 2564; baseline 0.006 -23"><span class='ocrx_word' id='word_1_163' title='bbox 550 2489 718 2542; x_wconf 90' lang='lat' dir='ltr'><strong>nibus</strong></span> <span class='ocrx_word' id='word_1_164' title='bbox 748 2490 895 2560; x_wconf 80' lang='lat' dir='ltr'><strong>viget</strong></span> <span class='ocrx_word' id='word_1_165' title='bbox 929 2500 985 2545; x_wconf 91' lang='lat' dir='ltr'><strong>et</strong></span> <span class='ocrx_word' id='word_1_166' title='bbox 1015 2492 1070 2546; x_wconf 90' lang='lat' dir='ltr'><strong>in</strong></span> <span class='ocrx_word' id='word_1_167' title='bbox 1104 2492 1197 2547; x_wconf 92' lang='lat' dir='ltr'><strong>illo</strong></span> <span class='ocrx_word' id='word_1_168' title='bbox 1245 2494 1516 2549; x_wconf 90' lang='lat' dir='ltr'><strong>rationem</strong></span> <span class='ocrx_word' id='word_1_169' title='bbox 1552 2495 1833 2564; x_wconf 65' lang='lat' dir='ltr'><strong>quaeretis,</strong></span> <span class='ocrx_word' id='word_1_170' title='bbox 1868 2496 1953 2549; x_wconf 83' lang='lat' dir='ltr'><strong>vel</strong></span> <span class='ocrx_word' id='word_1_171' title='bbox 1991 2497 2140 2551; x_wconf 88' lang='lat' dir='ltr'><strong>absi-</strong></span> 
     </span>
    </p>
   </div>
   <div class='ocr_carea' id='block_1_27' title="bbox 552 2582 2141 2660">
    <p class='ocr_par' dir='ltr' id='par_1_27' title="bbox 552 2582 2141 2660">
     <span class='ocr_line' id='line_1_27' title="bbox 552 2582 2141 2660; baseline 0.006 -25"><span class='ocrx_word' id='word_1_172' title='bbox 552 2582 767 2635; x_wconf 87' lang='lat' dir='ltr'><strong>milium</strong></span> <span class='ocrx_word' id='word_1_173' title='bbox 799 2583 999 2637; x_wconf 89' lang='lat' dir='ltr'><strong>rationi</strong></span> <span class='ocrx_word' id='word_1_174' title='bbox 1030 2584 1251 2640; x_wconf 90' lang='lat' dir='ltr'><strong>demum</strong></span> <span class='ocrx_word' id='word_1_175' title='bbox 1280 2595 1337 2640; x_wconf 91' lang='lat' dir='ltr'><strong>et</strong></span> <span class='ocrx_word' id='word_1_176' title='bbox 1367 2586 1501 2641; x_wconf 92' lang='lat' dir='ltr'><strong>illud</strong></span> <span class='ocrx_word' id='word_1_177' title='bbox 1546 2602 1768 2657; x_wconf 90' lang='lat' dir='ltr'><strong>quoque</strong></span> <span class='ocrx_word' id='word_1_178' title='bbox 1809 2604 1921 2643; x_wconf 90' lang='lat' dir='ltr'><strong>non</strong></span> <span class='ocrx_word' id='word_1_179' title='bbox 1963 2590 2141 2660; x_wconf 84' lang='lat' dir='ltr'><strong>subji-</strong></span> 
     </span>
    </p>
   </div>
   <div class='ocr_carea' id='block_1_28' title="bbox 553 2673 2144 2747">
    <p class='ocr_par' dir='ltr' id='par_1_28' title="bbox 553 2673 2144 2747">
     <span class='ocr_line' id='line_1_28' title="bbox 553 2673 2144 2747; baseline 0.006 -20"><span class='ocrx_word' id='word_1_180' title='bbox 553 2673 747 2736; x_wconf 66' lang='lat' dir='ltr'><strong>t-ietis;</strong></span> <span class='ocrx_word' id='word_1_181' title='bbox 785 2684 840 2731; x_wconf 88' lang='lat' dir='ltr'><strong>et</strong></span> <span class='ocrx_word' id='word_1_182' title='bbox 879 2676 997 2731; x_wconf 60' lang='lat' dir='ltr'><strong>hate</strong></span> <span class='ocrx_word' id='word_1_183' title='bbox 1036 2678 1110 2731; x_wconf 90' lang='lat' dir='ltr'><strong>ita</strong></span> <span class='ocrx_word' id='word_1_184' title='bbox 1144 2678 1394 2747; x_wconf 89' lang='lat' dir='ltr'><strong>quidem.</strong></span> <span class='ocrx_word' id='word_1_185' title='bbox 1427 2678 1697 2735; x_wconf 69' lang='lat' dir='ltr'><strong>Caaterum</strong></span> <span class='ocrx_word' id='word_1_186' title='bbox 1728 2690 1913 2735; x_wconf 92' lang='lat' dir='ltr'><strong>autem</strong></span> <span class='ocrx_word' id='word_1_187' title='bbox 1940 2683 2144 2738; x_wconf 87' lang='lat' dir='ltr'><strong>nihilo-</strong></span> 
     </span>
    </p>
   </div>
   <div class='ocr_carea' id='block_1_29' title="bbox 552 2766 2144 2847">
    <p class='ocr_par' dir='ltr' id='par_1_29' title="bbox 552 2766 2144 2847">
     <span class='ocr_line' id='line_1_29' title="bbox 552 2766 2144 2847; baseline 0.008 -26"><span class='ocrx_word' id='word_1_188' title='bbox 552 2766 757 2833; x_wconf 92' lang='lat' dir='ltr'><strong>minus,</strong></span> <span class='ocrx_word' id='word_1_189' title='bbox 791 2767 1150 2825; x_wconf 91' lang='lat' dir='ltr'><strong>indivisibilia</strong></span> <span class='ocrx_word' id='word_1_190' title='bbox 1195 2787 1227 2825; x_wconf 91' lang='lat' dir='ltr'><strong>a</strong></span> <span class='ocrx_word' id='word_1_191' title='bbox 1277 2772 1433 2827; x_wconf 89' lang='lat' dir='ltr'><strong>vobis</strong></span> <span class='ocrx_word' id='word_1_192' title='bbox 1472 2773 1814 2829; x_wconf 89' lang='lat' dir='ltr'><strong>ostendenda</strong></span> <span class='ocrx_word' id='word_1_193' title='bbox 1849 2784 1981 2830; x_wconf 90' lang='lat' dir='ltr'><strong>sunt</strong></span> <span class='ocrx_word' id='word_1_194' title='bbox 2021 2793 2144 2847; x_wconf 72' lang='lat' dir='ltr'><strong>qua:</strong></span> 
     </span>
    </p>
   </div>
   <div class='ocr_carea' id='block_1_30' title="bbox 552 2862 2143 2940">
    <p class='ocr_par' dir='ltr' id='par_1_30' title="bbox 552 2862 2143 2940">
     <span class='ocr_line' id='line_1_30' title="bbox 552 2862 2143 2940; baseline 0.008 -27"><span class='ocrx_word' id='word_1_195' title='bbox 552 2875 734 2930; x_wconf 90' lang='lat' dir='ltr'><strong>neque</strong></span> <span class='ocrx_word' id='word_1_196' title='bbox 788 2862 954 2919; x_wconf 89' lang='lat' dir='ltr'><strong>unius</strong></span> <span class='ocrx_word' id='word_1_197' title='bbox 999 2863 1327 2934; x_wconf 89' lang='lat' dir='ltr'><strong>simpliciter</strong></span> <span class='ocrx_word' id='word_1_198' title='bbox 1360 2865 1473 2921; x_wconf 87' lang='lat' dir='ltr'><strong>sint</strong></span> <span class='ocrx_word' id='word_1_199' title='bbox 1525 2867 1760 2937; x_wconf 91' lang='lat' dir='ltr'><strong>speciei,</strong></span> <span class='ocrx_word' id='word_1_200' title='bbox 1809 2885 1991 2940; x_wconf 90' lang='lat' dir='ltr'><strong>neque</strong></span> <span class='ocrx_word' id='word_1_201' title='bbox 2038 2871 2143 2926; x_wconf 90' lang='lat' dir='ltr'><strong>sub</strong></span> 
     </span>
    </p>
   </div>
   <div class='ocr_carea' id='block_1_31' title="bbox 553 2958 2143 3034">
    <p class='ocr_par' dir='ltr' id='par_1_31' title="bbox 553 2958 2143 3034">
     <span class='ocr_line' id='line_1_31' title="bbox 553 2958 2143 3034; baseline 0.009 -27"><span class='ocrx_word' id='word_1_202' title='bbox 553 2970 664 3009; x_wconf 88' lang='lat' dir='ltr'><strong>una</strong></span> <span class='ocrx_word' id='word_1_203' title='bbox 701 2963 915 3010; x_wconf 87' lang='lat' dir='ltr'><strong>tantum</strong></span> <span class='ocrx_word' id='word_1_204' title='bbox 944 2958 1148 3027; x_wconf 87' lang='lat' dir='ltr'><strong>specie,</strong></span> <span class='ocrx_word' id='word_1_205' title='bbox 1185 2958 1281 3014; x_wconf 90' lang='lat' dir='ltr'><strong>sed</strong></span> <span class='ocrx_word' id='word_1_206' title='bbox 1311 2960 1414 3015; x_wconf 92' lang='lat' dir='ltr'><strong>sub</strong></span> <span class='ocrx_word' id='word_1_207' title='bbox 1458 2960 1704 3019; x_wconf 90' lang='lat' dir='ltr'><strong>diversas</strong></span> <span class='ocrx_word' id='word_1_208' title='bbox 1737 2965 1950 3034; x_wconf 90' lang='lat' dir='ltr'><strong>species</strong></span> <span class='ocrx_word' id='word_1_209' title='bbox 1978 2966 2143 3021; x_wconf 92' lang='lat' dir='ltr'><strong>indu-</strong></span> 
     </span>
    </p>
   </div>
   <div class='ocr_carea' id='block_1_32' title="bbox 554 3049 2145 3120">
    <p class='ocr_par' dir='ltr' id='par_1_32' title="bbox 554 3049 2145 3120">
     <span class='ocr_line' id='line_1_32' title="bbox 554 3049 2145 3120; baseline 0.009 -20"><span class='ocrx_word' id='word_1_210' title='bbox 554 3056 769 3102; x_wconf 90' lang='lat' dir='ltr'><strong>cantur.</strong></span> <span class='ocrx_word' id='word_1_211' title='bbox 799 3049 1017 3103; x_wconf 89' lang='lat' dir='ltr'><strong>Etenim</strong></span> <span class='ocrx_word' id='word_1_212' title='bbox 1046 3051 1437 3120; x_wconf 89' lang='lat' dir='ltr'><strong>phasianarum</strong></span> <span class='ocrx_word' id='word_1_213' title='bbox 1469 3054 1654 3108; x_wconf 88' lang='lat' dir='ltr'><strong>avium</strong></span> <span class='ocrx_word' id='word_1_214' title='bbox 1685 3063 1740 3109; x_wconf 91' lang='lat' dir='ltr'><strong>et</strong></span> <span class='ocrx_word' id='word_1_215' title='bbox 1782 3056 1972 3111; x_wconf 90' lang='lat' dir='ltr'><strong>talium</strong></span> <span class='ocrx_word' id='word_1_216' title='bbox 2001 3058 2145 3113; x_wconf 90' lang='lat' dir='ltr'><strong>indi-</strong></span> 
     </span>
    </p>
   </div>
   <div class='ocr_carea' id='block_1_33' title="bbox 553 3139 2142 3218">
    <p class='ocr_par' dir='ltr' id='par_1_33' title="bbox 553 3139 2142 3218">
     <span class='ocr_line' id='line_1_33' title="bbox 553 3139 2142 3218; baseline 0.007 -25"><span class='ocrx_word' id='word_1_217' title='bbox 553 3139 773 3195; x_wconf 84' lang='lat' dir='ltr'><strong>visibile</strong></span> <span class='ocrx_word' id='word_1_218' title='bbox 816 3141 1115 3213; x_wconf 85' lang='lat' dir='ltr'><strong>singulare,</strong></span> <span class='ocrx_word' id='word_1_219' title='bbox 1146 3159 1325 3214; x_wconf 88' lang='lat' dir='ltr'><strong>neque</strong></span> <span class='ocrx_word' id='word_1_220' title='bbox 1356 3146 1524 3201; x_wconf 90' lang='lat' dir='ltr'><strong>unius</strong></span> <span class='ocrx_word' id='word_1_221' title='bbox 1564 3146 1767 3217; x_wconf 87' lang='lat' dir='ltr'><strong>speciei</strong></span> <span class='ocrx_word' id='word_1_222' title='bbox 1802 3147 1911 3203; x_wconf 92' lang='lat' dir='ltr'><strong>dici</strong></span> <span class='ocrx_word' id='word_1_223' title='bbox 1943 3158 2142 3218; x_wconf 85' lang='lat' dir='ltr'><strong>potest,</strong></span> 
     </span>
    </p>
   </div>
   <div class='ocr_carea' id='block_1_34' title="bbox 2247 637 3829 718">
    <p class='ocr_par' dir='ltr' id='par_1_34' title="bbox 2247 637 3829 718">
     <span class='ocr_line' id='line_1_34' title="bbox 2247 637 3829 718; baseline 0.005 -27"><span class='ocrx_word' id='word_1_224' title='bbox 2247 638 2468 705; x_wconf 77' lang='grc' dir='ltr'><strong>αὐτοὺς,</strong></span> <span class='ocrx_word' id='word_1_225' title='bbox 2516 637 2594 703; x_wconf 81' lang='grc' dir='ltr'><strong>ὡς</strong></span> <span class='ocrx_word' id='word_1_226' title='bbox 2643 641 2755 692; x_wconf 77' lang='grc' dir='ltr'><strong>πᾶν</strong></span> <span class='ocrx_word' id='word_1_227' title='bbox 2790 641 3015 712; x_wconf 81' lang='grc' dir='ltr'><strong>ἄτομον,</strong></span> <span class='ocrx_word' id='word_1_228' title='bbox 3046 642 3186 715; x_wconf 82' lang='grc' dir='ltr'><strong>ὅπερ</strong></span> <span class='ocrx_word' id='word_1_229' title='bbox 3234 644 3268 710; x_wconf 79' lang='grc' dir='ltr'><strong>ἡ</strong></span> <span class='ocrx_word' id='word_1_230' title='bbox 3322 645 3593 712; x_wconf 82' lang='grc' dir='ltr'><strong>μονοειδές</strong></span> <span class='ocrx_word' id='word_1_231' title='bbox 3625 646 3829 718; x_wconf 82' lang='grc' dir='ltr'><strong>ἐστινὴ</strong></span> 
     </span>
    </p>
   </div>
   <div class='ocr_carea' id='block_1_35' title="bbox 2248 726 3835 808">
    <p class='ocr_par' dir='ltr' id='par_1_35' title="bbox 2248 726 3835 808">
     <span class='ocr_line' id='line_1_35' title="bbox 2248 726 3835 808; baseline 0.004 -25"><span class='ocrx_word' id='word_1_232' title='bbox 2248 730 2355 784; x_wconf 81' lang='grc' dir='ltr'><strong>ὑπὸ</strong></span> <span class='ocrx_word' id='word_1_233' title='bbox 2383 726 2523 795; x_wconf 74' lang='grc' dir='ltr'><strong>εἶδος</strong></span> <span class='ocrx_word' id='word_1_234' title='bbox 2552 732 2614 785; x_wconf 82' lang='grc' dir='ltr'><strong>ἐν</strong></span> <span class='ocrx_word' id='word_1_235' title='bbox 2634 749 2688 785; x_wconf 90' lang='grc' dir='ltr'><strong>τι</strong></span> <span class='ocrx_word' id='word_1_236' title='bbox 2719 732 2981 788; x_wconf 81' lang='grc' dir='ltr'><strong>τέτακται</strong></span> <span class='ocrx_word' id='word_1_237' title='bbox 3012 735 3195 805; x_wconf 89' lang='grc' dir='ltr'><strong>μόνον,</strong></span> <span class='ocrx_word' id='word_1_238' title='bbox 3220 736 3479 808; x_wconf 79' lang='grc' dir='ltr'><strong>οὐδεμίαν</strong></span> <span class='ocrx_word' id='word_1_239' title='bbox 3502 735 3619 807; x_wconf 76' lang='grc' dir='ltr'><strong>ἔχει</strong></span> <span class='ocrx_word' id='word_1_240' title='bbox 3653 753 3835 791; x_wconf 88' lang='grc' dir='ltr'><strong>καινο-</strong></span> 
     </span>
    </p>
   </div>
   <div class='ocr_carea' id='block_1_36' title="bbox 2246 823 3829 903">
    <p class='ocr_par' dir='ltr' id='par_1_36' title="bbox 2246 823 3829 903">
     <span class='ocr_line' id='line_1_36' title="bbox 2246 823 3829 903; baseline 0.006 -28"><span class='ocrx_word' id='word_1_241' title='bbox 2246 823 2414 893; x_wconf 82' lang='grc' dir='ltr'><strong>τέραν</strong></span> <span class='ocrx_word' id='word_1_242' title='bbox 2440 824 2593 896; x_wconf 86' lang='grc' dir='ltr'><strong>παρά</strong></span> <span class='ocrx_word' id='word_1_243' title='bbox 2625 825 2802 879; x_wconf 84' lang='grc' dir='ltr'><strong>πάντα</strong></span> <span class='ocrx_word' id='word_1_244' title='bbox 2834 826 2904 880; x_wconf 75' lang='grc' dir='ltr'><strong>τά</strong></span> <span class='ocrx_word' id='word_1_245' title='bbox 2928 827 3057 881; x_wconf 79' lang='grc' dir='ltr'><strong>ὄντα</strong></span> <span class='ocrx_word' id='word_1_246' title='bbox 3088 828 3306 898; x_wconf 82' lang='grc' dir='ltr'><strong>φύσεων</strong></span> <span class='ocrx_word' id='word_1_247' title='bbox 3333 830 3524 884; x_wconf 83' lang='grc' dir='ltr'><strong>ἐνωσιν</strong></span> <span class='ocrx_word' id='word_1_248' title='bbox 3550 832 3611 883; x_wconf 89' lang='grc' dir='ltr'><strong>ἐν</strong></span> <span class='ocrx_word' id='word_1_249' title='bbox 3634 830 3829 903; x_wconf 82' lang='grc' dir='ltr'><strong>ἐαυτῷ·</strong></span> 
     </span>
    </p>
   </div>
   <div class='ocr_carea' id='block_1_37' title="bbox 2247 912 3830 992">
    <p class='ocr_par' dir='ltr' id='par_1_37' title="bbox 2247 912 3830 992">
     <span class='ocr_line' id='line_1_37' title="bbox 2247 912 3830 992; baseline 0.004 -24"><span class='ocrx_word' id='word_1_250' title='bbox 2247 918 2295 969; x_wconf 85' lang='grc' dir='ltr'><strong>εξ</strong></span> <span class='ocrx_word' id='word_1_251' title='bbox 2333 912 2429 969; x_wconf 64' lang='grc' dir='ltr'><strong>οὖν</strong></span> <span class='ocrx_word' id='word_1_252' title='bbox 2451 917 2544 970; x_wconf 75' lang='grc' dir='ltr'><strong>καὶ</strong></span> <span class='ocrx_word' id='word_1_253' title='bbox 2569 918 2687 971; x_wconf 87' lang='grc' dir='ltr'><strong>τόδε</strong></span> <span class='ocrx_word' id='word_1_254' title='bbox 2713 918 2776 971; x_wconf 80' lang='grc' dir='ltr'><strong>τὸ</strong></span> <span class='ocrx_word' id='word_1_255' title='bbox 2801 919 3025 991; x_wconf 87' lang='grc' dir='ltr'><strong>ἄτομον,</strong></span> <span class='ocrx_word' id='word_1_256' title='bbox 3054 919 3294 991; x_wconf 81' lang='grc' dir='ltr'><strong>Χριστοῦ</strong></span> <span class='ocrx_word' id='word_1_257' title='bbox 3320 921 3487 992; x_wconf 80' lang='grc' dir='ltr'><strong>ἡγουν</strong></span> <span class='ocrx_word' id='word_1_258' title='bbox 3520 921 3830 992; x_wconf 77' lang='grc' dir='ltr'><strong>πρόσωπον,</strong></span> 
     </span>
    </p>
   </div>
   <div class='ocr_carea' id='block_1_38' title="bbox 2247 1008 3829 1083">
    <p class='ocr_par' dir='ltr' id='par_1_38' title="bbox 2247 1008 3829 1083">
     <span class='ocr_line' id='line_1_38' title="bbox 2247 1008 3829 1083; baseline 0.004 -22"><span class='ocrx_word' id='word_1_259' title='bbox 2247 1008 2417 1070; x_wconf 81' lang='grc' dir='ltr'><strong>ὅντως</strong></span> <span class='ocrx_word' id='word_1_260' title='bbox 2446 1011 2624 1064; x_wconf 87' lang='grc' dir='ltr'><strong>κοινόν</strong></span> <span class='ocrx_word' id='word_1_261' title='bbox 2661 1029 2714 1064; x_wconf 89' lang='grc' dir='ltr'><strong>τι</strong></span> <span class='ocrx_word' id='word_1_262' title='bbox 2737 1013 2831 1065; x_wconf 76' lang='grc' dir='ltr'><strong>καὶ</strong></span> <span class='ocrx_word' id='word_1_263' title='bbox 2862 1012 2922 1066; x_wconf 88' lang='grc' dir='ltr'><strong>ἒν</strong></span> <span class='ocrx_word' id='word_1_264' title='bbox 2955 1013 3065 1068; x_wconf 90' lang='grc' dir='ltr'><strong>τῶν</strong></span> <span class='ocrx_word' id='word_1_265' title='bbox 3112 1012 3323 1066; x_wconf 84' lang='grc' dir='ltr'><strong>πολλῶν</strong></span> <span class='ocrx_word' id='word_1_266' title='bbox 3356 1013 3472 1066; x_wconf 83' lang='grc' dir='ltr'><strong>ῐστε</strong></span> <span class='ocrx_word' id='word_1_267' title='bbox 3499 1011 3699 1067; x_wconf 76' lang='grc' dir='ltr'><strong>ἕνωσιν</strong></span> <span class='ocrx_word' id='word_1_268' title='bbox 3734 1014 3829 1083; x_wconf 86' lang='grc' dir='ltr'><strong>φύ-</strong></span> 
     </span>
    </p>
   </div>
   <div class='ocr_carea' id='block_1_39' title="bbox 2248 1104 3831 1176">
    <p class='ocr_par' dir='ltr' id='par_1_39' title="bbox 2248 1104 3831 1176">
     <span class='ocr_line' id='line_1_39' title="bbox 2248 1104 3831 1176; baseline 0.002 -21"><span class='ocrx_word' id='word_1_269' title='bbox 2248 1118 2389 1156; x_wconf 88' lang='grc' dir='ltr'><strong>σεων</strong></span> <span class='ocrx_word' id='word_1_270' title='bbox 2437 1104 2496 1157; x_wconf 87' lang='grc' dir='ltr'><strong>ἐν</strong></span> <span class='ocrx_word' id='word_1_271' title='bbox 2543 1104 2694 1175; x_wconf 86' lang='grc' dir='ltr'><strong>αὺτῷ</strong></span> <span class='ocrx_word' id='word_1_272' title='bbox 2733 1105 3054 1176; x_wconf 81' lang='grc' dir='ltr'><strong>καινοτέραν</strong></span> <span class='ocrx_word' id='word_1_273' title='bbox 3108 1105 3207 1159; x_wconf 81' lang='grc' dir='ltr'><strong>οὐκ</strong></span> <span class='ocrx_word' id='word_1_274' title='bbox 3237 1105 3463 1172; x_wconf 77' lang='grc' dir='ltr'><strong>εἰδότες,</strong></span> <span class='ocrx_word' id='word_1_275' title='bbox 3500 1105 3685 1170; x_wconf 85' lang='grc' dir='ltr'><strong>καλῶς</strong></span> <span class='ocrx_word' id='word_1_276' title='bbox 3715 1122 3831 1158; x_wconf 78' lang='grc' dir='ltr'><strong>συνο</strong></span> 
     </span>
    </p>
   </div>
   <div class='ocr_carea' id='block_1_40' title="bbox 2247 1194 3829 1271">
    <p class='ocr_par' dir='ltr' id='par_1_40' title="bbox 2247 1194 3829 1271">
     <span class='ocr_line' id='line_1_40' title="bbox 2247 1194 3829 1271; baseline 0.003 -24"><span class='ocrx_word' id='word_1_277' title='bbox 2247 1194 2586 1265; x_wconf 72' lang='grc' dir='ltr'><strong>ελογίσασθεο</strong></span> <span class='ocrx_word' id='word_1_278' title='bbox 2616 1200 2667 1252; x_wconf 82' lang='grc' dir='ltr'><strong>εί</strong></span> <span class='ocrx_word' id='word_1_279' title='bbox 2698 1197 2756 1251; x_wconf 82' lang='grc' dir='ltr'><strong>δὲ</strong></span> <span class='ocrx_word' id='word_1_280' title='bbox 2790 1199 2942 1271; x_wconf 87' lang='grc' dir='ltr'><strong>παρά</strong></span> <span class='ocrx_word' id='word_1_281' title='bbox 2968 1199 3145 1252; x_wconf 86' lang='grc' dir='ltr'><strong>πάντα</strong></span> <span class='ocrx_word' id='word_1_282' title='bbox 3163 1199 3233 1253; x_wconf 86' lang='grc' dir='ltr'><strong>τὰ</strong></span> <span class='ocrx_word' id='word_1_283' title='bbox 3252 1198 3382 1253; x_wconf 81' lang='grc' dir='ltr'><strong>ὄντα</strong></span> <span class='ocrx_word' id='word_1_284' title='bbox 3401 1196 3657 1267; x_wconf 84' lang='grc' dir='ltr'><strong>γενέσθαι</strong></span> <span class='ocrx_word' id='word_1_285' title='bbox 3684 1199 3740 1253; x_wconf 87' lang='grc' dir='ltr'><strong>ἐν</strong></span> <span class='ocrx_word' id='word_1_286' title='bbox 3758 1198 3829 1270; x_wconf 83' lang='grc' dir='ltr'><strong>τῷ</strong></span> 
     </span>
    </p>
   </div>
   <div class='ocr_carea' id='block_1_41' title="bbox 2246 1287 3829 1361">
    <p class='ocr_par' dir='ltr' id='par_1_41' title="bbox 2246 1287 3829 1361">
     <span class='ocr_line' id='line_1_41' title="bbox 2246 1287 3829 1361; baseline 0.001 -18"><span class='ocrx_word' id='word_1_287' title='bbox 2246 1287 2457 1361; x_wconf 78' lang='grc' dir='ltr'><strong>Μεσίτῃ</strong></span> <span class='ocrx_word' id='word_1_288' title='bbox 2522 1288 2659 1343; x_wconf 82' lang='grc' dir='ltr'><strong>Θεοῦ</strong></span> <span class='ocrx_word' id='word_1_289' title='bbox 2710 1291 2805 1344; x_wconf 83' lang='grc' dir='ltr'><strong>καὶ</strong></span> <span class='ocrx_word' id='word_1_290' title='bbox 2853 1290 3158 1361; x_wconf 82' lang='grc' dir='ltr'><strong>ἀνθρώπων</strong></span> <span class='ocrx_word' id='word_1_291' title='bbox 3216 1291 3412 1345; x_wconf 73' lang='grc' dir='ltr'><strong>ἕνωσιν</strong></span> <span class='ocrx_word' id='word_1_292' title='bbox 3474 1291 3696 1361; x_wconf 79' lang='grc' dir='ltr'>φύσεων</span> <span class='ocrx_word' id='word_1_293' title='bbox 3742 1292 3829 1345; x_wconf 78' lang='grc' dir='ltr'><strong>καὶ</strong></span> 
     </span>
    </p>
   </div>
   <div class='ocr_carea' id='block_1_42' title="bbox 2246 1381 3823 1458">
    <p class='ocr_par' dir='ltr' id='par_1_42' title="bbox 2246 1381 3823 1458">
     <span class='ocr_line' id='line_1_42' title="bbox 2246 1381 3823 1458; baseline 0.003 -24"><span class='ocrx_word' id='word_1_294' title='bbox 2246 1381 2408 1453; x_wconf 81' lang='grc' dir='ltr'>ὑμεῖς</span> <span class='ocrx_word' id='word_1_295' title='bbox 2456 1382 2876 1455; x_wconf 83' lang='grc' dir='ltr'><strong>ὡμολογήσατε,</strong></span> <span class='ocrx_word' id='word_1_296' title='bbox 2908 1384 3136 1439; x_wconf 79' lang='grc' dir='ltr'><strong>αὐτόθεν</strong></span> <span class='ocrx_word' id='word_1_297' title='bbox 3188 1385 3350 1440; x_wconf 89' lang='grc' dir='ltr'><strong>τοῦτο</strong></span> <span class='ocrx_word' id='word_1_298' title='bbox 3400 1385 3540 1458; x_wconf 84' lang='grc' dir='ltr'><strong>ὅπερ</strong></span> <span class='ocrx_word' id='word_1_299' title='bbox 3599 1385 3823 1445; x_wconf 84' lang='grc' dir='ltr'><strong>διδόατε.</strong></span> 
     </span>
    </p>
   </div>
   <div class='ocr_carea' id='block_1_43' title="bbox 2246 1474 3827 1549">
    <p class='ocr_par' dir='ltr' id='par_1_43' title="bbox 2246 1474 3827 1549">
     <span class='ocr_line' id='line_1_43' title="bbox 2246 1474 3827 1549; baseline 0.003 -22"><span class='ocrx_word' id='word_1_300' title='bbox 2246 1474 2410 1529; x_wconf 89' lang='grc' dir='ltr'><strong>πάλιν</strong></span> <span class='ocrx_word' id='word_1_301' title='bbox 2445 1476 2672 1540; x_wconf 74' lang='grc' dir='ltr'><strong>ἑαυτοὺς</strong></span> <span class='ocrx_word' id='word_1_302' title='bbox 2721 1478 3018 1549; x_wconf 82' lang='grc' dir='ltr'><strong>ἀναιρεῖτε,</strong></span> <span class='ocrx_word' id='word_1_303' title='bbox 3052 1477 3196 1534; x_wconf 88' lang='grc' dir='ltr'><strong>κατά</strong></span> <span class='ocrx_word' id='word_1_304' title='bbox 3236 1495 3290 1531; x_wconf 90' lang='grc' dir='ltr'><strong>τι</strong></span> <span class='ocrx_word' id='word_1_305' title='bbox 3332 1477 3441 1533; x_wconf 91' lang='grc' dir='ltr'><strong>τῶν</strong></span> <span class='ocrx_word' id='word_1_306' title='bbox 3472 1481 3531 1533; x_wconf 89' lang='grc' dir='ltr'><strong>ἐν</strong></span> <span class='ocrx_word' id='word_1_307' title='bbox 3563 1478 3642 1549; x_wconf 79' lang='grc' dir='ltr'><strong>τῷ</strong></span> <span class='ocrx_word' id='word_1_308' title='bbox 3674 1487 3827 1533; x_wconf 65' lang='grc' dir='ltr'><strong>παντὶ</strong></span> 
     </span>
    </p>
   </div>
   <div class='ocr_carea' id='block_1_44' title="bbox 2243 1567 3828 1641">
    <p class='ocr_par' dir='ltr' id='par_1_44' title="bbox 2243 1567 3828 1641">
     <span class='ocr_line' id='line_1_44' title="bbox 2243 1567 3828 1641; baseline 0 -18"><span class='ocrx_word' id='word_1_309' title='bbox 2243 1569 2484 1639; x_wconf 76' lang='grc' dir='ltr'><strong>ἀτόμων,</strong></span> <span class='ocrx_word' id='word_1_310' title='bbox 2519 1571 2614 1624; x_wconf 74' lang='grc' dir='ltr'><strong>καὶ</strong></span> <span class='ocrx_word' id='word_1_311' title='bbox 2662 1570 2818 1624; x_wconf 88' lang='grc' dir='ltr'><strong>τοῦτο</strong></span> <span class='ocrx_word' id='word_1_312' title='bbox 2867 1569 3231 1640; x_wconf 84' lang='grc' dir='ltr'><strong>γινώσκοντες</strong></span> <span class='ocrx_word' id='word_1_313' title='bbox 3264 1567 3425 1626; x_wconf 80' lang='grc' dir='ltr'><strong>εἶναι.</strong></span> <span class='ocrx_word' id='word_1_314' title='bbox 3462 1573 3677 1635; x_wconf 77' lang='grc' dir='ltr'><strong>’Ἄλλως</strong></span> <span class='ocrx_word' id='word_1_315' title='bbox 3707 1571 3828 1641; x_wconf 82' lang='grc' dir='ltr'><strong>γοῦν</strong></span> 
     </span>
    </p>
   </div>
   <div class='ocr_carea' id='block_1_45' title="bbox 2244 1662 3828 1735">
    <p class='ocr_par' dir='ltr' id='par_1_45' title="bbox 2244 1662 3828 1735">
     <span class='ocr_line' id='line_1_45' title="bbox 2244 1662 3828 1735; baseline 0.001 -20"><span class='ocrx_word' id='word_1_316' title='bbox 2244 1663 2405 1732; x_wconf 80' lang='grc' dir='ltr'><strong>ἡμεῖς</strong></span> <span class='ocrx_word' id='word_1_317' title='bbox 2429 1662 2557 1730; x_wconf 81' lang='grc' dir='ltr'><strong>ὑμῖν</strong></span> <span class='ocrx_word' id='word_1_318' title='bbox 2582 1662 2644 1715; x_wconf 85' lang='grc' dir='ltr'><strong>τὸ</strong></span> <span class='ocrx_word' id='word_1_319' title='bbox 2668 1662 3059 1732; x_wconf 86' lang='grc' dir='ltr'><strong>ἀσυλλόγιστον</strong></span> <span class='ocrx_word' id='word_1_320' title='bbox 3088 1664 3288 1735; x_wconf 76' lang='grc' dir='ltr'><strong>μᾶλλον</strong></span> <span class='ocrx_word' id='word_1_321' title='bbox 3316 1665 3411 1717; x_wconf 78' lang='grc' dir='ltr'><strong>ἐπὶ</strong></span> <span class='ocrx_word' id='word_1_322' title='bbox 3442 1662 3686 1734; x_wconf 75' lang='grc' dir='ltr'><strong>Χριστοῦ</strong></span> <span class='ocrx_word' id='word_1_323' title='bbox 3715 1664 3828 1717; x_wconf 82' lang='grc' dir='ltr'><strong>συλ-</strong></span> 
     </span>
    </p>
   </div>
   <div class='ocr_carea' id='block_1_46' title="bbox 2243 1754 3825 1829">
    <p class='ocr_par' dir='ltr' id='par_1_46' title="bbox 2243 1754 3825 1829">
     <span class='ocr_line' id='line_1_46' title="bbox 2243 1754 3825 1829; baseline 0.003 -23"><span class='ocrx_word' id='word_1_324' title='bbox 2243 1754 2574 1824; x_wconf 86' lang='grc' dir='ltr'><strong>λογισόμεθα</strong></span> <span class='ocrx_word' id='word_1_325' title='bbox 2605 1755 2877 1824; x_wconf 82' lang='grc' dir='ltr'><strong>λέγοντες,</strong></span> <span class='ocrx_word' id='word_1_326' title='bbox 2912 1757 2989 1821; x_wconf 86' lang='grc' dir='ltr'><strong>ὼς</strong></span> <span class='ocrx_word' id='word_1_327' title='bbox 3032 1758 3233 1820; x_wconf 80' lang='grc' dir='ltr'><strong>παντὸς</strong></span> <span class='ocrx_word' id='word_1_328' title='bbox 3278 1757 3589 1826; x_wconf 77' lang='grc' dir='ltr'><strong>παραδόξου</strong></span> <span class='ocrx_word' id='word_1_329' title='bbox 3625 1757 3825 1829; x_wconf 79' lang='grc' dir='ltr'><strong>ἀπρόσ-</strong></span> 
     </span>
    </p>
   </div>
   <div class='ocr_carea' id='block_1_47' title="bbox 2248 1846 3820 1918">
    <p class='ocr_par' dir='ltr' id='par_1_47' title="bbox 2248 1846 3820 1918">
     <span class='ocr_line' id='line_1_47' title="bbox 2248 1846 3820 1918; baseline 0.004 -21"><span class='ocrx_word' id='word_1_330' title='bbox 2248 1846 2357 1909; x_wconf 84' lang='grc' dir='ltr'><strong>ιτός</strong></span> <span class='ocrx_word' id='word_1_331' title='bbox 2411 1862 2473 1898; x_wconf 89' lang='grc' dir='ltr'><strong>τε</strong></span> <span class='ocrx_word' id='word_1_332' title='bbox 2543 1847 2639 1901; x_wconf 80' lang='grc' dir='ltr'><strong>καὶ</strong></span> <span class='ocrx_word' id='word_1_333' title='bbox 2680 1846 3061 1918; x_wconf 81' lang='grc' dir='ltr'><strong>συλλογισμοῖς</strong></span> <span class='ocrx_word' id='word_1_334' title='bbox 3118 1848 3503 1912; x_wconf 78' lang='grc' dir='ltr'><strong>ἀναπόδεικτος</strong></span> <span class='ocrx_word' id='word_1_335' title='bbox 3560 1850 3591 1903; x_wconf 83' lang='grc' dir='ltr'><strong>ὁ</strong></span> <span class='ocrx_word' id='word_1_336' title='bbox 3644 1850 3820 1917; x_wconf 88' lang='grc' dir='ltr'><strong>Λόγος.</strong></span> 
     </span>
    </p>
   </div>
   <div class='ocr_carea' id='block_1_48' title="bbox 2246 1939 3828 2011">
    <p class='ocr_par' dir='ltr' id='par_1_48' title="bbox 2246 1939 3828 2011">
     <span class='ocr_line' id='line_1_48' title="bbox 2246 1939 3828 2011; baseline 0.001 -19"><span class='ocrx_word' id='word_1_337' title='bbox 2246 1939 2457 1993; x_wconf 84' lang='grc' dir='ltr'><strong>Κοινῶν</strong></span> <span class='ocrx_word' id='word_1_338' title='bbox 2481 1939 2592 2009; x_wconf 80' lang='grc' dir='ltr'><strong>γὰρ</strong></span> <span class='ocrx_word' id='word_1_339' title='bbox 2624 1939 2846 1994; x_wconf 80' lang='grc' dir='ltr'><strong>ἐννοιῶν</strong></span> <span class='ocrx_word' id='word_1_340' title='bbox 2874 1940 3081 2011; x_wconf 89' lang='grc' dir='ltr'><strong>ἄπορον</strong></span> <span class='ocrx_word' id='word_1_341' title='bbox 3112 1942 3173 1993; x_wconf 79' lang='grc' dir='ltr'><strong>τὸ</strong></span> <span class='ocrx_word' id='word_1_342' title='bbox 3210 1941 3437 1994; x_wconf 86' lang='grc' dir='ltr'><strong>σπάνιον</strong></span> <span class='ocrx_word' id='word_1_343' title='bbox 3468 1941 3568 1995; x_wconf 74' lang='grc' dir='ltr'><strong>καὶ</strong></span> <span class='ocrx_word' id='word_1_344' title='bbox 3592 1943 3828 2010; x_wconf 77' lang='grc' dir='ltr'><strong>φυσικοῖς</strong></span> 
     </span>
    </p>
   </div>
   <div class='ocr_carea' id='block_1_49' title="bbox 2241 2031 3825 2105">
    <p class='ocr_par' dir='ltr' id='par_1_49' title="bbox 2241 2031 3825 2105">
     <span class='ocr_line' id='line_1_49' title="bbox 2241 2031 3825 2105; baseline 0.003 -22"><span class='ocrx_word' id='word_1_345' title='bbox 2241 2031 2302 2084; x_wconf 83' lang='grc' dir='ltr'><strong>τὸ</strong></span> <span class='ocrx_word' id='word_1_346' title='bbox 2324 2031 2624 2102; x_wconf 78' lang='grc' dir='ltr'><strong>ὑπερφυὲς,</strong></span> <span class='ocrx_word' id='word_1_347' title='bbox 2646 2033 3046 2104; x_wconf 81' lang='grc' dir='ltr'><strong>ἀπερίληπτον.</strong></span> <span class='ocrx_word' id='word_1_348' title='bbox 3077 2032 3168 2098; x_wconf 81' lang='grc' dir='ltr'><strong>Ἐξ</strong></span> <span class='ocrx_word' id='word_1_349' title='bbox 3200 2034 3447 2105; x_wconf 81' lang='grc' dir='ltr'><strong>ἀνάγκης</strong></span> <span class='ocrx_word' id='word_1_350' title='bbox 3470 2033 3624 2105; x_wconf 79' lang='grc' dir='ltr'><strong>οὒνὴ</strong></span> <span class='ocrx_word' id='word_1_351' title='bbox 3653 2034 3825 2105; x_wconf 79' lang='grc' dir='ltr'><strong>ὁμοιό·</strong></span> 
     </span>
    </p>
   </div>
   <div class='ocr_carea' id='block_1_50' title="bbox 2242 2126 3826 2196">
    <p class='ocr_par' dir='ltr' id='par_1_50' title="bbox 2242 2126 3826 2196">
     <span class='ocr_line' id='line_1_50' title="bbox 2242 2126 3826 2196; baseline 0.002 -19"><span class='ocrx_word' id='word_1_352' title='bbox 2242 2141 2446 2195; x_wconf 89' lang='grc' dir='ltr'><strong>τροπον</strong></span> <span class='ocrx_word' id='word_1_353' title='bbox 2502 2127 2639 2179; x_wconf 84' lang='grc' dir='ltr'><strong>πᾶσι</strong></span> <span class='ocrx_word' id='word_1_354' title='bbox 2673 2126 2768 2180; x_wconf 77' lang='grc' dir='ltr'><strong>καὶ</strong></span> <span class='ocrx_word' id='word_1_355' title='bbox 2812 2126 2933 2180; x_wconf 87' lang='grc' dir='ltr'><strong>τόδε</strong></span> <span class='ocrx_word' id='word_1_356' title='bbox 2983 2126 3185 2196; x_wconf 90' lang='grc' dir='ltr'><strong>ἄτομον</strong></span> <span class='ocrx_word' id='word_1_357' title='bbox 3238 2126 3477 2190; x_wconf 84' lang='grc' dir='ltr'><strong>δώσετε,</strong></span> <span class='ocrx_word' id='word_1_358' title='bbox 3524 2128 3623 2181; x_wconf 72' lang='grc' dir='ltr'><strong>καὶ</strong></span> <span class='ocrx_word' id='word_1_359' title='bbox 3658 2127 3744 2181; x_wconf 74' lang='grc' dir='ltr'><strong>τὸν</strong></span> <span class='ocrx_word' id='word_1_360' title='bbox 3774 2128 3826 2180; x_wconf 78' lang='grc' dir='ltr'><strong>ἐν</strong></span> 
     </span>
    </p>
   </div>
   <div class='ocr_carea' id='block_1_51' title="bbox 2243 2218 3825 2291">
    <p class='ocr_par' dir='ltr' id='par_1_51' title="bbox 2243 2218 3825 2291">
     <span class='ocr_line' id='line_1_51' title="bbox 2243 2218 3825 2291; baseline 0 -20"><span class='ocrx_word' id='word_1_361' title='bbox 2243 2221 2379 2272; x_wconf 85' lang='grc' dir='ltr'><strong>πᾶσι</strong></span> <span class='ocrx_word' id='word_1_362' title='bbox 2412 2218 2571 2287; x_wconf 82' lang='grc' dir='ltr'><strong>λόγον</strong></span> <span class='ocrx_word' id='word_1_363' title='bbox 2595 2221 2691 2272; x_wconf 73' lang='grc' dir='ltr'><strong>καὶ</strong></span> <span class='ocrx_word' id='word_1_364' title='bbox 2718 2219 2805 2272; x_wconf 80' lang='grc' dir='ltr'><strong>ἐπ’</strong></span> <span class='ocrx_word' id='word_1_365' title='bbox 2830 2218 2981 2291; x_wconf 81' lang='grc' dir='ltr'><strong>αὐτῷ</strong></span> <span class='ocrx_word' id='word_1_366' title='bbox 3024 2218 3440 2291; x_wconf 81' lang='grc' dir='ltr'><strong>ἐκζητήσετε,ἡ</strong></span> <span class='ocrx_word' id='word_1_367' title='bbox 3477 2219 3631 2291; x_wconf 80' lang='grc' dir='ltr'><strong>παρὰ</strong></span> <span class='ocrx_word' id='word_1_368' title='bbox 3662 2219 3825 2274; x_wconf 84' lang='grc' dir='ltr'><strong>πάντα</strong></span> 
     </span>
    </p>
   </div>
   <div class='ocr_carea' id='block_1_52' title="bbox 2241 2311 3826 2383">
    <p class='ocr_par' dir='ltr' id='par_1_52' title="bbox 2241 2311 3826 2383">
     <span class='ocr_line' id='line_1_52' title="bbox 2241 2311 3826 2383; baseline -0.001 -19"><span class='ocrx_word' id='word_1_369' title='bbox 2241 2311 2309 2364; x_wconf 79' lang='grc' dir='ltr'><strong>τὰ</strong></span> <span class='ocrx_word' id='word_1_370' title='bbox 2346 2312 2476 2366; x_wconf 79' lang='grc' dir='ltr'><strong>ὂντα</strong></span> <span class='ocrx_word' id='word_1_371' title='bbox 2507 2311 2689 2382; x_wconf 89' lang='grc' dir='ltr'><strong>ἄτομα</strong></span> <span class='ocrx_word' id='word_1_372' title='bbox 2716 2311 2875 2366; x_wconf 87' lang='grc' dir='ltr'><strong>τοῦτο</strong></span> <span class='ocrx_word' id='word_1_373' title='bbox 2923 2311 3398 2383; x_wconf 82' lang='grc' dir='ltr'><strong>συγκεκροτῆσθαι</strong></span> <span class='ocrx_word' id='word_1_374' title='bbox 3436 2312 3689 2381; x_wconf 83' lang='grc' dir='ltr'><strong>φυσικῶς</strong></span> <span class='ocrx_word' id='word_1_375' title='bbox 3718 2311 3826 2363; x_wconf 88' lang='grc' dir='ltr'><strong>ἐπι-</strong></span> 
     </span>
    </p>
   </div>
   <div class='ocr_carea' id='block_1_53' title="bbox 2242 2401 3825 2473">
    <p class='ocr_par' dir='ltr' id='par_1_53' title="bbox 2242 2401 3825 2473">
     <span class='ocr_line' id='line_1_53' title="bbox 2242 2401 3825 2473; baseline -0.001 -18"><span class='ocrx_word' id='word_1_376' title='bbox 2242 2402 2554 2469; x_wconf 84' lang='grc' dir='ltr'><strong>νεύσαντες,</strong></span> <span class='ocrx_word' id='word_1_377' title='bbox 2586 2402 2663 2472; x_wconf 84' lang='grc' dir='ltr'><strong>τῷ</strong></span> <span class='ocrx_word' id='word_1_378' title='bbox 2698 2403 2808 2457; x_wconf 87' lang='grc' dir='ltr'><strong>τῶν</strong></span> <span class='ocrx_word' id='word_1_379' title='bbox 2837 2402 3110 2473; x_wconf 73' lang='grc' dir='ltr'><strong>ἀνομοίων</strong></span> <span class='ocrx_word' id='word_1_380' title='bbox 3162 2402 3308 2472; x_wconf 86' lang='grc' dir='ltr'><strong>λόγῳ</strong></span> <span class='ocrx_word' id='word_1_381' title='bbox 3349 2403 3539 2456; x_wconf 80' lang='grc' dir='ltr'><strong>λοιπὸν</strong></span> <span class='ocrx_word' id='word_1_382' title='bbox 3582 2403 3677 2458; x_wconf 80' lang='grc' dir='ltr'><strong>καὶ</strong></span> <span class='ocrx_word' id='word_1_383' title='bbox 3718 2401 3825 2456; x_wconf 81' lang='grc' dir='ltr'><strong>τόδε</strong></span> 
     </span>
    </p>
   </div>
   <div class='ocr_carea' id='block_1_54' title="bbox 2242 2494 3825 2567">
    <p class='ocr_par' dir='ltr' id='par_1_54' title="bbox 2242 2494 3825 2567">
     <span class='ocr_line' id='line_1_54' title="bbox 2242 2494 3825 2567; baseline -0.001 -19"><span class='ocrx_word' id='word_1_384' title='bbox 2242 2497 2340 2565; x_wconf 78' lang='grc' dir='ltr'><strong>οὐχ</strong></span> <span class='ocrx_word' id='word_1_385' title='bbox 2388 2494 2733 2549; x_wconf 85' lang='grc' dir='ltr'><strong>ὑποϐαλεῖτε.</strong></span> <span class='ocrx_word' id='word_1_386' title='bbox 2781 2496 2891 2549; x_wconf 79' lang='grc' dir='ltr'><strong>Καὶ</strong></span> <span class='ocrx_word' id='word_1_387' title='bbox 2942 2494 3116 2557; x_wconf 79' lang='grc' dir='ltr'><strong>οὕτως</strong></span> <span class='ocrx_word' id='word_1_388' title='bbox 3148 2495 3246 2566; x_wconf 80' lang='grc' dir='ltr'><strong>μὲν</strong></span> <span class='ocrx_word' id='word_1_389' title='bbox 3273 2495 3423 2550; x_wconf 83' lang='grc' dir='ltr'><strong>τάδε.</strong></span> <span class='ocrx_word' id='word_1_390' title='bbox 3464 2496 3566 2549; x_wconf 86' lang='grc' dir='ltr'><strong>Ἐκ</strong></span> <span class='ocrx_word' id='word_1_391' title='bbox 3615 2512 3825 2567; x_wconf 83' lang='grc' dir='ltr'><strong>περιου-</strong></span> 
     </span>
    </p>
   </div>
   <div class='ocr_carea' id='block_1_55' title="bbox 2245 2586 3823 2659">
    <p class='ocr_par' dir='ltr' id='par_1_55' title="bbox 2245 2586 3823 2659">
     <span class='ocr_line' id='line_1_55' title="bbox 2245 2586 3823 2659; baseline -0.001 -18"><span class='ocrx_word' id='word_1_392' title='bbox 2245 2588 2367 2651; x_wconf 89' lang='grc' dir='ltr'><strong>σίας</strong></span> <span class='ocrx_word' id='word_1_393' title='bbox 2395 2588 2453 2640; x_wconf 77' lang='grc' dir='ltr'><strong>δὲ</strong></span> <span class='ocrx_word' id='word_1_394' title='bbox 2498 2588 2670 2658; x_wconf 82' lang='grc' dir='ltr'><strong>ὅμως,</strong></span> <span class='ocrx_word' id='word_1_395' title='bbox 2726 2588 2821 2641; x_wconf 75' lang='grc' dir='ltr'><strong>καὶ</strong></span> <span class='ocrx_word' id='word_1_396' title='bbox 2866 2586 3046 2657; x_wconf 88' lang='grc' dir='ltr'><strong>ἄτομα</strong></span> <span class='ocrx_word' id='word_1_397' title='bbox 3074 2587 3222 2641; x_wconf 75' lang='grc' dir='ltr'><strong>ἔστιν</strong></span> <span class='ocrx_word' id='word_1_398' title='bbox 3268 2588 3398 2659; x_wconf 86' lang='grc' dir='ltr'><strong>ὑμῖν</strong></span> <span class='ocrx_word' id='word_1_399' title='bbox 3430 2588 3607 2656; x_wconf 84' lang='grc' dir='ltr'><strong>δεῖξαι</strong></span> <span class='ocrx_word' id='word_1_400' title='bbox 3644 2589 3679 2642; x_wconf 79' lang='grc' dir='ltr'>ἃ</span> <span class='ocrx_word' id='word_1_401' title='bbox 3713 2586 3823 2642; x_wconf 75' lang='grc' dir='ltr'><strong>οὔτε</strong></span> 
     </span>
    </p>
   </div>
   <div class='ocr_carea' id='block_1_56' title="bbox 2247 2678 3825 2754">
    <p class='ocr_par' dir='ltr' id='par_1_56' title="bbox 2247 2678 3825 2754">
     <span class='ocr_line' id='line_1_56' title="bbox 2247 2678 3825 2754; baseline -0.001 -20"><span class='ocrx_word' id='word_1_402' title='bbox 2247 2681 2496 2754; x_wconf 80' lang='grc' dir='ltr'><strong>μονοειδῆ</strong></span> <span class='ocrx_word' id='word_1_403' title='bbox 2529 2682 2677 2734; x_wconf 88' lang='grc' dir='ltr'><strong>ἐστιν</strong></span> <span class='ocrx_word' id='word_1_404' title='bbox 2711 2679 2899 2745; x_wconf 86' lang='grc' dir='ltr'><strong>ἁπλῶς</strong></span> <span class='ocrx_word' id='word_1_405' title='bbox 2929 2678 3057 2733; x_wconf 80' lang='grc' dir='ltr'><strong>οὕτε</strong></span> <span class='ocrx_word' id='word_1_406' title='bbox 3098 2680 3204 2734; x_wconf 78' lang='grc' dir='ltr'><strong>ὑπὸ</strong></span> <span class='ocrx_word' id='word_1_407' title='bbox 3244 2681 3302 2732; x_wconf 84' lang='grc' dir='ltr'><strong>ἓν</strong></span> <span class='ocrx_word' id='word_1_408' title='bbox 3333 2681 3496 2752; x_wconf 82' lang='grc' dir='ltr'><strong>μόνον</strong></span> <span class='ocrx_word' id='word_1_409' title='bbox 3534 2678 3695 2745; x_wconf 79' lang='grc' dir='ltr'><strong>εἶδος,</strong></span> <span class='ocrx_word' id='word_1_410' title='bbox 3722 2680 3825 2735; x_wconf 83' lang='grc' dir='ltr'><strong>ἀλλ’</strong></span> 
     </span>
    </p>
   </div>
   <div class='ocr_carea' id='block_1_57' title="bbox 2244 2772 3824 2845">
    <p class='ocr_par' dir='ltr' id='par_1_57' title="bbox 2244 2772 3824 2845">
     <span class='ocr_line' id='line_1_57' title="bbox 2244 2772 3824 2845; baseline -0.001 -16"><span class='ocrx_word' id='word_1_411' title='bbox 2244 2774 2351 2829; x_wconf 81' lang='grc' dir='ltr'><strong>ὑπὸ</strong></span> <span class='ocrx_word' id='word_1_412' title='bbox 2379 2774 2612 2845; x_wconf 77' lang='grc' dir='ltr'><strong>διάφορα</strong></span> <span class='ocrx_word' id='word_1_413' title='bbox 2662 2772 2777 2844; x_wconf 81' lang='grc' dir='ltr'><strong>εῖδη</strong></span> <span class='ocrx_word' id='word_1_414' title='bbox 2826 2772 3111 2841; x_wconf 89' lang='grc' dir='ltr'><strong>ἀνάγεται.</strong></span> <span class='ocrx_word' id='word_1_415' title='bbox 3143 2772 3267 2827; x_wconf 88' lang='grc' dir='ltr'><strong>Τῶν</strong></span> <span class='ocrx_word' id='word_1_416' title='bbox 3312 2773 3422 2845; x_wconf 84' lang='grc' dir='ltr'><strong>γὰρ</strong></span> <span class='ocrx_word' id='word_1_417' title='bbox 3452 2773 3824 2845; x_wconf 81' lang='grc' dir='ltr'><strong>όρνιθοφασια-</strong></span> 
     </span>
    </p>
   </div>
   <div class='ocr_carea' id='block_1_58' title="bbox 2245 2863 3821 2936">
    <p class='ocr_par' dir='ltr' id='par_1_58' title="bbox 2245 2863 3821 2936">
     <span class='ocr_line' id='line_1_58' title="bbox 2245 2863 3821 2936; baseline -0.002 -15"><span class='ocrx_word' id='word_1_418' title='bbox 2245 2866 2352 2922; x_wconf 88' lang='grc' dir='ltr'><strong>νῶν</strong></span> <span class='ocrx_word' id='word_1_419' title='bbox 2384 2868 2478 2920; x_wconf 73' lang='grc' dir='ltr'><strong>καὶ</strong></span> <span class='ocrx_word' id='word_1_420' title='bbox 2508 2864 2729 2919; x_wconf 87' lang='grc' dir='ltr'><strong>τοιῶνδε</strong></span> <span class='ocrx_word' id='word_1_421' title='bbox 2756 2864 2820 2918; x_wconf 84' lang='grc' dir='ltr'><strong>τδ</strong></span> <span class='ocrx_word' id='word_1_422' title='bbox 2857 2864 3175 2919; x_wconf 75' lang='grc' dir='ltr'><strong>καθεκαστα</strong></span> <span class='ocrx_word' id='word_1_423' title='bbox 3204 2863 3427 2936; x_wconf 85' lang='grc' dir='ltr'><strong>ἄτομον,</strong></span> <span class='ocrx_word' id='word_1_424' title='bbox 3460 2865 3592 2919; x_wconf 71' lang='grc' dir='ltr'><strong>οὔτε</strong></span> <span class='ocrx_word' id='word_1_425' title='bbox 3629 2882 3821 2936; x_wconf 88' lang='grc' dir='ltr'><strong>μονοει-</strong></span> 
     </span>
    </p>
   </div>
   <div class='ocr_carea' id='block_1_59' title="bbox 2244 2954 3823 3027">
    <p class='ocr_par' dir='ltr' id='par_1_59' title="bbox 2244 2954 3823 3027">
     <span class='ocr_line' id='line_1_59' title="bbox 2244 2954 3823 3027; baseline -0.003 -12"><span class='ocrx_word' id='word_1_426' title='bbox 2244 2960 2332 3025; x_wconf 77' lang='grc' dir='ltr'><strong>δές</strong></span> <span class='ocrx_word' id='word_1_427' title='bbox 2361 2979 2414 3014; x_wconf 89' lang='grc' dir='ltr'><strong>τι</strong></span> <span class='ocrx_word' id='word_1_428' title='bbox 2445 2959 2592 3013; x_wconf 76' lang='grc' dir='ltr'><strong>ἐστιν</strong></span> <span class='ocrx_word' id='word_1_429' title='bbox 2624 2959 2821 3022; x_wconf 77' lang='grc' dir='ltr'><strong>εἰπεῖν,</strong></span> <span class='ocrx_word' id='word_1_430' title='bbox 2856 2956 2981 3012; x_wconf 74' lang='grc' dir='ltr'><strong>οὔτε</strong></span> <span class='ocrx_word' id='word_1_431' title='bbox 3025 2958 3132 3011; x_wconf 77' lang='grc' dir='ltr'><strong>ὑπὸ</strong></span> <span class='ocrx_word' id='word_1_432' title='bbox 3165 2958 3224 3011; x_wconf 78' lang='grc' dir='ltr'><strong>ἐν</strong></span> <span class='ocrx_word' id='word_1_433' title='bbox 3267 2975 3321 3011; x_wconf 91' lang='grc' dir='ltr'><strong>τι</strong></span> <span class='ocrx_word' id='word_1_434' title='bbox 3355 2954 3499 3022; x_wconf 74' lang='grc' dir='ltr'><strong>εἶδος</strong></span> <span class='ocrx_word' id='word_1_435' title='bbox 3528 2975 3543 2990; x_wconf 78' lang='grc' dir='ltr'><strong>ο</strong></span> <span class='ocrx_word' id='word_1_436' title='bbox 3576 2957 3699 3013; x_wconf 78' lang='grc' dir='ltr'><strong>οὔτε</strong></span> <span class='ocrx_word' id='word_1_437' title='bbox 3728 2957 3823 3027; x_wconf 77' lang='grc' dir='ltr'><strong>γάρ</strong></span> 
     </span>
    </p>
   </div>
   <div class='ocr_carea' id='block_1_60' title="bbox 2244 3048 3825 3125">
    <p class='ocr_par' dir='ltr' id='par_1_60' title="bbox 2244 3048 3825 3125">
     <span class='ocr_line' id='line_1_60' title="bbox 2244 3048 3825 3125; baseline -0.003 -17"><span class='ocrx_word' id='word_1_438' title='bbox 2244 3058 2361 3118; x_wconf 83' lang='grc' dir='ltr'><strong>τοῖς</strong></span> <span class='ocrx_word' id='word_1_439' title='bbox 2398 3052 2683 3125; x_wconf 79' lang='grc' dir='ltr'><strong>καθαροῖς,</strong></span> <span class='ocrx_word' id='word_1_440' title='bbox 2714 3052 2839 3106; x_wconf 80' lang='grc' dir='ltr'><strong>οὔτε</strong></span> <span class='ocrx_word' id='word_1_441' title='bbox 2887 3053 3003 3115; x_wconf 89' lang='grc' dir='ltr'><strong>τοῖς</strong></span> <span class='ocrx_word' id='word_1_442' title='bbox 3060 3052 3393 3124; x_wconf 85' lang='grc' dir='ltr'><strong>ἀκαθάρτοις</strong></span> <span class='ocrx_word' id='word_1_443' title='bbox 3444 3052 3648 3107; x_wconf 83' lang='grc' dir='ltr'><strong>εἴδεσιν</strong></span> <span class='ocrx_word' id='word_1_444' title='bbox 3694 3048 3825 3105; x_wconf 78' lang='grc' dir='ltr'><strong>ἐντέ-</strong></span> 
     </span>
    </p>
   </div>
   <div class='ocr_carea' id='block_1_61' title="bbox 2247 3141 3823 3218">
    <p class='ocr_par' dir='ltr' id='par_1_61' title="bbox 2247 3141 3823 3218">
     <span class='ocr_line' id='line_1_61' title="bbox 2247 3141 3823 3218; baseline -0.005 -16"><span class='ocrx_word' id='word_1_445' title='bbox 2247 3148 2447 3202; x_wconf 85' lang='grc' dir='ltr'><strong>τακταί</strong></span> <span class='ocrx_word' id='word_1_446' title='bbox 2481 3163 2580 3218; x_wconf 84' lang='grc' dir='ltr'><strong>πη·</strong></span> <span class='ocrx_word' id='word_1_447' title='bbox 2615 3147 2708 3200; x_wconf 71' lang='grc' dir='ltr'><strong>καὶ</strong></span> <span class='ocrx_word' id='word_1_448' title='bbox 2734 3145 2929 3205; x_wconf 84' lang='grc' dir='ltr'><strong>ἄλλως·</strong></span> <span class='ocrx_word' id='word_1_449' title='bbox 2967 3146 3084 3199; x_wconf 76' lang='grc' dir='ltr'><strong>Πᾶν</strong></span> <span class='ocrx_word' id='word_1_450' title='bbox 3112 3141 3252 3209; x_wconf 77' lang='grc' dir='ltr'><strong>εἶδος</strong></span> <span class='ocrx_word' id='word_1_451' title='bbox 3290 3146 3349 3198; x_wconf 90' lang='grc' dir='ltr'><strong>ἐν</strong></span> <span class='ocrx_word' id='word_1_452' title='bbox 3387 3144 3571 3217; x_wconf 86' lang='grc' dir='ltr'><strong>ἐαυτῷ</strong></span> <span class='ocrx_word' id='word_1_453' title='bbox 3612 3145 3703 3199; x_wconf 78' lang='grc' dir='ltr'><strong>καὶ</strong></span> <span class='ocrx_word' id='word_1_454' title='bbox 3738 3143 3823 3196; x_wconf 84' lang='grc' dir='ltr'><strong>οὐκ</strong></span> 
     </span>
    </p>
   </div>
   <div class='ocr_carea' id='block_1_62' title="bbox 554 3233 2147 3314">
    <p class='ocr_par' dir='ltr' id='par_1_62' title="bbox 554 3235 2147 3310">
     <span class='ocr_line' id='line_1_62' title="bbox 554 3235 2147 3310; baseline 0.004 -22"><span class='ocrx_word' id='word_1_455' title='bbox 554 3250 736 3304; x_wconf 85' lang='lat' dir='ltr'><strong>neque</strong></span> <span class='ocrx_word' id='word_1_456' title='bbox 769 3235 874 3291; x_wconf 92' lang='lat' dir='ltr'><strong>sub</strong></span> <span class='ocrx_word' id='word_1_457' title='bbox 918 3252 1028 3291; x_wconf 88' lang='lat' dir='ltr'><strong>una</strong></span> <span class='ocrx_word' id='word_1_458' title='bbox 1074 3236 1291 3306; x_wconf 89' lang='lat' dir='ltr'><strong>specie;</strong></span> <span class='ocrx_word' id='word_1_459' title='bbox 1326 3252 1507 3307; x_wconf 88' lang='lat' dir='ltr'><strong>neque</strong></span> <span class='ocrx_word' id='word_1_460' title='bbox 1554 3239 1776 3294; x_wconf 91' lang='lat' dir='ltr'><strong>mundis</strong></span> <span class='ocrx_word' id='word_1_461' title='bbox 1812 3256 1991 3310; x_wconf 89' lang='lat' dir='ltr'><strong>neque</strong></span> <span class='ocrx_word' id='word_1_462' title='bbox 2042 3242 2147 3295; x_wconf 93' lang='lat' dir='ltr'><strong>im-</strong></span> 
     </span>
    </p>
   </div>
   <div class='ocr_carea' id='block_1_63' title="bbox 2249 3233 3822 3314">
    <p class='ocr_par' dir='ltr' id='par_1_63' title="bbox 2257 3233 3822 3311">
     <span class='ocr_line' id='line_1_63' title="bbox 2257 3233 3822 3311; baseline -0.004 -17"><span class='ocrx_word' id='word_1_463' title='bbox 2257 3242 2314 3294; x_wconf 86' lang='grc' dir='ltr'><strong>ἐν</strong></span> <span class='ocrx_word' id='word_1_464' title='bbox 2356 3240 2564 3311; x_wconf 75' lang='grc' dir='ltr'><strong>ἑτέροις</strong></span> <span class='ocrx_word' id='word_1_465' title='bbox 2602 3240 2802 3294; x_wconf 82' lang='grc' dir='ltr'><strong>εἴδεσιν</strong></span> <span class='ocrx_word' id='word_1_466' title='bbox 2840 3239 3167 3311; x_wconf 60' lang='grc' dir='ltr'><strong>ὑφέστηκεν</strong></span> <span class='ocrx_word' id='word_1_467' title='bbox 3206 3238 3383 3311; x_wconf 87' lang='grc' dir='ltr'><strong>τούτῳ</strong></span> <span class='ocrx_word' id='word_1_468' title='bbox 3433 3238 3492 3293; x_wconf 82' lang='grc' dir='ltr'><strong>δὲ</strong></span> <span class='ocrx_word' id='word_1_469' title='bbox 3543 3238 3666 3292; x_wconf 81' lang='grc' dir='ltr'><strong>καθ’</strong></span> <span class='ocrx_word' id='word_1_470' title='bbox 3707 3233 3822 3290; x_wconf 85' lang='grc' dir='ltr'><strong>ὑπό-</strong></span> 
     </span>
    </p>
   </div>
   <div class='ocr_carea' id='block_1_64' title="bbox 554 3328 2149 3403">
    <p class='ocr_par' dir='ltr' id='par_1_64' title="bbox 554 3328 2149 3403">
     <span class='ocr_line' id='line_1_64' title="bbox 554 3328 2149 3403; baseline 0.006 -23"><span class='ocrx_word' id='word_1_471' title='bbox 554 3328 778 3383; x_wconf 87' lang='lat' dir='ltr'><strong>mundis</strong></span> <span class='ocrx_word' id='word_1_472' title='bbox 829 3330 1120 3398; x_wconf 89' lang='lat' dir='ltr'><strong>speciebus</strong></span> <span class='ocrx_word' id='word_1_473' title='bbox 1169 3340 1596 3385; x_wconf 91' lang='lat' dir='ltr'><strong>annumeratum</strong></span> <span class='ocrx_word' id='word_1_474' title='bbox 1645 3340 1731 3386; x_wconf 89' lang='lat' dir='ltr'><strong>est</strong></span> <span class='ocrx_word' id='word_1_475' title='bbox 1779 3349 2032 3403; x_wconf 91' lang='lat' dir='ltr'><strong>usquam.</strong></span> <span class='ocrx_word' id='word_1_476' title='bbox 2080 3334 2149 3389; x_wconf 88' lang='lat' dir='ltr'><strong>Et</strong></span> 
     </span>
    </p>
   </div>
   <div class='ocr_carea' id='block_1_65' title="bbox 555 3420 2148 3495">
    <p class='ocr_par' dir='ltr' id='par_1_65' title="bbox 555 3420 2148 3495">
     <span class='ocr_line' id='line_1_65' title="bbox 555 3420 2148 3495; baseline 0.005 -23"><span class='ocrx_word' id='word_1_477' title='bbox 555 3420 665 3473; x_wconf 89' lang='lat' dir='ltr'><strong>alio</strong></span> <span class='ocrx_word' id='word_1_478' title='bbox 699 3420 863 3474; x_wconf 89' lang='lat' dir='ltr'><strong>modo</strong></span> <span class='ocrx_word' id='word_1_479' title='bbox 896 3438 910 3474; x_wconf 90' lang='lat'><strong>:</strong></span> <span class='ocrx_word' id='word_1_480' title='bbox 937 3420 1129 3475; x_wconf 89' lang='lat' dir='ltr'><strong>Omnis</strong></span> <span class='ocrx_word' id='word_1_481' title='bbox 1164 3422 1377 3491; x_wconf 89' lang='lat' dir='ltr'><strong>species</strong></span> <span class='ocrx_word' id='word_1_482' title='bbox 1409 3422 1466 3477; x_wconf 91' lang='lat' dir='ltr'><strong>in</strong></span> <span class='ocrx_word' id='word_1_483' title='bbox 1493 3438 1552 3477; x_wconf 89' lang='lat' dir='ltr'><strong>se</strong></span> <span class='ocrx_word' id='word_1_484' title='bbox 1580 3439 1759 3493; x_wconf 90' lang='lat' dir='ltr'><strong>neque</strong></span> <span class='ocrx_word' id='word_1_485' title='bbox 1792 3424 1847 3479; x_wconf 91' lang='lat' dir='ltr'><strong>in</strong></span> <span class='ocrx_word' id='word_1_486' title='bbox 1874 3425 1996 3479; x_wconf 90' lang='lat' dir='ltr'><strong>aliis</strong></span> <span class='ocrx_word' id='word_1_487' title='bbox 2021 3441 2148 3495; x_wconf 88' lang='lat' dir='ltr'><strong>spe-</strong></span> 
     </span>
    </p>
   </div>
   <div class='ocr_carea' id='block_1_66' title="bbox 556 3512 2149 3579">
    <p class='ocr_par' dir='ltr' id='par_1_66' title="bbox 556 3512 2149 3579">
     <span class='ocr_line' id='line_1_66' title="bbox 556 3512 2149 3579; baseline 0.004 -14"><span class='ocrx_word' id='word_1_488' title='bbox 556 3512 750 3566; x_wconf 90' lang='lat' dir='ltr'><strong>ciebus</strong></span> <span class='ocrx_word' id='word_1_489' title='bbox 792 3512 1077 3579; x_wconf 89' lang='lat' dir='ltr'><strong>subsistit;</strong></span> <span class='ocrx_word' id='word_1_490' title='bbox 1116 3514 1242 3569; x_wconf 91' lang='lat' dir='ltr'><strong>ideo</strong></span> <span class='ocrx_word' id='word_1_491' title='bbox 1289 3515 1336 3569; x_wconf 90' lang='lat' dir='ltr'><strong>si</strong></span> <span class='ocrx_word' id='word_1_492' title='bbox 1382 3514 1689 3570; x_wconf 91' lang='lat' dir='ltr'><strong>secundum</strong></span> <span class='ocrx_word' id='word_1_493' title='bbox 1734 3516 2149 3572; x_wconf 88' lang='lat' dir='ltr'><strong>subsistentiam</strong></span> 
     </span>
    </p>
   </div>
   <div class='ocr_carea' id='block_1_67' title="bbox 556 3604 2152 3677">
    <p class='ocr_par' dir='ltr' id='par_1_67' title="bbox 556 3604 2152 3677">
     <span class='ocr_line' id='line_1_67' title="bbox 556 3604 2152 3677; baseline 0.004 -20"><span class='ocrx_word' id='word_1_494' title='bbox 556 3604 809 3659; x_wconf 81' lang='lat' dir='ltr'><strong>aufertur</strong></span> <span class='ocrx_word' id='word_1_495' title='bbox 848 3605 1128 3675; x_wconf 67' lang='lat' dir='ltr'><strong>phasianae</strong></span> <span class='ocrx_word' id='word_1_496' title='bbox 1169 3608 1289 3661; x_wconf 90' lang='lat' dir='ltr'><strong>avis</strong></span> <span class='ocrx_word' id='word_1_497' title='bbox 1333 3608 1569 3677; x_wconf 87' lang='lat' dir='ltr'><strong>species,</strong></span> <span class='ocrx_word' id='word_1_498' title='bbox 1602 3608 1767 3663; x_wconf 90' lang='lat' dir='ltr'><strong>simul</strong></span> <span class='ocrx_word' id='word_1_499' title='bbox 1809 3618 1867 3664; x_wconf 90' lang='lat' dir='ltr'><strong>et</strong></span> <span class='ocrx_word' id='word_1_500' title='bbox 1900 3608 2152 3665; x_wconf 82' lang='lat' dir='ltr'><strong>aufertur</strong></span> 
     </span>
    </p>
   </div>
   <div class='ocr_carea' id='block_1_68' title="bbox 559 3697 2151 3775">
    <p class='ocr_par' dir='ltr' id='par_1_68' title="bbox 559 3697 2151 3775">
     <span class='ocr_line' id='line_1_68' title="bbox 559 3697 2151 3775; baseline 0.004 -23"><span class='ocrx_word' id='word_1_501' title='bbox 559 3697 959 3768; x_wconf 88' lang='lat' dir='ltr'><strong>compositum;</strong></span> <span class='ocrx_word' id='word_1_502' title='bbox 997 3707 1147 3769; x_wconf 92' lang='lat' dir='ltr'><strong>patet</strong></span> <span class='ocrx_word' id='word_1_503' title='bbox 1196 3699 1383 3771; x_wconf 83' lang='lat' dir='ltr'><strong>igitur,</strong></span> <span class='ocrx_word' id='word_1_504' title='bbox 1432 3700 1789 3756; x_wconf 88' lang='lat' dir='ltr'><strong>indivisibilia</strong></span> <span class='ocrx_word' id='word_1_505' title='bbox 1820 3717 1943 3757; x_wconf 89' lang='lat' dir='ltr'><strong>esse</strong></span> <span class='ocrx_word' id='word_1_506' title='bbox 1977 3704 2151 3775; x_wconf 85' lang='lat' dir='ltr'><strong>magis</strong></span> 
     </span>
    </p>
   </div>
   <div class='ocr_carea' id='block_1_69' title="bbox 558 3793 2152 3867">
    <p class='ocr_par' dir='ltr' id='par_1_69' title="bbox 558 3793 2152 3867">
     <span class='ocr_line' id='line_1_69' title="bbox 558 3793 2152 3867; baseline 0.004 -21"><span class='ocrx_word' id='word_1_507' title='bbox 558 3799 844 3855; x_wconf 79' lang='lat' dir='ltr'><strong>extranea,</strong></span> <span class='ocrx_word' id='word_1_508' title='bbox 882 3808 1051 3847; x_wconf 92' lang='lat' dir='ltr'><strong>unum</strong></span> <span class='ocrx_word' id='word_1_509' title='bbox 1092 3802 1149 3847; x_wconf 89' lang='lat' dir='ltr'><strong>et</strong></span> <span class='ocrx_word' id='word_1_510' title='bbox 1190 3793 1349 3863; x_wconf 89' lang='lat' dir='ltr'><strong>plura</strong></span> <span class='ocrx_word' id='word_1_511' title='bbox 1390 3794 1613 3861; x_wconf 90' lang='lat' dir='ltr'><strong>similia,</strong></span> <span class='ocrx_word' id='word_1_512' title='bbox 1644 3811 1770 3851; x_wconf 90' lang='lat' dir='ltr'><strong>cum</strong></span> <span class='ocrx_word' id='word_1_513' title='bbox 1813 3796 2025 3867; x_wconf 90' lang='lat' dir='ltr'><strong>species</strong></span> <span class='ocrx_word' id='word_1_514' title='bbox 2055 3813 2152 3852; x_wconf 83' lang='lat' dir='ltr'><strong>na-</strong></span> 
     </span>
    </p>
   </div>
   <div class='ocr_carea' id='block_1_70' title="bbox 561 3885 2152 3957">
    <p class='ocr_par' dir='ltr' id='par_1_70' title="bbox 561 3885 2152 3957">
     <span class='ocr_line' id='line_1_70' title="bbox 561 3885 2152 3957; baseline 0.005 -20"><span class='ocrx_word' id='word_1_515' title='bbox 561 3885 757 3938; x_wconf 90' lang='lat' dir='ltr'><strong>turalis</strong></span> <span class='ocrx_word' id='word_1_516' title='bbox 786 3893 1046 3941; x_wconf 84' lang='lat' dir='ltr'><strong>extranea</strong></span> <span class='ocrx_word' id='word_1_517' title='bbox 1073 3888 1244 3957; x_wconf 82' lang='lat' dir='ltr'><strong>magis</strong></span> <span class='ocrx_word' id='word_1_518' title='bbox 1284 3888 1336 3942; x_wconf 92' lang='lat' dir='ltr'><strong>in</strong></span> <span class='ocrx_word' id='word_1_519' title='bbox 1374 3888 1484 3942; x_wconf 86' lang='lat' dir='ltr'><strong>illis</strong></span> <span class='ocrx_word' id='word_1_520' title='bbox 1520 3904 1630 3943; x_wconf 88' lang='lat' dir='ltr'><strong>non</strong></span> <span class='ocrx_word' id='word_1_521' title='bbox 1666 3889 1948 3945; x_wconf 87' lang='lat' dir='ltr'><strong>subsistat.</strong></span> <span class='ocrx_word' id='word_1_522' title='bbox 1977 3891 2038 3945; x_wconf 92' lang='lat' dir='ltr'><strong>ln</strong></span> <span class='ocrx_word' id='word_1_523' title='bbox 2065 3889 2152 3945; x_wconf 90' lang='lat' dir='ltr'><strong>his</strong></span> 
     </span>
    </p>
   </div>
   <div class='ocr_carea' id='block_1_71' title="bbox 560 3976 2151 4057">
    <p class='ocr_par' dir='ltr' id='par_1_71' title="bbox 560 3976 2151 4057">
     <span class='ocr_line' id='line_1_71' title="bbox 560 3976 2151 4057; baseline 0.005 -29"><span class='ocrx_word' id='word_1_524' title='bbox 560 3983 745 4030; x_wconf 86' lang='lat' dir='ltr'><strong>autem</strong></span> <span class='ocrx_word' id='word_1_525' title='bbox 776 3976 943 4048; x_wconf 70' lang='lat' dir='ltr'><strong>virga:</strong></span> <span class='ocrx_word' id='word_1_526' title='bbox 975 3980 1221 4033; x_wconf 61' lang='lat' dir='ltr'><strong>Mosaiva‘:</strong></span> <span class='ocrx_word' id='word_1_527' title='bbox 1257 3980 1311 4034; x_wconf 93' lang='lat' dir='ltr'><strong>in</strong></span> <span class='ocrx_word' id='word_1_528' title='bbox 1335 3990 1651 4057; x_wconf 88' lang='lat' dir='ltr'><strong>serpentem</strong></span> <span class='ocrx_word' id='word_1_529' title='bbox 1682 3996 1981 4045; x_wconf 82' lang='lat' dir='ltr'><strong>conversae,</strong></span> <span class='ocrx_word' id='word_1_530' title='bbox 2018 3982 2151 4053; x_wconf 93' lang='lat' dir='ltr'><strong>quid</strong></span> 
     </span>
    </p>
   </div>
   <div class='ocr_carea' id='block_1_72' title="bbox 561 4068 2152 4143">
    <p class='ocr_par' dir='ltr' id='par_1_72' title="bbox 561 4068 2152 4143">
     <span class='ocr_line' id='line_1_72' title="bbox 561 4068 2152 4143; baseline 0.003 -19"><span class='ocrx_word' id='word_1_531' title='bbox 561 4068 899 4125; x_wconf 88' lang='lat' dir='ltr'><strong>indivisibile</strong></span> <span class='ocrx_word' id='word_1_532' title='bbox 951 4070 1120 4125; x_wconf 78' lang='lat' dir='ltr'><strong>fuisse</strong></span> <span class='ocrx_word' id='word_1_533' title='bbox 1170 4071 1456 4136; x_wconf 73' lang='lat' dir='ltr'><strong>dixeritis,</strong></span> <span class='ocrx_word' id='word_1_534' title='bbox 1506 4073 1815 4128; x_wconf 90' lang='lat' dir='ltr'><strong>audiemus.</strong></span> <span class='ocrx_word' id='word_1_535' title='bbox 1865 4073 2152 4143; x_wconf 85' lang='lat' dir='ltr'><strong>Siquidem</strong></span> 
     </span>
    </p>
   </div>
   <div class='ocr_carea' id='block_1_73' title="bbox 560 4165 2154 4238">
    <p class='ocr_par' dir='ltr' id='par_1_73' title="bbox 560 4165 2154 4238">
     <span class='ocr_line' id='line_1_73' title="bbox 560 4165 2154 4238; baseline 0.002 -19"><span class='ocrx_word' id='word_1_536' title='bbox 560 4165 707 4219; x_wconf 90' lang='lat' dir='ltr'><strong>enim</strong></span> <span class='ocrx_word' id='word_1_537' title='bbox 754 4166 922 4219; x_wconf 92' lang='lat' dir='ltr'><strong>unius</strong></span> <span class='ocrx_word' id='word_1_538' title='bbox 971 4165 1197 4235; x_wconf 89' lang='lat' dir='ltr'><strong>speciei,</strong></span> <span class='ocrx_word' id='word_1_539' title='bbox 1250 4166 1430 4236; x_wconf 85' lang='lat' dir='ltr'><strong>qualis</strong></span> <span class='ocrx_word' id='word_1_540' title='bbox 1462 4165 1565 4221; x_wconf 82' lang='lat' dir='ltr'><strong>fuit</strong></span> <span class='ocrx_word' id='word_1_541' title='bbox 1618 4166 1712 4221; x_wconf 92' lang='lat' dir='ltr'><strong>illa</strong></span> <span class='ocrx_word' id='word_1_542' title='bbox 1768 4167 1935 4221; x_wconf 92' lang='lat' dir='ltr'><strong>unius</strong></span> <span class='ocrx_word' id='word_1_543' title='bbox 1983 4167 2154 4238; x_wconf 67' lang='lat' dir='ltr'><strong>virga:</strong></span> 
     </span>
    </p>
   </div>
   <div class='ocr_carea' id='block_1_74' title="bbox 560 4258 2155 4331">
    <p class='ocr_par' dir='ltr' id='par_1_74' title="bbox 560 4258 2155 4331">
     <span class='ocr_line' id='line_1_74' title="bbox 560 4258 2155 4331; baseline 0.001 -18"><span class='ocrx_word' id='word_1_544' title='bbox 560 4258 795 4328; x_wconf 67' lang='lat' dir='ltr'><strong>Species,</strong></span> <span class='ocrx_word' id='word_1_545' title='bbox 827 4275 949 4328; x_wconf 64' lang='lat' dir='ltr'><strong>quae</strong></span> <span class='ocrx_word' id='word_1_546' title='bbox 976 4274 1157 4328; x_wconf 88' lang='lat' dir='ltr'><strong>neque</strong></span> <span class='ocrx_word' id='word_1_547' title='bbox 1184 4260 1354 4329; x_wconf 82' lang='lat' dir='ltr'><strong>virga,</strong></span> <span class='ocrx_word' id='word_1_548' title='bbox 1386 4274 1568 4329; x_wconf 90' lang='lat' dir='ltr'><strong>nequc</strong></span> <span class='ocrx_word' id='word_1_549' title='bbox 1601 4274 1829 4330; x_wconf 89' lang='lat' dir='ltr'><strong>serpens</strong></span> <span class='ocrx_word' id='word_1_550' title='bbox 1855 4261 2023 4315; x_wconf 87' lang='lat' dir='ltr'><strong>statui</strong></span> <span class='ocrx_word' id='word_1_551' title='bbox 2055 4278 2155 4331; x_wconf 86' lang='lat' dir='ltr'><strong>po-</strong></span> 
     </span>
    </p>
   </div>
   <div class='ocr_carea' id='block_1_75' title="bbox 564 4352 2155 4423">
    <p class='ocr_par' dir='ltr' id='par_1_75' title="bbox 564 4352 2155 4423">
     <span class='ocr_line' id='line_1_75' title="bbox 564 4352 2155 4423; baseline 0.002 -17"><span class='ocrx_word' id='word_1_552' title='bbox 564 4352 707 4406; x_wconf 77' lang='lat' dir='ltr'><strong>test?</strong></span> <span class='ocrx_word' id='word_1_553' title='bbox 735 4352 791 4406; x_wconf 89' lang='lat' dir='ltr'><strong>Si</strong></span> <span class='ocrx_word' id='word_1_554' title='bbox 817 4368 950 4407; x_wconf 88' lang='lat' dir='ltr'><strong>vero</strong></span> <span class='ocrx_word' id='word_1_555' title='bbox 985 4353 1089 4406; x_wconf 92' lang='lat' dir='ltr'><strong>sub</strong></span> <span class='ocrx_word' id='word_1_556' title='bbox 1112 4368 1216 4405; x_wconf 89' lang='lat' dir='ltr'><strong>una</strong></span> <span class='ocrx_word' id='word_1_557' title='bbox 1243 4360 1455 4405; x_wconf 90' lang='lat' dir='ltr'><strong>tantum</strong></span> <span class='ocrx_word' id='word_1_558' title='bbox 1485 4352 1689 4421; x_wconf 87' lang='lat' dir='ltr'><strong>specie,</strong></span> <span class='ocrx_word' id='word_1_559' title='bbox 1717 4353 1896 4423; x_wconf 92' lang='lat' dir='ltr'><strong>qualis</strong></span> <span class='ocrx_word' id='word_1_560' title='bbox 1918 4363 2002 4409; x_wconf 90' lang='lat' dir='ltr'><strong>est</strong></span> <span class='ocrx_word' id='word_1_561' title='bbox 2029 4354 2155 4409; x_wconf 85' lang='lat' dir='ltr'><strong>illa?</strong></span> 
     </span>
    </p>
   </div>
   <div class='ocr_carea' id='block_1_76' title="bbox 563 4444 2154 4517">
    <p class='ocr_par' dir='ltr' id='par_1_76' title="bbox 563 4444 2154 4517">
     <span class='ocr_line' id='line_1_76' title="bbox 563 4444 2154 4517; baseline 0.004 -21"><span class='ocrx_word' id='word_1_562' title='bbox 563 4444 735 4511; x_wconf 80' lang='lat' dir='ltr'><strong>Quam</strong></span> <span class='ocrx_word' id='word_1_563' title='bbox 769 4445 917 4499; x_wconf 91' lang='lat' dir='ltr'><strong>enim</strong></span> <span class='ocrx_word' id='word_1_564' title='bbox 959 4446 1131 4500; x_wconf 89' lang='lat' dir='ltr'><strong>solam</strong></span> <span class='ocrx_word' id='word_1_565' title='bbox 1164 4445 1438 4510; x_wconf 79' lang='lat' dir='ltr'><strong>dixeritis,</strong></span> <span class='ocrx_word' id='word_1_566' title='bbox 1479 4445 1711 4501; x_wconf 90' lang='lat' dir='ltr'><strong>alteram</strong></span> <span class='ocrx_word' id='word_1_567' title='bbox 1756 4446 2154 4517; x_wconf 87' lang='lat' dir='ltr'><strong>disperdidisse</strong></span> 
     </span>
    </p>
   </div>
   <div class='ocr_carea' id='block_1_77' title="bbox 562 4538 2154 4610">
    <p class='ocr_par' dir='ltr' id='par_1_77' title="bbox 562 4538 2154 4610">
     <span class='ocr_line' id='line_1_77' title="bbox 562 4538 2154 4610; baseline 0.004 -20"><span class='ocrx_word' id='word_1_568' title='bbox 562 4538 983 4593; x_wconf 82' lang='lat' dir='ltr'><strong>convincimini.</strong></span> <span class='ocrx_word' id='word_1_569' title='bbox 1016 4538 1179 4609; x_wconf 86' lang='lat' dir='ltr'><strong>Ergo,</strong></span> <span class='ocrx_word' id='word_1_570' title='bbox 1218 4554 1328 4592; x_wconf 91' lang='lat' dir='ltr'><strong>non</strong></span> <span class='ocrx_word' id='word_1_571' title='bbox 1359 4538 1615 4593; x_wconf 69' lang='lat' dir='ltr'><strong>mosaicaa</strong></span> <span class='ocrx_word' id='word_1_572' title='bbox 1645 4539 1812 4609; x_wconf 73' lang='lat' dir='ltr'><strong>virga:</strong></span> <span class='ocrx_word' id='word_1_573' title='bbox 1854 4556 1952 4610; x_wconf 91' lang='lat' dir='ltr'><strong>par</strong></span> <span class='ocrx_word' id='word_1_574' title='bbox 1997 4541 2154 4596; x_wconf 89' lang='lat' dir='ltr'><strong>vobis</strong></span> 
     </span>
    </p>
   </div>
   <div class='ocr_carea' id='block_1_78' title="bbox 2253 3328 3820 3402">
    <p class='ocr_par' dir='ltr' id='par_1_78' title="bbox 2253 3328 3820 3402">
     <span class='ocr_line' id='line_1_78' title="bbox 2253 3328 3820 3402; baseline -0.003 -17"><span class='ocrx_word' id='word_1_575' title='bbox 2253 3348 2445 3385; x_wconf 87' lang='grc' dir='ltr'><strong>στασιν</strong></span> <span class='ocrx_word' id='word_1_576' title='bbox 2467 3331 2853 3400; x_wconf 81' lang='grc' dir='ltr'><strong>ἀναιρεθέντος</strong></span> <span class='ocrx_word' id='word_1_577' title='bbox 2890 3328 2985 3383; x_wconf 90' lang='grc' dir='ltr'><strong>τοῦ</strong></span> <span class='ocrx_word' id='word_1_578' title='bbox 3019 3329 3346 3398; x_wconf 76' lang='grc' dir='ltr'><strong>φασιανικοῦ</strong></span> <span class='ocrx_word' id='word_1_579' title='bbox 3371 3330 3616 3402; x_wconf 80' lang='grc' dir='ltr'><strong>ὀρνιθεου</strong></span> <span class='ocrx_word' id='word_1_580' title='bbox 3646 3329 3820 3391; x_wconf 71' lang='grc' dir='ltr'><strong>εἴδους,</strong></span> 
     </span>
    </p>
   </div>
   <div class='ocr_carea' id='block_1_79' title="bbox 2252 3420 3820 3494">
    <p class='ocr_par' dir='ltr' id='par_1_79' title="bbox 2252 3420 3820 3494">
     <span class='ocr_line' id='line_1_79' title="bbox 2252 3420 3820 3494; baseline -0.001 -18"><span class='ocrx_word' id='word_1_581' title='bbox 2252 3426 2658 3494; x_wconf 83' lang='grc' dir='ltr'><strong>συναναιρεῖται</strong></span> <span class='ocrx_word' id='word_1_582' title='bbox 2691 3424 2789 3477; x_wconf 59' lang='grc' dir='ltr'><strong>καὶ⁹</strong></span> <span class='ocrx_word' id='word_1_583' title='bbox 2833 3424 2867 3493; x_wconf 88' lang='grc' dir='ltr'><strong>ἡ</strong></span> <span class='ocrx_word' id='word_1_584' title='bbox 2922 3422 3213 3488; x_wconf 69' lang='grc' dir='ltr'><strong>σύστασις*</strong></span> <span class='ocrx_word' id='word_1_585' title='bbox 3273 3422 3424 3476; x_wconf 80' lang='grc' dir='ltr'><strong>ἔστιν</strong></span> <span class='ocrx_word' id='word_1_586' title='bbox 3472 3422 3587 3494; x_wconf 86' lang='grc' dir='ltr'><strong>ἄρα</strong></span> <span class='ocrx_word' id='word_1_587' title='bbox 3630 3420 3820 3491; x_wconf 80' lang='grc' dir='ltr'><strong>σαφῶς,</strong></span> 
     </span>
    </p>
   </div>
   <div class='ocr_carea' id='block_1_80' title="bbox 2251 3510 3820 3586">
    <p class='ocr_par' dir='ltr' id='par_1_80' title="bbox 2251 3510 3820 3586">
     <span class='ocr_line' id='line_1_80' title="bbox 2251 3510 3820 3586; baseline -0.004 -16"><span class='ocrx_word' id='word_1_588' title='bbox 2251 3515 2432 3586; x_wconf 86' lang='grc' dir='ltr'><strong>ἄτομα</strong></span> <span class='ocrx_word' id='word_1_589' title='bbox 2458 3514 2558 3585; x_wconf 76' lang='grc' dir='ltr'><strong>μὲν</strong></span> <span class='ocrx_word' id='word_1_590' title='bbox 2586 3510 2729 3569; x_wconf 76' lang='grc' dir='ltr'><strong>εἶναι</strong></span> <span class='ocrx_word' id='word_1_591' title='bbox 2753 3513 3071 3585; x_wconf 86' lang='grc' dir='ltr'><strong>καινότερα,</strong></span> <span class='ocrx_word' id='word_1_592' title='bbox 3095 3515 3155 3567; x_wconf 77' lang='grc' dir='ltr'><strong>ἓν</strong></span> <span class='ocrx_word' id='word_1_593' title='bbox 3184 3530 3247 3567; x_wconf 89' lang='grc' dir='ltr'><strong>τε</strong></span> <span class='ocrx_word' id='word_1_594' title='bbox 3276 3515 3371 3567; x_wconf 75' lang='grc' dir='ltr'><strong>καὶ</strong></span> <span class='ocrx_word' id='word_1_595' title='bbox 3398 3513 3626 3568; x_wconf 80' lang='grc' dir='ltr'><strong>πλείονα</strong></span> <span class='ocrx_word' id='word_1_596' title='bbox 3658 3515 3820 3585; x_wconf 75' lang='grc' dir='ltr'><strong>ὃμοια,</strong></span> 
     </span>
    </p>
   </div>
   <div class='ocr_carea' id='block_1_81' title="bbox 2251 3603 3819 3679">
    <p class='ocr_par' dir='ltr' id='par_1_81' title="bbox 2251 3603 3819 3679">
     <span class='ocr_line' id='line_1_81' title="bbox 2251 3603 3819 3679; baseline -0.001 -19"><span class='ocrx_word' id='word_1_597' title='bbox 2251 3607 2424 3671; x_wconf 79' lang='grc' dir='ltr'><strong>εἴδους</strong></span> <span class='ocrx_word' id='word_1_598' title='bbox 2454 3605 2687 3677; x_wconf 79' lang='grc' dir='ltr'><strong>φυσικοῦ</strong></span> <span class='ocrx_word' id='word_1_599' title='bbox 2718 3607 3037 3679; x_wconf 82' lang='grc' dir='ltr'><strong>καινοτέρου</strong></span> <span class='ocrx_word' id='word_1_600' title='bbox 3073 3609 3131 3662; x_wconf 88' lang='grc' dir='ltr'><strong>ἐν</strong></span> <span class='ocrx_word' id='word_1_601' title='bbox 3181 3606 3367 3671; x_wconf 81' lang='grc' dir='ltr'><strong>αὐτοῖς</strong></span> <span class='ocrx_word' id='word_1_602' title='bbox 3399 3605 3477 3679; x_wconf 81' lang='grc' dir='ltr'><strong>μὴ</strong></span> <span class='ocrx_word' id='word_1_603' title='bbox 3513 3603 3819 3673; x_wconf 74' lang='grc' dir='ltr'><strong>συνισταμέ-</strong></span> 
     </span>
    </p>
   </div>
   <div class='ocr_carea' id='block_1_82' title="bbox 2252 3698 3817 3773">
    <p class='ocr_par' dir='ltr' id='par_1_82' title="bbox 2252 3698 3817 3773">
     <span class='ocr_line' id='line_1_82' title="bbox 2252 3698 3817 3773; baseline -0.003 -18"><span class='ocrx_word' id='word_1_604' title='bbox 2252 3717 2364 3755; x_wconf 85' lang='grc' dir='ltr'><strong>νου·</strong></span> <span class='ocrx_word' id='word_1_605' title='bbox 2390 3700 2485 3753; x_wconf 80' lang='grc' dir='ltr'><strong>ὲπὶ</strong></span> <span class='ocrx_word' id='word_1_606' title='bbox 2514 3702 2728 3765; x_wconf 83' lang='grc' dir='ltr'><strong>τούτοις</strong></span> <span class='ocrx_word' id='word_1_607' title='bbox 2759 3700 2818 3754; x_wconf 86' lang='grc' dir='ltr'><strong>δὲ</strong></span> <span class='ocrx_word' id='word_1_608' title='bbox 2852 3701 2950 3754; x_wconf 75' lang='grc' dir='ltr'><strong>καὶ</strong></span> <span class='ocrx_word' id='word_1_609' title='bbox 2995 3701 3096 3771; x_wconf 81' lang='grc' dir='ltr'><strong>τῆς</strong></span> <span class='ocrx_word' id='word_1_610' title='bbox 3136 3699 3615 3773; x_wconf 81' lang='grc' dir='ltr'><strong>δρακοντουμὲνης</strong></span> <span class='ocrx_word' id='word_1_611' title='bbox 3645 3698 3817 3773; x_wconf 75' lang='grc' dir='ltr'><strong>ῥάϐδου</strong></span> 
     </span>
    </p>
   </div>
   <div class='ocr_carea' id='block_1_83' title="bbox 2254 3789 3818 3865">
    <p class='ocr_par' dir='ltr' id='par_1_83' title="bbox 2254 3789 3818 3865">
     <span class='ocr_line' id='line_1_83' title="bbox 2254 3789 3818 3865; baseline -0.006 -16"><span class='ocrx_word' id='word_1_612' title='bbox 2254 3794 2579 3865; x_wconf 84' lang='grc' dir='ltr'><strong>Μωσαῖκῆς,</strong></span> <span class='ocrx_word' id='word_1_613' title='bbox 2607 3792 2659 3848; x_wconf 88' lang='grc' dir='ltr'><strong>τί</strong></span> <span class='ocrx_word' id='word_1_614' title='bbox 2695 3810 2833 3864; x_wconf 87' lang='grc' dir='ltr'><strong>φατε</strong></span> <span class='ocrx_word' id='word_1_615' title='bbox 2878 3794 2938 3847; x_wconf 81' lang='grc' dir='ltr'><strong>τὸ</strong></span> <span class='ocrx_word' id='word_1_616' title='bbox 2965 3792 3194 3864; x_wconf 85' lang='grc' dir='ltr'><strong>ἄτομον,</strong></span> <span class='ocrx_word' id='word_1_617' title='bbox 3228 3793 3611 3863; x_wconf 84' lang='grc' dir='ltr'><strong>ἀκουσόμεθα·</strong></span> <span class='ocrx_word' id='word_1_618' title='bbox 3641 3795 3687 3846; x_wconf 89' lang='grc' dir='ltr'><strong>εἱ</strong></span> <span class='ocrx_word' id='word_1_619' title='bbox 3734 3789 3818 3861; x_wconf 87' lang='grc' dir='ltr'><strong>μὲν</strong></span> 
     </span>
    </p>
   </div>
   <div class='ocr_carea' id='block_1_84' title="bbox 2252 3884 3816 3959">
    <p class='ocr_par' dir='ltr' id='par_1_84' title="bbox 2252 3884 3816 3959">
     <span class='ocr_line' id='line_1_84' title="bbox 2252 3884 3816 3959; baseline -0.003 -18"><span class='ocrx_word' id='word_1_620' title='bbox 2252 3888 2363 3959; x_wconf 84' lang='grc' dir='ltr'><strong>γὰρ</strong></span> <span class='ocrx_word' id='word_1_621' title='bbox 2404 3888 2679 3957; x_wconf 78' lang='grc' dir='ltr'><strong>μονοειδές</strong></span> <span class='ocrx_word' id='word_1_622' title='bbox 2707 3905 2788 3955; x_wconf 87' lang='grc' dir='ltr'><strong>τε,</strong></span> <span class='ocrx_word' id='word_1_623' title='bbox 2826 3887 2920 3941; x_wconf 71' lang='grc' dir='ltr'><strong>καὶ</strong></span> <span class='ocrx_word' id='word_1_624' title='bbox 2944 3888 3098 3941; x_wconf 76' lang='grc' dir='ltr'><strong>ποῖον</strong></span> <span class='ocrx_word' id='word_1_625' title='bbox 3132 3887 3253 3941; x_wconf 87' lang='grc' dir='ltr'><strong>τόδε</strong></span> <span class='ocrx_word' id='word_1_626' title='bbox 3297 3886 3360 3939; x_wconf 83' lang='grc' dir='ltr'><strong>τὸ</strong></span> <span class='ocrx_word' id='word_1_627' title='bbox 3390 3887 3512 3940; x_wconf 84' lang='grc' dir='ltr'><strong>κατ’</strong></span> <span class='ocrx_word' id='word_1_628' title='bbox 3545 3887 3708 3957; x_wconf 80' lang='grc' dir='ltr'><strong>αὐτὴν</strong></span> <span class='ocrx_word' id='word_1_629' title='bbox 3733 3884 3816 3956; x_wconf 85' lang='grc' dir='ltr'><strong>μό-</strong></span> 
     </span>
    </p>
   </div>
   <div class='ocr_carea' id='block_1_85' title="bbox 2252 3968 3819 4052">
    <p class='ocr_par' dir='ltr' id='par_1_85' title="bbox 2252 3968 3819 4052">
     <span class='ocr_line' id='line_1_85' title="bbox 2252 3968 3819 4052; baseline -0.004 -18"><span class='ocrx_word' id='word_1_630' title='bbox 2252 3998 2352 4051; x_wconf 91' lang='grc' dir='ltr'><strong>νην</strong></span> <span class='ocrx_word' id='word_1_631' title='bbox 2382 3976 2544 4045; x_wconf 82' lang='grc' dir='ltr'><strong>εἶδος,</strong></span> <span class='ocrx_word' id='word_1_632' title='bbox 2572 3980 2600 4033; x_wconf 82' lang='grc' dir='ltr'><strong>ὃ</strong></span> <span class='ocrx_word' id='word_1_633' title='bbox 2628 3981 2767 4052; x_wconf 89' lang='grc' dir='ltr'><strong>μὴτε</strong></span> <span class='ocrx_word' id='word_1_634' title='bbox 2793 3980 3012 4051; x_wconf 79' lang='grc' dir='ltr'><strong>ῥάϐδος,</strong></span> <span class='ocrx_word' id='word_1_635' title='bbox 3064 3980 3205 4050; x_wconf 85' lang='grc' dir='ltr'><strong>μήτε</strong></span> <span class='ocrx_word' id='word_1_636' title='bbox 3250 3968 3468 4048; x_wconf 83' lang='grc' dir='ltr'><strong>δράκων</strong></span> <span class='ocrx_word' id='word_1_637' title='bbox 3494 3979 3721 4051; x_wconf 78' lang='grc' dir='ltr'><strong>ὁρίζοιτο</strong></span> <span class='ocrx_word' id='word_1_638' title='bbox 3741 3993 3755 4044; x_wconf 89' lang='grc'><strong>;</strong></span> <span class='ocrx_word' id='word_1_639' title='bbox 3779 3975 3819 4028; x_wconf 80' lang='grc' dir='ltr'><strong>εἰ</strong></span> 
     </span>
    </p>
   </div>
   <div class='ocr_carea' id='block_1_86' title="bbox 2250 4069 3818 4144">
    <p class='ocr_par' dir='ltr' id='par_1_86' title="bbox 2250 4069 3818 4144">
     <span class='ocr_line' id='line_1_86' title="bbox 2250 4069 3818 4144; baseline -0.006 -16"><span class='ocrx_word' id='word_1_640' title='bbox 2250 4075 2308 4128; x_wconf 84' lang='grc' dir='ltr'><strong>δὲ</strong></span> <span class='ocrx_word' id='word_1_641' title='bbox 2339 4073 2445 4128; x_wconf 80' lang='grc' dir='ltr'><strong>ὑπὸ</strong></span> <span class='ocrx_word' id='word_1_642' title='bbox 2466 4070 2605 4137; x_wconf 83' lang='grc' dir='ltr'><strong>εἶδος</strong></span> <span class='ocrx_word' id='word_1_643' title='bbox 2636 4072 2695 4127; x_wconf 80' lang='grc' dir='ltr'><strong>ἓν</strong></span> <span class='ocrx_word' id='word_1_644' title='bbox 2727 4072 2907 4142; x_wconf 85' lang='grc' dir='ltr'><strong>μόνον,</strong></span> <span class='ocrx_word' id='word_1_645' title='bbox 2938 4074 3093 4125; x_wconf 85' lang='grc' dir='ltr'><strong>ποῖον</strong></span> <span class='ocrx_word' id='word_1_646' title='bbox 3131 4070 3324 4137; x_wconf 88' lang='grc' dir='ltr'><strong>τοῦτο;</strong></span> <span class='ocrx_word' id='word_1_647' title='bbox 3352 4069 3380 4123; x_wconf 83' lang='grc' dir='ltr'><strong>ὃ</strong></span> <span class='ocrx_word' id='word_1_648' title='bbox 3409 4070 3520 4144; x_wconf 77' lang='grc' dir='ltr'><strong>γὰρ</strong></span> <span class='ocrx_word' id='word_1_649' title='bbox 3546 4071 3611 4125; x_wconf 85' lang='grc' dir='ltr'><strong>ἂν</strong></span> <span class='ocrx_word' id='word_1_650' title='bbox 3637 4070 3818 4123; x_wconf 79' lang='grc' dir='ltr'><strong>εἴποιτε</strong></span> 
     </span>
    </p>
   </div>
   <div class='ocr_carea' id='block_1_87' title="bbox 2258 4158 3818 4238">
    <p class='ocr_par' dir='ltr' id='par_1_87' title="bbox 2258 4158 3818 4238">
     <span class='ocr_line' id='line_1_87' title="bbox 2258 4158 3818 4238; baseline -0.008 -17"><span class='ocrx_word' id='word_1_651' title='bbox 2258 4167 2441 4238; x_wconf 86' lang='grc' dir='ltr'><strong>μόνον,</strong></span> <span class='ocrx_word' id='word_1_652' title='bbox 2503 4165 2563 4219; x_wconf 81' lang='grc' dir='ltr'><strong>τὸ</strong></span> <span class='ocrx_word' id='word_1_653' title='bbox 2624 4164 2815 4236; x_wconf 80' lang='grc' dir='ltr'><strong>ἓτερον</strong></span> <span class='ocrx_word' id='word_1_654' title='bbox 2855 4162 3146 4234; x_wconf 78' lang='grc' dir='ltr'><strong>ἐλέγχεσθε</strong></span> <span class='ocrx_word' id='word_1_655' title='bbox 3200 4160 3687 4233; x_wconf 72' lang='grc' dir='ltr'><strong>παραϐλάψαντεςο</strong></span> <span class='ocrx_word' id='word_1_656' title='bbox 3728 4158 3818 4227; x_wconf 83' lang='grc' dir='ltr'><strong>ἄρα</strong></span> 
     </span>
    </p>
   </div>
   <div class='ocr_carea' id='block_1_88' title="bbox 2253 4246 3816 4328">
    <p class='ocr_par' dir='ltr' id='par_1_88' title="bbox 2253 4246 3816 4328">
     <span class='ocr_line' id='line_1_88' title="bbox 2253 4246 3816 4328; baseline -0.007 -18"><span class='ocrx_word' id='word_1_657' title='bbox 2253 4254 2346 4313; x_wconf 82' lang='grc' dir='ltr'><strong>οῦν</strong></span> <span class='ocrx_word' id='word_1_658' title='bbox 2366 4258 2487 4312; x_wconf 80' lang='grc' dir='ltr'><strong>οὐδὲ</strong></span> <span class='ocrx_word' id='word_1_659' title='bbox 2515 4257 2615 4328; x_wconf 86' lang='grc' dir='ltr'><strong>τῆς</strong></span> <span class='ocrx_word' id='word_1_660' title='bbox 2638 4256 2944 4326; x_wconf 84' lang='grc' dir='ltr'><strong>Μωσαῖκῆς</strong></span> <span class='ocrx_word' id='word_1_661' title='bbox 2974 4254 3173 4327; x_wconf 77' lang='grc' dir='ltr'><strong>ῥάϐδου</strong></span> <span class='ocrx_word' id='word_1_662' title='bbox 3204 4249 3322 4307; x_wconf 74' lang='grc' dir='ltr'><strong>ἴσον</strong></span> <span class='ocrx_word' id='word_1_663' title='bbox 3358 4254 3490 4325; x_wconf 86' lang='grc' dir='ltr'><strong>ύμῖν</strong></span> <span class='ocrx_word' id='word_1_664' title='bbox 3520 4255 3581 4307; x_wconf 82' lang='grc' dir='ltr'><strong>τὸ</strong></span> <span class='ocrx_word' id='word_1_665' title='bbox 3614 4252 3709 4322; x_wconf 81' lang='grc' dir='ltr'><strong>τῆς</strong></span> <span class='ocrx_word' id='word_1_666' title='bbox 3737 4246 3816 4302; x_wconf 84' lang='grc' dir='ltr'><strong>τοῦ</strong></span> 
     </span>
    </p>
   </div>
   <div class='ocr_carea' id='block_1_89' title="bbox 2254 4341 3817 4421">
    <p class='ocr_par' dir='ltr' id='par_1_89' title="bbox 2254 4341 3817 4421">
     <span class='ocr_line' id='line_1_89' title="bbox 2254 4341 3817 4421; baseline -0.005 -15"><span class='ocrx_word' id='word_1_667' title='bbox 2254 4350 2430 4420; x_wconf 90' lang='grc' dir='ltr'><strong>Λόγου</strong></span> <span class='ocrx_word' id='word_1_668' title='bbox 2460 4348 2791 4421; x_wconf 84' lang='grc' dir='ltr'><strong>σαρκώσεως</strong></span> <span class='ocrx_word' id='word_1_669' title='bbox 2815 4347 3002 4418; x_wconf 88' lang='grc' dir='ltr'><strong>θαῦμα</strong></span> <span class='ocrx_word' id='word_1_670' title='bbox 3030 4348 3199 4410; x_wconf 89' lang='grc' dir='ltr'><strong>δοκεῖ,</strong></span> <span class='ocrx_word' id='word_1_671' title='bbox 3229 4347 3345 4400; x_wconf 86' lang='grc' dir='ltr'><strong>ἀλλ’</strong></span> <span class='ocrx_word' id='word_1_672' title='bbox 3363 4347 3478 4400; x_wconf 78' lang='grc' dir='ltr'><strong>ἐστι</strong></span> <span class='ocrx_word' id='word_1_673' title='bbox 3507 4345 3707 4415; x_wconf 87' lang='grc' dir='ltr'><strong>ταύτην</strong></span> <span class='ocrx_word' id='word_1_674' title='bbox 3735 4341 3817 4413; x_wconf 80' lang='grc' dir='ltr'><strong>μὲν</strong></span> 
     </span>
    </p>
   </div>
   <div class='ocr_carea' id='block_1_90' title="bbox 2253 4430 3815 4513">
    <p class='ocr_par' dir='ltr' id='par_1_90' title="bbox 2253 4430 3815 4513">
     <span class='ocr_line' id='line_1_90' title="bbox 2253 4430 3815 4513; baseline -0.007 -16"><span class='ocrx_word' id='word_1_675' title='bbox 2253 4445 2330 4508; x_wconf 83' lang='grc' dir='ltr'><strong>ὡς</strong></span> <span class='ocrx_word' id='word_1_676' title='bbox 2358 4442 2685 4513; x_wconf 80' lang='grc' dir='ltr'><strong>καινοτέραν</strong></span> <span class='ocrx_word' id='word_1_677' title='bbox 2724 4440 3167 4511; x_wconf 79' lang='grc' dir='ltr'><strong>συλλογίζεσθαι,</strong></span> <span class='ocrx_word' id='word_1_678' title='bbox 3202 4440 3420 4512; x_wconf 87' lang='grc' dir='ltr'><strong>ἐκείνην</strong></span> <span class='ocrx_word' id='word_1_679' title='bbox 3456 4440 3517 4494; x_wconf 82' lang='grc' dir='ltr'><strong>δὲ</strong></span> <span class='ocrx_word' id='word_1_680' title='bbox 3548 4438 3663 4510; x_wconf 78' lang='grc' dir='ltr'><strong>οὐχί</strong></span> <span class='ocrx_word' id='word_1_681' title='bbox 3687 4454 3699 4467; x_wconf 78' lang='grc' dir='ltr'><strong><em>ο</em></strong></span> <span class='ocrx_word' id='word_1_682' title='bbox 3732 4430 3815 4504; x_wconf 64' lang='grc' dir='ltr'><strong>φεῦ</strong></span> 
     </span>
    </p>
   </div>
   <div class='ocr_carea' id='block_1_91' title="bbox 2255 4536 2667 4609">
    <p class='ocr_par' dir='ltr' id='par_1_91' title="bbox 2255 4536 2667 4609">
     <span class='ocr_line' id='line_1_91' title="bbox 2255 4536 2667 4609; baseline -0.007 -18"><span class='ocrx_word' id='word_1_683' title='bbox 2255 4537 2357 4609; x_wconf 83' lang='grc' dir='ltr'><strong>τῆς</strong></span> <span class='ocrx_word' id='word_1_684' title='bbox 2381 4536 2667 4600; x_wconf 85' lang='grc' dir='ltr'><strong>ἀσεϐείαςί</strong></span> 
     </span>
    </p>
   </div>
   <div class='ocr_carea' id='block_1_92' title="bbox 566 4621 3818 4704">
    <p class='ocr_par' dir='ltr' id='par_1_92' title="bbox 566 4621 3818 4704">
     <span class='ocr_line' id='line_1_92' title="bbox 566 4621 3818 4704; baseline -0.003 -19"><span class='ocrx_word' id='word_1_685' title='bbox 566 4632 731 4687; x_wconf 83' lang='lat' dir='ltr'><strong>Verbi</strong></span> <span class='ocrx_word' id='word_1_686' title='bbox 784 4632 1181 4687; x_wconf 86' lang='lat' dir='ltr'><strong>incarnationis</strong></span> <span class='ocrx_word' id='word_1_687' title='bbox 1230 4632 1543 4704; x_wconf 86' lang='lat' dir='ltr'><strong>prodigium</strong></span> <span class='ocrx_word' id='word_1_688' title='bbox 1589 4632 1844 4703; x_wconf 89' lang='lat' dir='ltr'><strong>videtur,</strong></span> <span class='ocrx_word' id='word_1_689' title='bbox 1887 4634 1984 4689; x_wconf 88' lang='lat' dir='ltr'><strong>sed</strong></span> <span class='ocrx_word' id='word_1_690' title='bbox 2030 4636 2148 4693; x_wconf 67' lang='lat' dir='ltr'><strong>haec</strong></span> <span class='ocrx_word' id='word_1_691' title='bbox 2186 4644 2507 4694; x_wconf 79' lang='lat' dir='ltr'><strong>extraneam</strong></span> <span class='ocrx_word' id='word_1_692' title='bbox 2575 4629 2749 4701; x_wconf 88' lang='lat' dir='ltr'><strong>magis</strong></span> <span class='ocrx_word' id='word_1_693' title='bbox 2811 4627 2981 4684; x_wconf 84' lang='lat' dir='ltr'><strong>fuisse</strong></span> <span class='ocrx_word' id='word_1_694' title='bbox 3010 4625 3366 4683; x_wconf 88' lang='lat' dir='ltr'><strong>statuendum</strong></span> <span class='ocrx_word' id='word_1_695' title='bbox 3399 4631 3507 4693; x_wconf 87' lang='lat' dir='ltr'><strong>est,</strong></span> <span class='ocrx_word' id='word_1_696' title='bbox 3534 4621 3676 4680; x_wconf 88' lang='lat' dir='ltr'><strong>illam</strong></span> <span class='ocrx_word' id='word_1_697' title='bbox 3708 4630 3818 4675; x_wconf 84' lang='lat' dir='ltr'><strong>vero</strong></span> 
     </span>
    </p>
   </div>
   <div class='ocr_carea' id='block_1_93' title="bbox 565 4721 1290 4793">
    <p class='ocr_par' dir='ltr' id='par_1_93' title="bbox 565 4721 1290 4793">
     <span class='ocr_line' id='line_1_93' title="bbox 565 4721 1290 4793; baseline 0.001 -16"><span class='ocrx_word' id='word_1_698' title='bbox 565 4722 813 4779; x_wconf 85' lang='lat' dir='ltr'><strong>minime.</strong></span> <span class='ocrx_word' id='word_1_699' title='bbox 842 4721 887 4779; x_wconf 92' lang='grc' dir='ltr'><strong>Ο</strong></span> <span class='ocrx_word' id='word_1_700' title='bbox 919 4724 1257 4793; x_wconf 89' lang='lat' dir='ltr'><strong>impietatem</strong></span> <span class='ocrx_word' id='word_1_701' title='bbox 1276 4724 1290 4778; x_wconf 89' lang='lat' dir='ltr'><strong>l</strong></span> 
     </span>
    </p>
   </div>
   <div class='ocr_carea' id='block_1_94' title="bbox 1147 4863 1575 4923">
    <p class='ocr_par' dir='ltr' id='par_1_94' title="bbox 1147 4863 1575 4923">
     <span class='ocr_line' id='line_1_94' title="bbox 1147 4863 1575 4923; baseline -0.002 -2"><span class='ocrx_word' id='word_1_702' title='bbox 1147 4864 1299 4921; x_wconf 82' lang='lat' dir='ltr'><strong>CAP.</strong></span> <span class='ocrx_word' id='word_1_703' title='bbox 1339 4863 1575 4923; x_wconf 78' lang='lat' dir='ltr'><strong>XLVIII.</strong></span> 
     </span>
    </p>
   </div>
   <div class='ocr_carea' id='block_1_95' title="bbox 635 4999 2158 5073">
    <p class='ocr_par' dir='ltr' id='par_1_95' title="bbox 635 4999 2158 5073">
     <span class='ocr_line' id='line_1_95' title="bbox 635 4999 2158 5073; baseline 0.001 -16"><span class='ocrx_word' id='word_1_704' title='bbox 635 5001 694 5058; x_wconf 90' lang='lat' dir='ltr'><strong>Si</strong></span> <span class='ocrx_word' id='word_1_705' title='bbox 721 5001 859 5073; x_wconf 90' lang='lat' dir='ltr'><strong>ipse,</strong></span> <span class='ocrx_word' id='word_1_706' title='bbox 892 5000 1173 5072; x_wconf 89' lang='lat' dir='ltr'><strong>inquiunt,</strong></span> <span class='ocrx_word' id='word_1_707' title='bbox 1208 5001 1448 5071; x_wconf 88' lang='lat' dir='ltr'><strong>scipsum</strong></span> <span class='ocrx_word' id='word_1_708' title='bbox 1490 4999 1764 5056; x_wconf 89' lang='lat' dir='ltr'><strong>suscitans</strong></span> <span class='ocrx_word' id='word_1_709' title='bbox 1788 5009 1873 5057; x_wconf 89' lang='lat' dir='ltr'><strong>est</strong></span> <span class='ocrx_word' id='word_1_710' title='bbox 1902 5001 2158 5059; x_wconf 87' lang='lat' dir='ltr'><strong>Christus</strong></span> 
     </span>
    </p>
   </div>
   <div class='ocr_carea' id='block_1_96' title="bbox 562 5092 2155 5162">
    <p class='ocr_par' dir='ltr' id='par_1_96' title="bbox 562 5092 2155 5162">
     <span class='ocr_line' id='line_1_96' title="bbox 562 5092 2155 5162; baseline 0.003 -16"><span class='ocrx_word' id='word_1_711' title='bbox 562 5108 597 5147; x_wconf 91' lang='lat' dir='ltr'><strong>e</strong></span> <span class='ocrx_word' id='word_1_712' title='bbox 642 5092 911 5157; x_wconf 91' lang='lat' dir='ltr'><strong>mortuis,</strong></span> <span class='ocrx_word' id='word_1_713' title='bbox 960 5102 1017 5146; x_wconf 89' lang='lat' dir='ltr'><strong>et</strong></span> <span class='ocrx_word' id='word_1_714' title='bbox 1067 5092 1404 5160; x_wconf 86' lang='lat' dir='ltr'><strong>suscitatus,</strong></span> <span class='ocrx_word' id='word_1_715' title='bbox 1458 5099 1679 5162; x_wconf 89' lang='lat' dir='ltr'><strong>oportet</strong></span> <span class='ocrx_word' id='word_1_716' title='bbox 1726 5093 1882 5147; x_wconf 92' lang='lat' dir='ltr'><strong>illum</strong></span> <span class='ocrx_word' id='word_1_717' title='bbox 1922 5094 2155 5150; x_wconf 88' lang='lat' dir='ltr'><strong>dicere:</strong></span> 
     </span>
    </p>
   </div>
   <div class='ocr_carea' id='block_1_97' title="bbox 569 5183 2155 5254">
    <p class='ocr_par' dir='ltr' id='par_1_97' title="bbox 569 5183 2155 5254">
     <span class='ocr_line' id='line_1_97' title="bbox 569 5183 2155 5254; baseline 0.003 -17"><span class='ocrx_word' id='word_1_718' title='bbox 569 5203 592 5237; x_wconf 82' lang='grc'><strong>‹</strong></span> <span class='ocrx_word' id='word_1_719' title='bbox 628 5184 838 5240; x_wconf 89' lang='lat' dir='ltr'><strong>Solvite</strong></span> <span class='ocrx_word' id='word_1_720' title='bbox 882 5185 1148 5254; x_wconf 90' lang='lat' dir='ltr'><strong>templum</strong></span> <span class='ocrx_word' id='word_1_721' title='bbox 1196 5184 1366 5249; x_wconf 90' lang='lat' dir='ltr'><strong>istud,</strong></span> <span class='ocrx_word' id='word_1_722' title='bbox 1400 5193 1457 5239; x_wconf 90' lang='lat' dir='ltr'><strong>et</strong></span> <span class='ocrx_word' id='word_1_723' title='bbox 1490 5183 1547 5239; x_wconf 91' lang='lat' dir='ltr'><strong>in</strong></span> <span class='ocrx_word' id='word_1_724' title='bbox 1586 5184 1762 5239; x_wconf 90' lang='lat' dir='ltr'><strong>tribus</strong></span> <span class='ocrx_word' id='word_1_725' title='bbox 1789 5185 1988 5241; x_wconf 86' lang='lat' dir='ltr'><strong>diebus</strong></span> <span class='ocrx_word' id='word_1_726' title='bbox 2019 5202 2155 5242; x_wconf 68' lang='lat' dir='ltr'><strong>rete-</strong></span> 
     </span>
    </p>
   </div>
   <div class='ocr_carea' id='block_1_98' title="bbox 562 5276 2153 5349">
    <p class='ocr_par' dir='ltr' id='par_1_98' title="bbox 562 5276 2153 5349">
     <span class='ocr_line' id='line_1_98' title="bbox 562 5276 2153 5349; baseline 0.001 -18"><span class='ocrx_word' id='word_1_727' title='bbox 562 5276 898 5332; x_wconf 74' lang='lat' dir='ltr'><strong>diiicabo“?</strong></span> <span class='ocrx_word' id='word_1_728' title='bbox 929 5296 947 5329; x_wconf 82' lang='grc'>›</span> <span class='ocrx_word' id='word_1_729' title='bbox 978 5276 1121 5343; x_wconf 85' lang='lat' dir='ltr'><strong>Quid</strong></span> <span class='ocrx_word' id='word_1_730' title='bbox 1151 5293 1286 5349; x_wconf 89' lang='lat' dir='ltr'><strong>ergo</strong></span> <span class='ocrx_word' id='word_1_731' title='bbox 1316 5293 1427 5332; x_wconf 93' lang='lat' dir='ltr'><strong>non</strong></span> <span class='ocrx_word' id='word_1_732' title='bbox 1462 5279 1802 5333; x_wconf 92' lang='lat' dir='ltr'><strong>contrarium</strong></span> <span class='ocrx_word' id='word_1_733' title='bbox 1837 5288 2153 5344; x_wconf 90' lang='lat' dir='ltr'><strong>cernentes,</strong></span> 
     </span>
    </p>
   </div>
   <div class='ocr_carea' id='block_1_99' title="bbox 564 5368 2155 5439">
    <p class='ocr_par' dir='ltr' id='par_1_99' title="bbox 564 5368 2155 5439">
     <span class='ocr_line' id='line_1_99' title="bbox 564 5368 2155 5439; baseline 0.001 -18"><span class='ocrx_word' id='word_1_734' title='bbox 564 5368 791 5423; x_wconf 83' lang='lat' dir='ltr'><strong>unoculi</strong></span> <span class='ocrx_word' id='word_1_735' title='bbox 834 5369 1092 5439; x_wconf 83' lang='lat' dir='ltr'><strong>pietatem</strong></span> <span class='ocrx_word' id='word_1_736' title='bbox 1139 5369 1442 5439; x_wconf 83' lang='lat' dir='ltr'><strong>perfectam</strong></span> <span class='ocrx_word' id='word_1_737' title='bbox 1494 5370 1873 5439; x_wconf 70' lang='lat' dir='ltr'><strong>praatenditis?</strong></span> <span class='ocrx_word' id='word_1_738' title='bbox 1911 5369 1957 5425; x_wconf 92' lang='lat' dir='ltr'><strong>si</strong></span> <span class='ocrx_word' id='word_1_739' title='bbox 2007 5370 2155 5424; x_wconf 90' lang='lat' dir='ltr'><strong>enim</strong></span> 
     </span>
    </p>
   </div>
   <div class='ocr_carea' id='block_1_100' title="bbox 561 5460 2156 5533">
    <p class='ocr_par' dir='ltr' id='par_1_100' title="bbox 561 5460 2156 5533">
     <span class='ocr_line' id='line_1_100' title="bbox 561 5460 2156 5533; baseline 0.002 -19"><span class='ocrx_word' id='word_1_740' title='bbox 561 5460 705 5516; x_wconf 82' lang='lat' dir='ltr'><strong>alius</strong></span> <span class='ocrx_word' id='word_1_741' title='bbox 749 5462 992 5516; x_wconf 91' lang='lat' dir='ltr'><strong>solutum</strong></span> <span class='ocrx_word' id='word_1_742' title='bbox 1038 5462 1358 5527; x_wconf 62' lang='lat' dir='ltr'><strong>readiﬁcat,</strong></span> <span class='ocrx_word' id='word_1_743' title='bbox 1385 5462 1535 5533; x_wconf 91' lang='lat' dir='ltr'><strong>quod</strong></span> <span class='ocrx_word' id='word_1_744' title='bbox 1566 5478 1633 5517; x_wconf 86' lang='lat' dir='ltr'><strong>ex</strong></span> <span class='ocrx_word' id='word_1_745' title='bbox 1658 5473 1814 5533; x_wconf 89' lang='lat' dir='ltr'><strong>parte</strong></span> <span class='ocrx_word' id='word_1_746' title='bbox 1857 5472 1996 5528; x_wconf 89' lang='lat' dir='ltr'><strong>erat,</strong></span> <span class='ocrx_word' id='word_1_747' title='bbox 2028 5478 2156 5518; x_wconf 89' lang='lat' dir='ltr'><strong>cor-</strong></span> 
     </span>
    </p>
   </div>
   <div class='ocr_carea' id='block_1_101' title="bbox 564 5549 2158 5623">
    <p class='ocr_par' dir='ltr' id='par_1_101' title="bbox 564 5549 2158 5623">
     <span class='ocr_line' id='line_1_101' title="bbox 564 5549 2158 5623; baseline 0.004 -22"><span class='ocrx_word' id='word_1_748' title='bbox 564 5563 701 5617; x_wconf 81' lang='lat' dir='ltr'><strong>pore</strong></span> <span class='ocrx_word' id='word_1_749' title='bbox 729 5549 941 5606; x_wconf 84' lang='lat' dir='ltr'><strong>scilicet</strong></span> <span class='ocrx_word' id='word_1_750' title='bbox 970 5566 1095 5617; x_wconf 90' lang='lat' dir='ltr'><strong>suo,</strong></span> <span class='ocrx_word' id='word_1_751' title='bbox 1124 5551 1221 5622; x_wconf 92' lang='lat' dir='ltr'><strong>qui</strong></span> <span class='ocrx_word' id='word_1_752' title='bbox 1264 5551 1400 5607; x_wconf 89' lang='lat' dir='ltr'><strong>istos</strong></span> <span class='ocrx_word' id='word_1_753' title='bbox 1428 5551 1834 5621; x_wconf 87' lang='lat' dir='ltr'><strong>alloquebatur,</strong></span> <span class='ocrx_word' id='word_1_754' title='bbox 1865 5554 2158 5623; x_wconf 88' lang='lat' dir='ltr'><strong>oportebat</strong></span> 
     </span>
    </p>
   </div>
   <div class='ocr_carea' id='block_1_102' title="bbox 562 5642 2157 5721">
    <p class='ocr_par' dir='ltr' id='par_1_102' title="bbox 562 5642 2157 5721">
     <span class='ocr_line' id='line_1_102' title="bbox 562 5642 2157 5721; baseline 0.004 -24"><span class='ocrx_word' id='word_1_755' title='bbox 562 5642 773 5709; x_wconf 82' lang='lat' dir='ltr'><strong>dicere,</strong></span> <span class='ocrx_word' id='word_1_756' title='bbox 812 5644 1023 5701; x_wconf 89' lang='lat' dir='ltr'><strong>Solvite</strong></span> <span class='ocrx_word' id='word_1_757' title='bbox 1067 5647 1334 5716; x_wconf 90' lang='lat' dir='ltr'><strong>templum</strong></span> <span class='ocrx_word' id='word_1_758' title='bbox 1358 5647 1505 5703; x_wconf 90' lang='lat' dir='ltr'><strong>istud</strong></span> <span class='ocrx_word' id='word_1_759' title='bbox 1542 5647 1620 5721; x_wconf 84' lang='lat' dir='ltr'><strong>(id</strong></span> <span class='ocrx_word' id='word_1_760' title='bbox 1667 5657 1753 5705; x_wconf 88' lang='lat' dir='ltr'><strong>est</strong></span> <span class='ocrx_word' id='word_1_761' title='bbox 1795 5664 1998 5717; x_wconf 86' lang='lat' dir='ltr'><strong>corpus</strong></span> <span class='ocrx_word' id='word_1_762' title='bbox 2037 5649 2157 5718; x_wconf 85' lang='lat' dir='ltr'><strong>ejus</strong></span> 
     </span>
    </p>
   </div>
   <div class='ocr_carea' id='block_1_103' title="bbox 562 5738 2155 5813">
    <p class='ocr_par' dir='ltr' id='par_1_103' title="bbox 562 5738 2155 5813">
     <span class='ocr_line' id='line_1_103' title="bbox 562 5738 2155 5813; baseline 0.005 -22"><span class='ocrx_word' id='word_1_763' title='bbox 562 5738 912 5813; x_wconf 81' lang='lat' dir='ltr'><strong>evidenter),</strong></span> <span class='ocrx_word' id='word_1_764' title='bbox 944 5752 1001 5798; x_wconf 88' lang='lat' dir='ltr'><strong>et</strong></span> <span class='ocrx_word' id='word_1_765' title='bbox 1045 5741 1101 5797; x_wconf 92' lang='lat' dir='ltr'><strong>in</strong></span> <span class='ocrx_word' id='word_1_766' title='bbox 1148 5742 1330 5799; x_wconf 89' lang='lat' dir='ltr'><strong>tribus</strong></span> <span class='ocrx_word' id='word_1_767' title='bbox 1368 5742 1568 5801; x_wconf 88' lang='lat' dir='ltr'><strong>diebus</strong></span> <span class='ocrx_word' id='word_1_768' title='bbox 1620 5744 1959 5803; x_wconf 86' lang='lat' dir='ltr'><strong>restaurabit</strong></span> <span class='ocrx_word' id='word_1_769' title='bbox 1994 5744 2155 5811; x_wconf 91' lang='lat' dir='ltr'><strong>illud,</strong></span> 
     </span>
    </p>
   </div>
   <div class='ocr_carea' id='block_1_104' title="bbox 643 5894 1089 5966">
    <p class='ocr_par' dir='ltr' id='par_1_104' title="bbox 643 5894 1089 5966">
     <span class='ocr_line' id='line_1_104' title="bbox 643 5894 1089 5966; baseline 0.016 -17"><span class='ocrx_word' id='word_1_770' title='bbox 643 5894 688 5925; x_wconf 79' lang='grc'><strong>⁸⁸</strong></span> <span class='ocrx_word' id='word_1_771' title='bbox 718 5895 878 5953; x_wconf 79' lang='lat' dir='ltr'><strong>Joan.</strong></span> <span class='ocrx_word' id='word_1_772' title='bbox 911 5914 968 5966; x_wconf 87' lang='grc' dir='ltr'><strong>ιι,</strong></span> <span class='ocrx_word' id='word_1_773' title='bbox 1004 5900 1089 5956; x_wconf 78' lang='grc'><strong>19.</strong></span> 
     </span>
    </p>
   </div>
   <div class='ocr_carea' id='block_1_105' title="bbox 2830 4860 3279 4916">
    <p class='ocr_par' dir='ltr' id='par_1_105' title="bbox 2830 4860 3279 4916">
     <span class='ocr_line' id='line_1_105' title="bbox 2830 4860 3279 4916; baseline -0.002 0"><span class='ocrx_word' id='word_1_774' title='bbox 2830 4861 3085 4916; x_wconf 82' lang='grc' dir='ltr'><strong>ΚΕΦΛΛ.</strong></span> <span class='ocrx_word' id='word_1_775' title='bbox 3134 4860 3279 4915; x_wconf 85' lang='lat' dir='ltr'><strong>MH’.</strong></span> 
     </span>
    </p>
   </div>
   <div class='ocr_carea' id='block_1_106' title="bbox 2333 4989 3816 5070">
    <p class='ocr_par' dir='ltr' id='par_1_106' title="bbox 2333 4989 3816 5070">
     <span class='ocr_line' id='line_1_106' title="bbox 2333 4989 3816 5070; baseline -0.012 -14"><span class='ocrx_word' id='word_1_776' title='bbox 2333 5002 2397 5056; x_wconf 75' lang='lat' dir='ltr'><strong>Et</strong></span> <span class='ocrx_word' id='word_1_777' title='bbox 2449 5000 2632 5066; x_wconf 77' lang='grc' dir='ltr'><strong>αὐτὸς,</strong></span> <span class='ocrx_word' id='word_1_778' title='bbox 2658 4996 2847 5070; x_wconf 80' lang='grc' dir='ltr'><strong>φησὶν,</strong></span> <span class='ocrx_word' id='word_1_779' title='bbox 2874 4999 2902 5051; x_wconf 82' lang='grc' dir='ltr'>ὁ</span> <span class='ocrx_word' id='word_1_780' title='bbox 2932 4998 3127 5051; x_wconf 82' lang='grc' dir='ltr'><strong>ἐαυτον</strong></span> <span class='ocrx_word' id='word_1_781' title='bbox 3157 4994 3380 5066; x_wconf 75' lang='grc' dir='ltr'><strong>ἐγείρας</strong></span> <span class='ocrx_word' id='word_1_782' title='bbox 3403 4990 3635 5067; x_wconf 77' lang='grc' dir='ltr'><strong>Χριστὸς</strong></span> <span class='ocrx_word' id='word_1_783' title='bbox 3664 4989 3723 5043; x_wconf 86' lang='grc' dir='ltr'><strong>ἐκ</strong></span> <span class='ocrx_word' id='word_1_784' title='bbox 3747 5001 3816 5040; x_wconf 87' lang='grc' dir='ltr'><strong>νε-</strong></span> 
     </span>
    </p>
   </div>
   <div class='ocr_carea' id='block_1_107' title="bbox 2259 5079 3814 5169">
    <p class='ocr_par' dir='ltr' id='par_1_107' title="bbox 2259 5079 3814 5169">
     <span class='ocr_line' id='line_1_107' title="bbox 2259 5079 3814 5169; baseline -0.012 -19"><span class='ocrx_word' id='word_1_785' title='bbox 2259 5095 2431 5169; x_wconf 87' lang='grc' dir='ltr'><strong>κρῶν,</strong></span> <span class='ocrx_word' id='word_1_786' title='bbox 2460 5094 2555 5148; x_wconf 72' lang='grc' dir='ltr'><strong>καὶ</strong></span> <span class='ocrx_word' id='word_1_787' title='bbox 2590 5092 2856 5164; x_wconf 78' lang='grc' dir='ltr'><strong>ἐγερθεὶς,</strong></span> <span class='ocrx_word' id='word_1_788' title='bbox 2880 5090 2990 5144; x_wconf 78' lang='grc' dir='ltr'><strong>ἔδει</strong></span> <span class='ocrx_word' id='word_1_789' title='bbox 3024 5090 3187 5143; x_wconf 81' lang='grc' dir='ltr'><strong>αὐτὸν</strong></span> <span class='ocrx_word' id='word_1_790' title='bbox 3222 5090 3417 5142; x_wconf 75' lang='grc' dir='ltr'><strong>εἰπεῖν·</strong></span> <span class='ocrx_word' id='word_1_791' title='bbox 3457 5105 3476 5139; x_wconf 78' lang='grc' dir='ltr'><strong>ι</strong></span> <span class='ocrx_word' id='word_1_792' title='bbox 3512 5086 3713 5141; x_wconf 86' lang='grc' dir='ltr'><strong>Λύσατε</strong></span> <span class='ocrx_word' id='word_1_793' title='bbox 3740 5079 3814 5133; x_wconf 76' lang='grc' dir='ltr'><strong>τὸν</strong></span> 
     </span>
    </p>
   </div>
   <div class='ocr_carea' id='block_1_108' title="bbox 2262 5184 3808 5257">
    <p class='ocr_par' dir='ltr' id='par_1_108' title="bbox 2262 5184 3808 5257">
     <span class='ocr_line' id='line_1_108' title="bbox 2262 5184 3808 5257; baseline -0.011 -13"><span class='ocrx_word' id='word_1_794' title='bbox 2262 5190 2389 5245; x_wconf 82' lang='grc' dir='ltr'><strong>ναὸν</strong></span> <span class='ocrx_word' id='word_1_795' title='bbox 2426 5186 2639 5253; x_wconf 84' lang='grc' dir='ltr'><strong>τοῦτον,</strong></span> <span class='ocrx_word' id='word_1_796' title='bbox 2672 5186 2769 5239; x_wconf 71' lang='grc' dir='ltr'><strong>καὶ</strong></span> <span class='ocrx_word' id='word_1_797' title='bbox 2793 5187 2850 5239; x_wconf 85' lang='grc' dir='ltr'><strong>ἐν</strong></span> <span class='ocrx_word' id='word_1_798' title='bbox 2874 5186 3117 5257; x_wconf 77' lang='grc' dir='ltr'><strong>ἡμέραις</strong></span> <span class='ocrx_word' id='word_1_799' title='bbox 3162 5186 3344 5254; x_wconf 74' lang='grc' dir='ltr'><strong>τρισὶν</strong></span> <span class='ocrx_word' id='word_1_800' title='bbox 3374 5184 3766 5257; x_wconf 75' lang='grc' dir='ltr'><strong>ἐγερθήσομαι;</strong></span> <span class='ocrx_word' id='word_1_801' title='bbox 3794 5192 3808 5225; x_wconf 75' lang='grc' dir='ltr'><strong>ι</strong></span> 
     </span>
    </p>
   </div>
   <div class='ocr_carea' id='block_1_109' title="bbox 2262 5272 3812 5351">
    <p class='ocr_par' dir='ltr' id='par_1_109' title="bbox 2262 5272 3812 5351">
     <span class='ocr_line' id='line_1_109' title="bbox 2262 5272 3812 5351; baseline -0.008 -16"><span class='ocrx_word' id='word_1_802' title='bbox 2262 5282 2329 5336; x_wconf 88' lang='grc' dir='ltr'><strong>Τί</strong></span> <span class='ocrx_word' id='word_1_803' title='bbox 2354 5281 2411 5335; x_wconf 83' lang='grc' dir='ltr'><strong>δὲ</strong></span> <span class='ocrx_word' id='word_1_804' title='bbox 2444 5279 2538 5333; x_wconf 76' lang='grc' dir='ltr'><strong>οὖν</strong></span> <span class='ocrx_word' id='word_1_805' title='bbox 2586 5279 2662 5351; x_wconf 83' lang='grc' dir='ltr'><strong>μὴ</strong></span> <span class='ocrx_word' id='word_1_806' title='bbox 2712 5279 2807 5333; x_wconf 73' lang='grc' dir='ltr'><strong>καὶ</strong></span> <span class='ocrx_word' id='word_1_807' title='bbox 2835 5279 3146 5332; x_wconf 83' lang='grc' dir='ltr'><strong>τούναντίον</strong></span> <span class='ocrx_word' id='word_1_808' title='bbox 3192 5277 3522 5341; x_wconf 80' lang='grc' dir='ltr'><strong>σκοποῦντες</strong></span> <span class='ocrx_word' id='word_1_809' title='bbox 3556 5272 3812 5346; x_wconf 75' lang='grc' dir='ltr'><strong>ἡμίγληνοι</strong></span> 
     </span>
    </p>
   </div>
   <div class='ocr_carea' id='block_1_110' title="bbox 2262 5363 3809 5442">
    <p class='ocr_par' dir='ltr' id='par_1_110' title="bbox 2262 5363 3809 5442">
     <span class='ocr_line' id='line_1_110' title="bbox 2262 5363 3809 5442; baseline -0.006 -16"><span class='ocrx_word' id='word_1_810' title='bbox 2262 5374 2362 5442; x_wconf 84' lang='grc' dir='ltr'><strong>τὴν</strong></span> <span class='ocrx_word' id='word_1_811' title='bbox 2393 5370 2673 5424; x_wconf 77' lang='grc' dir='ltr'><strong>εὐσέϐειαν</strong></span> <span class='ocrx_word' id='word_1_812' title='bbox 2697 5368 2926 5432; x_wconf 88' lang='grc' dir='ltr'><strong>ἐντελῶς</strong></span> <span class='ocrx_word' id='word_1_813' title='bbox 2955 5369 3374 5438; x_wconf 80' lang='grc' dir='ltr'><strong>καταυγάζεσθε</strong></span> <span class='ocrx_word' id='word_1_814' title='bbox 3397 5385 3413 5436; x_wconf 89' lang='lat'><strong>;</strong></span> <span class='ocrx_word' id='word_1_815' title='bbox 3446 5368 3494 5420; x_wconf 81' lang='grc' dir='ltr'><strong>εί</strong></span> <span class='ocrx_word' id='word_1_816' title='bbox 3521 5367 3624 5437; x_wconf 81' lang='grc' dir='ltr'><strong>γὰρ</strong></span> <span class='ocrx_word' id='word_1_817' title='bbox 3648 5363 3809 5429; x_wconf 75' lang='grc' dir='ltr'><strong>ἕτερος</strong></span> 
     </span>
    </p>
   </div>
   <div class='ocr_carea' id='block_1_111' title="bbox 2264 5443 3809 5535">
    <p class='ocr_par' dir='ltr' id='par_1_111' title="bbox 2264 5443 3809 5535">
     <span class='ocr_line' id='line_1_111' title="bbox 2264 5443 3809 5535; baseline -0.014 -16"><span class='ocrx_word' id='word_1_818' title='bbox 2264 5465 2457 5535; x_wconf 79' lang='grc' dir='ltr'><strong>ἀνιστᾷ</strong></span> <span class='ocrx_word' id='word_1_819' title='bbox 2486 5463 2576 5518; x_wconf 79' lang='grc' dir='ltr'><strong>τὸν</strong></span> <span class='ocrx_word' id='word_1_820' title='bbox 2608 5462 2889 5533; x_wconf 83' lang='grc' dir='ltr'><strong>λυόμενον,</strong></span> <span class='ocrx_word' id='word_1_821' title='bbox 2930 5461 2987 5526; x_wconf 77' lang='grc' dir='ltr'><strong>ὃς</strong></span> <span class='ocrx_word' id='word_1_822' title='bbox 3016 5456 3085 5532; x_wconf 81' lang='grc' dir='ltr'><strong>ἦν</strong></span> <span class='ocrx_word' id='word_1_823' title='bbox 3119 5461 3227 5515; x_wconf 81' lang='grc' dir='ltr'><strong>ἀπὸ</strong></span> <span class='ocrx_word' id='word_1_824' title='bbox 3275 5462 3495 5531; x_wconf 77' lang='grc' dir='ltr'><strong>μέρους,</strong></span> <span class='ocrx_word' id='word_1_825' title='bbox 3540 5459 3697 5528; x_wconf 79' lang='grc' dir='ltr'><strong>ἡγουν</strong></span> <span class='ocrx_word' id='word_1_826' title='bbox 3732 5443 3809 5501; x_wconf 78' lang='grc' dir='ltr'><strong>τοῦ</strong></span> 
     </span>
    </p>
   </div>
   <div class='ocr_carea' id='block_1_112' title="bbox 2266 5541 3809 5639">
    <p class='ocr_par' dir='ltr' id='par_1_112' title="bbox 2266 5541 3809 5639">
     <span class='ocr_line' id='line_1_112' title="bbox 2266 5541 3809 5639; baseline -0.008 -26"><span class='ocrx_word' id='word_1_827' title='bbox 2266 5558 2521 5629; x_wconf 84' lang='grc' dir='ltr'><strong>σώματος</strong></span> <span class='ocrx_word' id='word_1_828' title='bbox 2576 5558 2764 5625; x_wconf 82' lang='grc' dir='ltr'><strong>αὐτοῦ,</strong></span> <span class='ocrx_word' id='word_1_829' title='bbox 2819 5559 2849 5611; x_wconf 89' lang='grc' dir='ltr'>ὀ</span> <span class='ocrx_word' id='word_1_830' title='bbox 2901 5556 3429 5629; x_wconf 84' lang='grc' dir='ltr'><strong>προσδιαλεγόμενος</strong></span> <span class='ocrx_word' id='word_1_831' title='bbox 3485 5541 3809 5639; x_wconf 31' lang='grc' dir='ltr'><strong>αὐτοῖςηέδεξ</strong></span> 
     </span>
    </p>
   </div>
   <div class='ocr_carea' id='block_1_113' title="bbox 2266 5636 3808 5720">
    <p class='ocr_par' dir='ltr' id='par_1_113' title="bbox 2266 5636 3808 5720">
     <span class='ocr_line' id='line_1_113' title="bbox 2266 5636 3808 5720; baseline -0.01 -14"><span class='ocrx_word' id='word_1_832' title='bbox 2266 5654 2461 5714; x_wconf 74' lang='grc' dir='ltr'><strong>εἰπεῖν,</strong></span> <span class='ocrx_word' id='word_1_833' title='bbox 2491 5651 2704 5706; x_wconf 88' lang='grc' dir='ltr'><strong>Λύσατε</strong></span> <span class='ocrx_word' id='word_1_834' title='bbox 2732 5652 2822 5707; x_wconf 73' lang='grc' dir='ltr'><strong>τὸν</strong></span> <span class='ocrx_word' id='word_1_835' title='bbox 2846 5651 2975 5705; x_wconf 75' lang='grc' dir='ltr'><strong>ναὸν</strong></span> <span class='ocrx_word' id='word_1_836' title='bbox 2998 5649 3209 5715; x_wconf 87' lang='grc' dir='ltr'><strong>τοῦτον,</strong></span> <span class='ocrx_word' id='word_1_837' title='bbox 3233 5650 3402 5720; x_wconf 73' lang='grc' dir='ltr'><strong>ἤγουν</strong></span> <span class='ocrx_word' id='word_1_838' title='bbox 3418 5646 3477 5699; x_wconf 79' lang='grc' dir='ltr'><strong>τὸ</strong></span> <span class='ocrx_word' id='word_1_839' title='bbox 3500 5643 3650 5715; x_wconf 75' lang='grc' dir='ltr'><strong>σῶμα</strong></span> <span class='ocrx_word' id='word_1_840' title='bbox 3673 5636 3808 5691; x_wconf 82' lang='grc' dir='ltr'><strong>αὐτου</strong></span> 
     </span>
    </p>
   </div>
   <div class='ocr_carea' id='block_1_114' title="bbox 2267 5720 3807 5816">
    <p class='ocr_par' dir='ltr' id='par_1_114' title="bbox 2267 5720 3807 5816">
     <span class='ocr_line' id='line_1_114' title="bbox 2267 5720 3807 5816; baseline -0.001 -19"><span class='ocrx_word' id='word_1_841' title='bbox 2267 5742 2577 5812; x_wconf 86' lang='grc' dir='ltr'><strong>δεικτικῶς,</strong></span> <span class='ocrx_word' id='word_1_842' title='bbox 2614 5746 2710 5799; x_wconf 69' lang='grc' dir='ltr'><strong>καὶ</strong></span> <span class='ocrx_word' id='word_1_843' title='bbox 2742 5744 2801 5798; x_wconf 81' lang='grc' dir='ltr'><strong>ἐν</strong></span> <span class='ocrx_word' id='word_1_844' title='bbox 2832 5743 3009 5816; x_wconf 76' lang='grc' dir='ltr'><strong>τρισὶν</strong></span> <span class='ocrx_word' id='word_1_845' title='bbox 3042 5743 3281 5814; x_wconf 79' lang='grc' dir='ltr'><strong>ἡμέραις</strong></span> <span class='ocrx_word' id='word_1_846' title='bbox 3311 5742 3491 5813; x_wconf 83' lang='grc' dir='ltr'><strong>ἐγερεῖ</strong></span> <span class='ocrx_word' id='word_1_847' title='bbox 3534 5732 3701 5797; x_wconf 73' lang='grc' dir='ltr'><strong>αὑτὸν,</strong></span> <span class='ocrx_word' id='word_1_848' title='bbox 3726 5724 3754 5795; x_wconf 74' lang='grc' dir='ltr'>ἦ</span> <span class='ocrx_word' id='word_1_849' title='bbox 3783 5720 3807 5774; x_wconf 64' lang='grc' dir='ltr'><strong><em>ὁ</em></strong></span> 
     </span>
    </p>
   </div>
  </div>
