4116 6458
316 411 449 479 1601

1280 406 1682 471 ADVERSUS
1719 404 2278 469 NESTORIANOS.
2303 405 2535 465 —'-LIB.
2579 406 2663 465 Il.

3474 407 3615 477 1602

306 523 462 589 Θεὸς,
496 519 532 592 ἢ
577 520 767 592 ἔτερος
809 517 1034 586 ἁπλῶς,
1066 518 1128 573 ού
1172 516 1280 590 μὴν
1315 516 1428 586 ἐγὼ
1471 519 1499 573 ὁ
1530 516 1905 588 διαλεγόμενος

2018 512 2105 568 vel
2153 514 2319 578 Deus,
2368 514 2451 569 vel
2501 513 2644 569 alius
2687 514 2891 584 quivis,
2933 530 3045 571 non
3083 531 3186 589 ego
3215 526 3367 575 certe
3396 522 3490 591 qui
3524 540 3620 580 vos

307 618 463 688 ὑμῖν,
492 614 556 678 ὃς
586 608 656 685 ἦν
706 613 900 682 σαφῶς
933 612 1031 666 καὶ
1070 610 1218 683 ψυχὴ
1249 610 1348 667 καὶ
1375 611 1561 682 σῶμα’
1600 609 1761 682 δῆλον
1800 609 1911 681 ἀρα

303 708 381 771 ὠς
413 707 476 762 τὸ
496 707 632 761 αὐτὸ
665 705 962 779 πρόσωπον
991 704 1053 757 τὸ
1083 703 1172 757 διὰ
1192 704 1296 774 τῆς
1328 702 1673 774 ἀντωνυμίας
1707 719 1911 773 σημαιο

304 798 534 870 νόμενον
576 799 677 869 τῆς
723 798 873 869 ἐγὼ,
922 797 986 852 τό
1032 815 1093 851 τε
1144 797 1407 868 λυόμενον
1451 795 1637 865 σῶμα,
1670 795 1765 848 καὶ
1808 793 1910 865 τὴν

307 891 713 969 διαλεγομένην
745 890 925 963 ψυχὴν
959 890 1049 945 διὰ
1080 889 1355 962 σώματος,
1378 887 1476 942 καὶ
1504 888 1597 943 τὸν
1621 886 1911 959 ἐγείραντα

306 985 440 1040 Θεὸν
470 984 533 1039 τὸ
555 985 736 1051 λυθὲν,
770 985 1041 1057 περιέχει.

892 1117 1151 1173 ΚΕΦΑΛ.
1200 1116 1337 1173 ΜΘ¹.

383 1274 407 1311 ¢
435 1257 570 1312 Ὀτι
596 1256 655 1309 ὲν
683 1253 834 1326 αὐτῷ
862 1255 1113 1307 κατοικεῖ
1131 1254 1239 1307 πᾶν
1264 1251 1326 1306 τὸ
1352 1250 1630 1323 πλήρωμα
1658 1250 1759 1322 τῆς
1778 1250 1909 1304 Θεό-

306 1367 470 1422 τητος
500 1347 854 1420 σωματικῶς,
889 1365 907 1399 ι
944 1346 1189 1416 δηλονότι
1234 1346 1292 1399 ὲν
1333 1342 1412 1414 τῷ
1442 1342 1907 1415 προονομασοέντι

307 1442 553 1515 Χριστῷ,
578 1442 790 1512 εἴρηται
825 1439 901 1512 τῷ
953 1439 1287 1511 Ἀποστόλῳ.
1314 1438 1440 1501 Πῶς
1464 1433 1558 1492 οὖν
1598 1441 1696 1507 οὐχ
1719 1437 1906 1508 ἕτερον

310 1537 474 1605 φύσει
507 1534 571 1588 τὸ
610 1533 888 1605 πλήρωμα
944 1533 1043 1604 τῆς
1094 1531 1382 1602 Θεότητος,
1438 1529 1595 1600 παρὰ
1647 1528 1903 1598 Χριστὸν,

307 1627 467 1699 είπερ
488 1627 675 1699 ἓτερον
719 1624 782 1678 τὸ
805 1625 863 1680 ἐν
896 1643 1003 1679 τινι
1040 1624 1136 1678 τοῦ
1171 1626 1230 1678 ὲν
1271 1619 1316 1694 ᾧ
1344 1626 1481 1689 ἐστι,
1511 1624 1607 1679 καὶ
1635 1623 1696 1679 τὸ
1722 1641 1906 1677 κατοι-

306 1718 438 1773 κοῢν
495 1717 633 1789 πρὸς
676 1717 737 1770 τὸ
798 1717 1261 1788 κατοικούμενον;
1321 1715 1575 1770 Τοιοῦτον
1614 1715 1745 1785 γοῦν
1786 1719 1903 1769 ἐστι

314 1812 412 1866 καὶ
450 1811 533 1876 τὸ,
567 1810 699 1875 Θεὸς
727 1805 796 1882 ἦν
830 1811 888 1864 ὲν
919 1809 1163 1882 Χριστῷ.
1191 1804 1343 1882 τΑριπ.
1383 1805 1480 1863 οὖν
1518 1810 1641 1864 ἐπεὶ
1664 1812 1902 1882 εἴρηται,

2027 607 2305 677 alloquor,
2337 623 2502 677 quem
2534 614 2687 678 patet
2712 624 2833 664 esse
2859 624 3063 681 corpus
3087 620 3145 666 et
3184 612 3445 668 animam.
3483 616 3618 671 Evi-

2022 699 2163 753 dens
2187 699 2357 771 igitur
2382 709 2467 755 est
2495 700 2643 770 quod
2672 700 2866 756 eadem
2910 718 3148 772 persona
3182 718 3285 774 per
3328 705 3471 761 hanc
3518 724 3618 777 ap—

2019 793 2375 863 pellationem
2420 810 2513 864 ego
2556 793 2884 864 signiﬁcata,
2932 797 3173 851 solutum
3226 813 3449 869 corpus,
3494 803 3616 857 ani-

2027 900 2288 954 mamque
2344 901 2442 956 per
2488 901 2694 957 corpus
2744 871 3092 957 loquentem,
3146 898 3202 945 et
3256 891 3615 946 suscitantem

2017 976 2193 1032 Deum
2222 977 2373 1048 quod
2408 978 2649 1033 solutum
2675 990 2812 1045 erat,
2844 981 3254 1050 complectitur.

2617 1112 2770 1167 CAP.
2812 1112 2999 1166 XLIX.

2098 1272 2117 1306 ι
2154 1252 2292 1320 Quia
2331 1270 2386 1307 In
2418 1254 2538 1322 ipso
2574 1250 2848 1306 inhabitat
2879 1251 3061 1305 omnis
3081 1252 3368 1321 plenitudo
3397 1252 3611 1307 Divini-

2014 1345 2146 1401 tatis
2191 1346 2552 1416 corporaliter
2577 1345 2645 1411 ²¹,
2699 1363 2716 1395 ι
2772 1344 3061 1399 evidenter
3111 1343 3167 1398 in
3222 1346 3610 1414 prmappellato

2021 1440 2266 1506 Christo,
2301 1440 2511 1494 dictum
2556 1447 2643 1493 est
2685 1438 2755 1492 ab
2798 1438 3398 1507 Apostolo.Quomodo
3443 1438 3611 1509 igitur

2011 1549 2123 1589 non
2174 1534 2282 1588 alia
2334 1542 2535 1587 natura
2591 1540 2676 1587 est
2730 1530 3021 1600 plenitudo
3078 1531 3412 1596 Divinitatis,
3462 1533 3607 1602 apud

2011 1626 2318 1691 Christum,
2352 1624 2398 1680 si
2429 1624 2578 1678 aliud
2617 1623 2671 1677 in
2702 1623 2888 1692 aliquo
2908 1631 2994 1677 est
3020 1638 3085 1677 ac
3108 1624 3254 1692 quod
3285 1623 3339 1676 in
3373 1624 3478 1678 isto
3501 1632 3606 1689 est,

2012 1728 2068 1774 et
2094 1718 2412 1773 inhabitans
2441 1716 2509 1771 ad
2550 1716 2955 1771 inhabitatum?
2981 1716 3111 1771 Tale
3157 1732 3355 1787 nempe
3402 1727 3487 1772 cst
3527 1728 3605 1783 et,

2013 1812 2162 1867 Deus
2194 1821 2313 1865 erat
2336 1810 2390 1863 in
2415 1809 2658 1864 Christo.
2688 1808 2883 1879 Igitur,
2913 1808 3133 1878 quando
3164 1809 3371 1864 dictum
3404 1820 3506 1873 est,
3538 1811 3608 1865 ad

305 1899 451 1972 Πρός
507 1900 702 1970 φθόνον
753 1901 1008 1955 ἐπιποθεῖ
1050 1900 1112 1954 τὸ
1142 1900 1383 1970 πνεῦμα,
1418 1899 1447 1952 ὃ
1486 1901 1809 1973 κατῴκησεν
1845 1904 1904 1955 ὲν

2010 1903 2274 1958 invidiam
2319 1901 2511 1956 incitat
2542 1899 2783 1971 Spiritus
2813 1900 2909 1969 qui
2957 1899 3285 1955 inhabitavit
3324 1901 3379 1955 in
3422 1902 3605 1965 nobis,

307 1994 463 2062 ἡμῖν,
492 1990 684 2063 ἕτερον
719 1994 882 2063 ἡμεῖς
924 1993 1021 2046 καὶ
1054 1992 1245 2063 ἓτερον
1276 1992 1339 2045 τὸ
1368 1991 1663 2046 κατοικοῦν
1692 1994 1749 2047 ὲν
1773 1994 1904 2063 ἡμῖν

306 2081 550 2153 πνεῦμα,
589 2084 769 2137 είτουν
796 2084 831 2155 ἡ
859 2082 1007 2155 ψυχὴ
1042 2083 1223 2154 ἡμῶν·
1249 2084 1343 2138 καὶ
1365 2085 1496 2139 ὅταν
1526 2084 1680 2159 λέγῃ·
1720 2086 1823 2138 Ἔα
1849 2086 1905 2138 δὲ

304 2180 439 2244 τοὺς
469 2181 866 2244 κατοικοῦντας
895 2181 1099 2245 οίκίαις
1130 2180 1406 2252 πηλίναις,
1437 2181 1495 2248 ἐξ
1525 2175 1601 2235 ὧν
1631 2183 1726 2235 καὶ
1751 2183 1907 2235 αὐτοὶ

314 2274 383 2327 ὲκ
412 2271 509 2325 τοῦ
541 2272 709 2326 αὐτοῦ
738 2272 913 2345 πηλοῦ
936 2275 1126 2345 ἐσμεν·
1170 2276 1329 2346 ⁴ἡμεῖς
1373 2271 1467 2330 οὖν
1495 2275 1680 2348 ἕτερος
1709 2274 1902 2346 πηλὸς,

308 2365 405 2421 καὶ
433 2365 572 2437 ἄλλη
604 2367 637 2437 ἠ
680 2366 831 2420 οίκία
868 2367 903 2438 ἡ
933 2366 1159 2438 πηλίνη,
1187 2367 1222 2438 ἢ
1264 2366 1443 2438 δῆλον,
1483 2366 1559 2431 ὡς
1600 2370 1670 2421 τὰ
1701 2366 1903 2431 τοιάδε,

307 2457 367 2511 ἐν
393 2475 498 2512 τινι
523 2458 600 2522 ὼς
632 2457 797 2528 μέρος
824 2460 882 2512 ὲν
911 2457 989 2529 τῷ
1021 2459 1139 2530 ἰδίῳ
1162 2459 1270 2530 ὅλῳ
1290 2459 1539 2528 λέγεται;
1570 2460 1661 2513 Ἐν
1684 2458 1907 2531 Χριστῷ

305 2548 401 2605 οὖν
426 2550 502 2622 τῷ
534 2551 615 2603 ένὶ
648 2549 1124 2622 συντετελεσμένῳ
1144 2550 1443 2623 προσώπῳ,
1465 2552 1541 2615 ὼς
1571 2552 1736 2623 μέρος
1758 2552 1906 2606 ἐστὶν

305 2640 476 2695 αὑτοῦ
514 2642 614 2712 τῆς
644 2641 998 2704 ὑποστάσεως
1040 2642 1074 2711 ἡ
1112 2641 1335 2711 Θεότης,
1361 2644 1420 2695 ὲν
1454 2642 1604 2713 αύτῴ
1639 2642 1904 2714 νοουμένη

308 2733 452 2804 μετὰ
488 2734 589 2803 τὴν
621 2733 902 2802 σάρκωσιν
931 2732 1154 2804 έαυτῆς’
1192 2733 1266 2797 ὼς
1295 2734 1352 2788 δὲ
1381 2735 1670 2790 κατοικοῦν
1688 2735 1745 2790 ὲν
1775 2752 1907 2790 κατ-

305 2823 639 2894 εικουμένῳ·
674 2823 812 2877 διότι
840 2840 904 2892 γε
938 2823 1125 2878 τελεία
1154 2824 1249 2878 καὶ
1272 2824 1569 2897 ὁλόκληρός
1591 2827 1711 2880 ἐστι
1744 2826 1907 2895 φύσις

305 2912 470 2967 τοῦτο
496 2912 556 2966 τὸ
585 2912 660 2979 ὡς
694 2915 861 2984 μέρος
890 2914 1186 2984 πρόσωπον
1234 2914 1611 2987 θεωρούμενον
1645 2918 1704 2969 ὲν
1756 2918 1907 2988 αὐτῷ

304 3004 405 3059 καὶ
437 3005 780 3077 έτεροούσιον
818 3007 956 3077 πρὸς
992 3007 1055 3060 τὸ
1083 3008 1510 3079 κατοικούμενον
1539 3008 1705 3063 αὐτοῦ
1742 3010 1907 3081 μέρος

308 3096 406 3149 ὑπ’
430 3096 601 3166 αὐτῆς
622 3111 635 3124 ·
673 3097 881 3150 τοιόσδε
933 3100 1042 3170 γὰρ
1070 3099 1099 3151 ὁ
1139 3098 1254 3152 τῶν
1288 3100 1453 3153 οίκων
1491 3100 1586 3153 καὶ
1611 3100 1906 3154 οἰκούντων

307 3189 491 3257 λόγος.
541 3189 615 3242 Τὸ
647 3189 705 3243 δὲ
758 3190 1094 3260 σωματικῶς
1124 3186 1396 3263 εἶναιτὴν
1442 3191 1763 3263 κατοίκησιν
1804 3192 1906 3261 τῆς

303 3279 573 3350 Θεότητος
604 3281 661 3333 ὲν
710 3280 951 3352 Χριστῷ,
987 3282 1157 3353 ἣγουν
1185 3283 1244 3335 ὲν
1268 3285 1336 3355 τῇ
1375 3284 1542 3353 σαρκὶ
1580 3282 1771 3349 αὐτοῦ,
1802 3286 1905 3355 μέ-

307 3387 439 3440 ρους
468 3371 634 3427 αὑτοῦ
660 3370 851 3444 οὔσης,
878 3375 973 3427 καί⁸
996 3377 1064 3445 τῇ
1111 3372 1206 3429 τοῦ
1247 3375 1370 3429 ὅλου
1398 3377 1744 3449 προσηγορία
1770 3395 1905 3432 κατ-

303 3464 703 3538 ονομαεθείσης
734 3465 850 3520 νῦν·
888 3466 949 3520 ού
989 3467 1051 3520 τὸ
1090 3468 1168 3539 μὴ
1199 3470 1340 3523 κατὰ
1373 3470 1724 3541 περιγραφὴν
1750 3488 1905 3525 τοπι-

308 3558 437 3626 κήνο
469 3556 547 3621 ὡς
595 3558 789 3629 ἑτέρας
831 3559 1232 3633 περιεχομένης
1272 3556 1413 3615 εἶναι
1450 3562 1549 3632 τὴν
1580 3560 1902 3633 κατοίκησιν

302 3648 592 3721 δυνάμεων
636 3650 738 3719 τῆς
783 3650 1149 3723 κατοικούσης
1192 3651 1410 3722 φύσεως
1441 3654 1520 3717 εἰς
1576 3652 1676 3725 τὴν
1718 3671 1903 3708 κατοι-

304 3743 609 3816 κουμένην·
646 3742 794 3797 οὕτω
831 3744 943 3816 γὰρ
967 3745 1062 3798 καὶ
1088 3745 1250 3816 μόνον
1279 3746 1490 3817 πέφυκε
1519 3750 1796 3801 κατοικεῖν
1819 3750 1898 3812 εἰς

306 3838 541 3911 σώματα
586 3841 657 3896 τὰ
697 3839 989 3912 ἀσώματα·
1034 3841 1129 3896 καὶ
1172 3840 1313 3913 αὕτη
1359 3842 1508 3895 ἐστὶν
1541 3843 1575 3913 ἡ
1609 3842 1900 3915 σωματικὴ

303 3930 567 3984 κατοικία
609 3930 719 3985 τῶν
765 3931 1108 4003 ἀσωμάτων
1143 3930 1206 3984 οὐ
1266 3931 1408 3985 κατὰ
1439 3931 1732 4004 περίληψιν
1773 3950 1902 4003 συγ-

303 4022 643 4093 κλειομένων
677 4022 785 4077 τῶν
814 4023 1242 4096 ἀσχηματίστων
1271 4024 1351 4089 είς
1381 4024 1453 4078 τὰ
1485 4025 1902 4097 ἐσχηματισμέ-

306 4132 397 4179 va,
445 4115 563 4169 ἀλλ’
595 4115 835 4171 εἰσδύσει
888 4116 998 4171 τῶν
1042 4116 1261 4171 οἰκείων
1292 4116 1577 4187 δυνάμεων
1621 4117 1684 4171 τὸ
1741 4118 1902 4189 φύσει

303 4206 586 4278 ἀδύναμον
628 4208 768 4280 πρὸς
814 4209 1101 4281 ἐνέργειαν
1151 4209 1573 4282 δυναμούντων·
1615 4210 1712 4266 καὶ
1758 4210 1904 4266 οὕτω

307 4300 443 4373 μίαν
474 4301 776 4358 ὑπόστασιν
807 4304 875 4377 τῇ
903 4301 1013 4358 τῶν
1048 4301 1267 4376 φύσεων
1297 4304 1555 4377 κοινωνίᾳ
1579 4304 1905 4360 ἀποτελούνο

304 4408 442 4447 των.

380 4548 426 4583 ²²
461 4550 673 4610 Coloss.
711 4570 748 4610 n
797 4555 854 4611 9.

2014 1996 2163 2051 aliud
2198 2010 2301 2050 nos
2330 2002 2388 2048 et
2415 1993 2565 2048 aliud
2601 1992 2923 2048 inhabitans
2953 1992 3008 2046 in
3039 1992 3201 2047 nobis
3241 1992 3473 2062 spiritus
3500 2002 3607 2059 est,

2010 2090 2065 2146 id
2091 2098 2174 2146 est
2205 2090 2388 2144 anima
2420 2096 2609 2142 nostra
2641 2105 2654 2141 :
2681 2096 2738 2143 et
2771 2102 2896 2142 cum
2924 2087 3128 2142 dicitur
3156 2106 3169 2141 :
3204 2105 3221 2137 ι
3264 2087 3476 2157 Linque
3511 2104 3609 2141 au-

2009 2194 2120 2242 tem
2145 2185 2522 2240 inhabitantes
2540 2182 2800 2237 domibus
2824 2182 3012 2246 luteis,
3043 2197 3073 2235 e
3100 2181 3303 2251 quibus
3326 2190 3382 2235 et
3411 2182 3511 2251 ipsi
3540 2197 3608 2237 ex

2006 2279 2204 2334 eodem
2256 2278 2375 2332 luto
2425 2291 2660 2341 sumus;
2701 2293 2719 2326 ι
2771 2289 2873 2328 nos
2920 2274 3086 2343 igitur
3121 2273 3271 2327 aliud
3316 2274 3516 2337 lutum,
3551 2281 3609 2327 et

2015 2370 2165 2425 aliud
2202 2370 2401 2424 domus
2430 2368 2601 2432 lutea,
2631 2374 2727 2422 aut
2759 2375 2911 2437 patet
2940 2366 3058 2420 hate
3087 2366 3213 2421 talia
3247 2366 3302 2419 in
3331 2365 3517 2435 aliquo
3548 2374 3609 2418 ut

2007 2472 2229 2534 partem
2274 2461 2330 2515 in
2378 2459 2704 2531 particulari
2740 2466 2859 2513 toto
2893 2456 3043 2511 dici?
3088 2458 3147 2512 In
3186 2456 3410 2512 Christo
3453 2473 3606 2527 ergo,

2016 2569 2124 2608 una
2164 2554 2438 2623 completa
2464 2567 2723 2623 persona,
2755 2560 2817 2605 ut
2844 2562 2971 2620 pars
3009 2557 3095 2604 est
3125 2548 3275 2603 illius
3301 2548 3610 2603 subsisten—

2011 2647 2100 2702 tiae
2131 2647 2423 2712 Divinitas,
2460 2646 2513 2701 in
2550 2645 2645 2701 illo
2680 2644 2958 2699 intellecta
2998 2649 3125 2712 post
3159 2656 3314 2695 suam
3353 2642 3609 2695 incarna-

2012 2741 2245 2807 tionem,
2285 2750 2349 2796 ut
2390 2738 2711 2795 inhabitans
2756 2736 2814 2791 in
2859 2732 3191 2790 inhabitato.
3238 2732 3608 2799 Quamobrem

2008 2836 2254 2907 perfecta
2285 2841 2343 2889 et
2374 2831 2648 2902 completa
2696 2836 2783 2884 est
2828 2837 3030 2882 natura
3071 2826 3186 2889 illa,
3226 2833 3290 2879 ut
3330 2839 3459 2893 pars
3496 2830 3604 2885 est,

2008 2942 2246 2999 persona
2290 2927 2347 2981 in
2397 2925 2517 2996 ipso
2560 2921 2798 2978 visibilis
2829 2930 2887 2975 et
2929 2918 3162 2975 alterius
3191 2916 3513 2973 substantia:
3541 2930 3608 2972 ac

2009 3036 2139 3091 pars
2170 3019 2320 3074 illius
2348 3016 2653 3072 inhabitata
2680 3013 2751 3068 ab
2781 3012 2903 3080 illa;
2938 3012 3063 3066 talis
3087 3011 3235 3067 enim
3275 3018 3361 3064 est
3390 3007 3605 3062 habita-

2011 3112 2225 3167 tionum
2264 3117 2321 3164 et
2369 3106 2740 3163 habitantium
2784 3101 2950 3158 ratio.
2993 3101 3371 3172 Corporaliter
3416 3108 3599 3154 autem

2010 3203 2322 3258 inhabitare
2363 3199 2718 3256 Divinitatem
2756 3197 2815 3251 in
2855 3194 3079 3251 Christo
3105 3235 3120 3262 ,
3165 3202 3298 3265 puta
3348 3194 3404 3248 in
3456 3193 3603 3250 illius

1962 3284 1978 3303 ’
2010 3311 2198 3361 carne,
2235 3310 2359 3365 qua:
2403 3293 2555 3349 illius
2600 3305 2730 3362 pars
2778 3297 2885 3356 est,
2920 3297 2976 3344 et
3015 3288 3187 3344 totius
3232 3286 3602 3357 appellatione

2007 3404 2156 3443 nunc
2180 3387 2465 3441 nominata
2493 3392 2601 3449 est,
2633 3398 2744 3438 non
2770 3397 2870 3453 per
2899 3381 3130 3437 localem
3158 3380 3219 3437 ﬁt
3250 3379 3603 3434 circumscri-

2006 3482 2273 3556 ptionem,
2308 3480 2384 3535 ita
2433 3488 2494 3534 ut
2534 3478 2642 3533 alia
2682 3476 3021 3533 circumdata
3056 3476 3129 3531 sit
3159 3473 3488 3529 inhabitatio
3518 3472 3600 3526 fa-

2005 3576 2276 3632 cultatum
2295 3570 2657 3628 inhabitantis
2674 3581 2906 3633 natura,
2925 3570 2980 3624 in
3001 3567 3306 3623 inhabitata
3323 3582 3337 3620 :
3352 3565 3432 3621 sic
3448 3565 3597 3620 enim

2004 3664 2277 3736 contingit
2310 3663 2367 3717 in
2398 3661 2731 3732 corporibus
2758 3660 3075 3715 inhabitare
3111 3655 3512 3727 incorporalia;
3542 3662 3601 3709 et

2006 3758 2101 3812 illa
2132 3767 2218 3811 est
2265 3754 2569 3826 corporalis
2610 3752 2942 3808 inhabitatio
2986 3750 3448 3821 incorporalium;
3485 3764 3598 3803 non

2007 3864 2107 3919 per
2133 3847 2499 3902 inclusionem
2529 3844 2899 3901 insidentibus
2929 3843 3019 3900 his
3056 3860 3181 3915 quae
3222 3842 3454 3898 formam
3485 3855 3597 3895 non

2008 3938 2220 3995 habent
2260 3938 2316 3993 in
2351 3938 2460 3993 illis
2499 3954 2622 4009 qua:
2651 3937 2879 4003 habent,
2911 3936 3008 3992 sed
3036 3952 3136 4006 per
3168 3934 3595 3990 insinuationem

2013 4033 2365 4105 propriarum
2400 4031 2721 4088 facultatum
2754 4029 2901 4101 quod
2944 4038 3140 4085 natura
3174 4027 3357 4083 debile
3398 4034 3482 4081 est
3508 4040 3599 4081 rc-

2000 4126 2136 4182 bore
2184 4125 2633 4191 instaurantium,
2664 4131 2722 4179 et
2765 4124 2842 4179 ita
2888 4139 3053 4177 unam
3092 4120 3506 4178 subsistentiam
3532 4117 3594 4175 ir.

2003 4228 2329 4277 naturarum
2360 4215 2757 4275 communitate
2786 4214 3215 4288 perﬁciendum.
