4116 6440
592 394 739 462 ’1603

1852 382 2164 446 LEONTII
2198 380 2603 443 ΒΥΖᾹΝΤΙΝῙ

3718 376 3834 439 16οι

618 611 3823 654 __________________________________________________________.

1952 777 2322 870 ΛΟΓΟΣ
2392 763 2505 861 Γ.

866 973 1074 1039 τρίτης
1100 969 1383 1035 ἀσεϐείας
1410 964 1612 1021 αὐτῶν
1635 966 1889 1035 ἐλεγχος
1916 964 2027 1019 δύο
2056 960 2227 1028 υΙοὺς
2255 959 2478 1013 εἰδέναι
2508 956 2660 1015 κατὰ
2697 956 2813 1027 τὴν
2840 954 3194 1026 οἰκονομίαν
3209 949 3626 1021 βουλομένων.

1922 1268 2305 1372 LIBER
2418 1264 2595 1368 Ill.

856 1482 1043 1537 Tertia:
1084 1482 1371 1551 impietatis
1405 1487 1781 1551 argumentum
1816 1492 1998 1531 eorum
2031 1476 2124 1547 qui
2154 1475 2284 1528 duos
2318 1491 2427 1529 esse
2458 1474 2602 1545 apud
2629 1473 3055 1528 incarnationem
3086 1471 3227 1541 ﬁlios
3255 1470 3431 1525 videre
3462 1469 3658 1525 volunt.

2212 1648 2284 1660 ——

1110 1776 1341 1835 CAPUT
1380 1778 1669 1833 PRIMUM.

676 1873 734 1929 Si
754 1874 925 1929 Deum
947 1872 1187 1928 Verbum
1242 1872 1581 1939 semiﬁlium,
1605 1870 1885 1942 inquiunt,
1905 1881 1962 1925 et
1984 1870 2195 1925 incom-

603 1968 813 2037 pletum
848 1975 909 2019 ut
939 1966 1011 2021 sit
1041 1965 1214 2021 Filius
1243 1981 1354 2021 non
1385 1965 1741 2031 existimetis,
1773 1974 1830 2019 et
1856 1964 2041 2019 adhuc
2066 1980 2192 2018 ear-

604 2072 730 2111 nem
765 2073 932 2127 quam
965 2073 1033 2111 ex
1062 2056 1229 2111 nobis
1276 2058 1455 2111 vivam
1508 2056 1811 2127 assumpsit
1857 2056 2195 2125 inexpletam

606 2159 669 2203 ut
714 2148 788 2203 sit
840 2149 958 2218 ipsa
1007 2148 1180 2203 Filius
1222 2163 1334 2203 non
1386 2148 1633 2219 putetis,
1677 2146 1958 2217 quomodo
2007 2146 2194 2201 dicitis

607 2248 825 2295 tantum
863 2255 1034 2294 unum
1067 2240 1264 2294 Filium
1318 2255 1417 2309 per
1467 2238 1927 2309 compositionem
1968 2252 2038 2291 ex
2072 2237 2196 2291 istis

605 2333 828 2387 duobus
872 2331 1103 2401 perﬁci?
1134 2332 1274 2386 Illud
1321 2331 1473 2386 enim
1523 2331 1683 2401 quasi
1737 2328 1943 2394 deﬁcit,
1990 2330 2196 2399 quippe

606 2436 907 2495 utrumque
937 2425 1008 2479 ad
1041 2426 1149 2479 hoc
1174 2424 1423 2480 conferat
1447 2434 1508 2479 ut
1541 2425 1614 2479 sit
1639 2424 1851 2489 Filius;
1881 2434 1939 2479 et
1964 2423 2038 2479 ita
2062 2424 2197 2479 Ver-

610 2518 739 2572 bum
767 2533 935 2571 carne
967 2517 1313 2587 compleatur
1335 2527 1397 2570 ut
1424 2516 1495 2572 sit
1530 2516 1724 2582 Filius,
1756 2525 1813 2572 et
1853 2516 2097 2572 Verbum
2131 2532 2195 2571 ea

609 2625 669 2664 re
717 2625 886 2664 carne
931 2610 1243 2679 compleat;
1294 2609 1419 2664 ideo
1467 2610 1654 2665 Verbo
1698 2624 1887 2675 carne,
1941 2618 1998 2664 et
2038 2608 2195 2664 carni

607 2700 793 2757 Verbo
826 2699 895 2754 ad
946 2699 1000 2754 id
1048 2714 1189 2769 opus
1239 2714 1384 2766 esse,
1417 2699 1677 2755 similiter
1722 2697 2039 2769 exponitis:
2070 2713 2197 2768 pars

608 2796 760 2849 enim
786 2811 815 2848 a
840 2802 1019 2865 parte,
1047 2801 1109 2847 ut
1134 2808 1283 2863 pars,
1312 2792 1451 2847 nihil
1483 2792 1671 2848 diﬁert
1703 2807 1716 2843 :
1753 2791 1919 2862 igitur
1944 2808 2065 2862 quae
2087 2790 2196 2846 sibi

608 2889 898 2959 :cqualiter
952 2896 1209 2942 mutuum
1260 2887 1553 2943 manifeste
1605 2888 1725 2957 ipsa
1778 2886 2085 2957 eademque
2135 2901 2196 2941 re

610 2990 876 3053 praestant
905 2996 1067 3051 Opus,
1104 2979 1264 3035 vobis
1291 2980 1410 3050 pari
1441 2980 1658 3036 honore
1689 2988 1819 3035 sunt
1843 2979 2121 3035 habenda.

682 3073 791 3129 Sed
826 3073 1070 3129 Verbum
1105 3088 1228 3129 esse
1256 3074 1653 3144 incompletum
1683 3084 1745 3128 ut
1785 3074 1858 3129 sit
1888 3074 2063 3129 Filius
2096 3074 2194 3129 Dei

608 3165 787 3221 solum
822 3180 934 3219 non
981 3163 1407 3221 existimamus:
1438 3163 1583 3219 absit
1617 3166 1629 3218 ε
1667 3180 1849 3235 neque
1883 3180 2107 3221 carnem
2137 3173 2198 3219 ut
2230 3148 2271 3203 Β

609 3258 684 3312 sit
738 3258 884 3313 ﬁlius
934 3257 1178 3312 hominis
1227 3257 1407 3312 solum
1469 3256 1614 3313 :sed
1666 3265 1727 3311 ut
1783 3256 1938 3327 quod
1980 3265 2066 3313 est
2113 3256 2201 3312 tli-

2218 1776 2269 1836 A

609 3349 802 3403 vinum
832 3388 847 3415 ,
896 3351 1049 3421 juxta
1088 3349 1369 3419 propriam
1406 3350 1808 3420 apparentiam,
1851 3349 2094 3405 hominis
2137 3349 2201 3403 ﬁ-

609 3442 721 3497 lius
747 3443 1075 3506 restimetur,
1103 3451 1158 3497 et
1180 3442 1327 3512 quod
1345 3452 1428 3498 est
1454 3443 1757 3502 humanum
1787 3441 1960 3498 Filius
1984 3443 2082 3498 Dei
2113 3442 2201 3497 vi-

613 3535 835 3602 deatur,
858 3536 1179 3601 asserimus,
1199 3543 1500 3606 utrumque
1518 3550 1776 3592 essevere
1800 3536 2196 3607 incompletum

613 3638 671 3684 et
703 3630 924 3699 utrique
959 3631 1328 3687 necessariam
1360 3647 1484 3687 esse
1517 3632 1951 3687 inenarrabilem
2000 3631 2057 3685 in
2099 3649 2200 3687 na-

614 3724 757 3779 turis
791 3724 1072 3791 unionem,
1098 3741 1167 3779 ne
1188 3727 1315 3795 quis
1340 3726 1394 3780 in
1420 3741 1585 3781 unam
1613 3725 1979 3796 eamdemque
2005 3742 2201 3796 perso-

614 3833 744 3872 nam
791 3816 1010 3873 duabus
1057 3819 1525 3874 convenientibus
1574 3819 1813 3885 naturis,
1869 3819 2027 3890 cujus
2074 3828 2202 3875 sunt

616 3907 938 3971 ﬁliationes,
992 3910 1226 3965 alteram
1277 3911 1599 3965 ﬁliationem
1636 3910 1940 3981 perfectam
1970 3910 2159 3966 videre
2184 3951 2199 3977 ,

616 4000 753 4070 quin
785 4010 841 4055 et
877 4001 1107 4057 alteram
1147 4002 1457 4073 conspiciat
1507 4012 1790 4064 naturam,
1838 4012 1897 4057 et
1942 4012 2202 4073 tanquam

616 4095 757 4148 duos
803 4093 947 4149 ﬁlios
997 4096 1370 4166 subjacentes,
1412 4094 1507 4150 sed
1541 4110 1713 4149 unum
1748 4096 1803 4149 in
1835 4095 2053 4150 duabus
2098 4111 2203 4149 na-

616 4188 758 4243 turis
787 4196 845 4241 et
880 4187 1245 4243 ﬁliationibus
1273 4187 1559 4244 Christum
1590 4189 1955 4259 contemplari
1998 4189 2200 4244 valeat.

616 4280 757 4336 Illud
818 4281 966 4336 enim
1016 4282 1244 4338 unionis
1295 4282 1671 4337 inenarrabile
1722 4298 1927 4338 munus
1976 4284 2203 4342 realiter

612 4375 873 4430 exsistit:
904 4376 1183 4446 siquidem
1233 4392 1347 4433 non
1393 4377 1620 4431 nomine
1671 4385 1883 4432 tantum
1915 4377 2202 4449 ipsamdi-

614 4468 757 4522 vina:
785 4476 843 4522 et
866 4467 1125 4523 humanae
1152 4477 1367 4524 naturae
1403 4470 1668 4525 unionem
1701 4487 1825 4527 esse
1849 4471 2107 4527 dicimus.
2142 4472 2197 4528 Si
2229 4490 2274 4552 ρ

612 4558 764 4610 enim
800 4572 928 4611 vere
957 4558 1207 4627 quaedam
1232 4560 1528 4631 conjuncta
1552 4561 1664 4616 sint
1695 4562 2113 4619 immutabiliter
2143 4573 2200 4619 et

616 4648 848 4718 integre,
884 4651 1070 4705 omnia
1100 4666 1223 4720 qua:
1251 4651 1321 4706 de
1354 4668 1686 4723 unoquoque
1721 4654 2011 4721 afﬁrmata,
2041 4664 2097 4711 et
2130 4655 2199 4711 de

614 4745 907 4815 utriusque
944 4746 1256 4816 composito
1305 4746 1671 4804 aﬁirmantur.
1711 4748 1851 4806 Cum
1905 4751 2076 4823 igitur
2109 4750 2200 4805 Fi-

614 4838 723 4893 lius
757 4838 855 4893 Dei
882 4846 939 4893 et
968 4838 1117 4893 ﬁlius
1144 4839 1410 4908 hominis,
1439 4841 1575 4898 licet
1624 4860 1735 4898 non
1777 4860 1878 4915 per
1924 4860 2022 4901 eos
2063 4844 2201 4899 sub-

612 4933 775 4987 sistat
824 4930 978 4997 unio,
1022 4932 1135 4987 sint
1187 4934 1488 5005 conjuncti,
1541 4945 1597 4992 et
1650 4945 1826 4993 totum
1879 4953 1947 4993 ex
1995 4936 2200 4992 unione

612 5027 898 5097 proﬂuens
919 5038 1005 5082 est
1048 5028 1224 5083 Filius
1255 5029 1351 5084 Dei
1385 5038 1441 5085 et
1470 5031 1619 5087 ﬁlius
1654 5033 1898 5089 hominis
1929 5050 1942 5087 :
1976 5043 2035 5088 et
2070 5046 2199 5087 cum

611 5120 854 5175 Verbum
881 5129 1086 5176 etearo
1113 5121 1167 5175 in
1190 5138 1361 5177 unum
1392 5126 1746 5192 conveniant,
1770 5125 1916 5183 idem
1943 5132 2028 5181 est
2056 5140 2202 5180 unus

611 5213 761 5267 Deus
794 5214 1076 5283 perfectus
1105 5225 1163 5270 et
1197 5217 1479 5287 perfectus
1510 5218 1678 5276 homo
1713 5239 1725 5274 :
1760 5236 1871 5275 non
1900 5218 2048 5276 enim
2095 5216 2201 5272 ali-

612 5303 747 5374 quid
780 5304 905 5359 ideo
933 5315 1018 5361 est
1051 5307 1383 5377 perfectum,
1429 5326 1497 5365 ex
1533 5326 1601 5365 eo
1630 5311 1779 5383 quod
1824 5310 1947 5365 non'
1966 5307 2202 5377 recipiat

613 5399 782 5453 ullam
818 5400 1127 5456 secundum
1156 5402 1367 5473 aliquid
1398 5404 1551 5459 aliud
1586 5403 2009 5475 perfectionem.
2036 5401 2201 5457 Certe

612 5490 896 5562 perfectus
929 5502 1048 5548 erat
1082 5495 1185 5548 sub
1212 5497 1422 5551 ratione
1447 5498 1669 5570 physica
1698 5497 1942 5552 hominis
1968 5494 2203 5566 legispe-

614 5580 757 5633 ritus
798 5580 888 5648 (de
936 5597 1048 5651 quo
1083 5592 1273 5637 narrat
1324 5585 1730 5655 Evangelium),
1768 5592 1825 5639 et
1861 5583 2072 5653 pariter
2119 5580 2204 5635 di-

615 5668 805 5723 scebat
831 5669 1015 5725 adhuc
1052 5672 1401 5740 spiritualem
1454 5674 1723 5729 doctrina:
1760 5672 1968 5727 Christi
2020 5670 2203 5741 perfe-

618 5759 859 5815 ctionem
886 5778 1007 5831 qure
1044 5763 1246 5820 docet:
1283 5786 1299 5816 ι
1334 5766 1389 5819 Si
1426 5766 1510 5820 vis
1536 5767 1817 5835 perfectus
1843 5762 1988 5827 ﬁeri,
2023 5762 2201 5815 vende

618 5852 928 5917 qmchabes
963 5864 1018 5912 et
1046 5855 1113 5912 da
1139 5857 1496 5926 pauperibus,
1526 5863 1581 5912 et
1612 5857 1741 5911 tolle
1770 5869 1993 5909 crucem
2019 5861 2189 5921 tuam,

2716 1774 3120 1829 ΚΕΦΑΛΛΙΟΝ
3158 1773 3459 1829 ΠΡΩΤΟΝ.

2372 1866 2438 1919 Εἰ
2489 1864 2565 1937 μὴ
2604 1866 2695 1919 τὸν
2743 1864 2878 1918 Θεὸν
2932 1867 3105 1933 Λόγον
3157 1866 3381 1935 ήμιυιδν
3423 1866 3559 1927 ῐστε,
3599 1880 3742 1933 φασι,
3772 1869 3847 1918 καὶ

2301 1959 2468 2027 ἀτελῆ
2511 1958 2652 2029 πρὸς
2694 1958 2755 2012 τὸ
2801 1956 2939 2012 εἶναι
2983 1958 3131 2024 Υἱδν,
3164 1958 3244 2011 ἔτι
3280 1958 3336 2012 δὲ
3368 1959 3465 2013 καὶ
3510 1957 3607 2029 τὴν
3638 1957 3695 2022 ἐξ
3719 1957 3846 2029 ήμῶν

2301 2052 2549 2123 ἔμψυχον
2578 2052 2756 2124 σάρκα
2789 2054 2838 2106 εἰ
2875 2052 2950 2124 μὴ
2975 2052 3112 2123 πρὸς
3143 2051 3206 2105 τὸ
3242 2045 3386 2105 εἶναι
3418 2052 3545 2106 Υἱὸν
3566 2051 3853 2122 ἀπλήρωτον

2302 2146 2575 2217 νομίζετε,
2618 2146 2735 2211 πῶς
2776 2148 2920 2201 κατὰ
2965 2146 3217 2202 σύνθεσιν
3259 2147 3319 2213 ἐξ
3349 2148 3558 2218 ἀμφοῖν
3585 2146 3741 2201 τῶνδε
3774 2144 3853 2199 ἕνα

2302 2237 2432 2291 Υἱὸν
2454 2238 2838 2294 ἀποτελεῖσθαι
2863 2258 3001 2310 φατε
3030 2241 3189 2305 μόνον
3213 2257 3227 2306 ;
3249 2241 3344 2294 τοῦ
3358 2258 3415 2295 co
3430 2240 3539 2312 γὰρ
3561 2241 3634 2304 ὡς
3647 2238 3851 2302 ἐλλιπὲς,

2304 2328 2458 2393 ὄντος
2505 2330 2773 2403 ἐκατέρου
2816 2331 2953 2404 πρὸς
2987 2331 3045 2385 τὸ
3074 2326 3215 2386 εἶναι
3242 2331 3397 2397 Υἱὸν,
3437 2332 3655 2403 ὁρᾶταιο
3684 2330 3769 2385 καὶ
3794 2327 3856 2392 ὡς

2302 2422 2682 2488 τελειωθέντος
2728 2423 2824 2477 τοῦ
2856 2442 2915 2477 τε
2942 2424 3119 2494 Λόγου
3173 2424 3278 2478 ὑπὸ
3331 2424 3439 2496 τῆς
3479 2424 3675 2497 σαρκὸς
3709 2424 3781 2486 εἰς
3805 2420 3856 2474 τὸ

2303 2511 2443 2569 εἶναι
2477 2516 2627 2582 Υἰὸν,
2661 2519 2756 2571 καὶ
2798 2516 3191 2582 τελειώσαντος
3226 2517 3325 2571 xal.
3374 2517 3544 2574 αὑτοῦ
3574 2516 3767 2587 ταύτην
3790 2517 3856 2579 εἰς

2301 2609 2454 2663 τόδε·
2487 2610 2568 2663 διὸ
2595 2612 2689 2665 καὶ
2718 2610 2975 2681 δεόμενον
3001 2611 3175 2682 αὐτῆς
3212 2612 3351 2685 πρὸς
3392 2612 3532 2679 τόδε,
3564 2611 3656 2666 καὶ
3691 2610 3854 2682 δεομέ-

2303 2716 2403 2770 νην
2451 2699 2615 2753 αὐτοῦ
2662 2702 2742 2764 εἰς
2789 2702 2967 2766 τοῦτο,
3018 2701 3223 2772 ὁμοίως
3276 2702 3674 2774 παριστάνετε·
3717 2702 3856 2773 μέρος

2303 2793 2413 2864 γὰρ
2442 2794 2667 2865 μέρους,
2692 2792 2831 2849 καθὸ
2853 2795 3044 2866 μέρος,
3068 2794 3222 2849 οὐδὲν
3247 2795 3535 2869 διαφέρει·
3572 2794 3754 2851 οὐκοῦν
3778 2792 3856 2847 καὶ

2303 2888 2545 2959 ὁμότιμά
2578 2888 2726 2942 ἐστιν
2774 2888 2904 2959 ὑμῖν
2930 2888 3081 2955 τάδε,
3120 2889 3189 2943 τὰ
3232 2888 3439 2960 ἐπίσης
3468 2889 3705 2962 ἀλλήλων
3741 2886 3856 2959 πρὸς

2302 2981 2365 3034 τὸ
2392 2981 2528 3035 αὐτὸ
2560 2980 2791 3053 δεόμενα
2818 2982 3025 3052 σαφῶς.

2389 3074 2531 3129 Ἀλλ’
2559 3074 2663 3129 οὐκ
2707 3074 2873 3143 ἀτελῆ
2910 3075 3049 3147 πρὸς
3093 3074 3153 3129 τὸ
3187 3070 3329 3129 εἶναι
3367 3076 3500 3131 Υἰδν
3537 3074 3669 3131 Θεοῦ
3720 3074 3856 3146 μόνον

2303 3167 2465 3239 ἴσμεν
2494 3167 2588 3222 τὸν
2619 3167 2794 3236 Λόγον
2822 3184 2833 3199 '
2871 3167 2948 3239 μὴ
2978 3168 3215 3237 γένοιτοί
3264 3168 3412 3224 Ἀλλ’
3444 3169 3563 3224 οὐδὲ
3586 3168 3680 3241 τὴν
3707 3168 3856 3239 σάρκα

2301 3256 2347 3315 ὦ
2381 3254 2549 3324 οὗτοι,
2583 3261 2720 3332 πρὸς
2743 3261 2803 3314 τὸ
2828 3256 2965 3316 εἶναι
2995 3262 3111 3315 υἱὸν
3141 3260 3439 3334 ἀνθρώπου
3468 3264 3653 3335 μόνονῑ
3684 3261 3757 3325 εἰς
3776 3258 3857 3331 μέν

2301 3368 2384 3408 τοι
2407 3353 2469 3406 τὸ
2504 3352 2597 3406 καὶ
2626 3354 2686 3405 τὸ
2712 3352 2857 3407 θεῖον
2887 3354 3032 3409 κατὰ
3054 3353 3153 3426 τὴν
3171 3354 3385 3409 οἰκείαν
3412 3355 3657 3410 εὐδοκίαν
3680 3350 3856 3420 ἀνθρώ-

2303 3465 2409 3503 που
2461 3449 2581 3503 υἱὸν
2612 3446 2965 3520 δοξασθῆναι,
3000 3449 3097 3502 καὶ
3129 3447 3189 3501 τὸ
3230 3449 3577 3519 ἀνθρώπινον
3602 3449 3723 3503 Υἱὸν
3743 3442 3855 3500 Θεοῦ

2302 3540 2562 3611 φανῆναι,
2594 3539 2763 3609 ἄμφω
2793 3539 2962 3603 ὅντως
3003 3540 3183 3611 φαμὲν
3219 3539 3416 3613 ἐλλιπῆ
3460 3538 3619 3605 εἶναι,
3658 3540 3743 3595 καὶ
3767 3537 3856 3590 δεῖ·

2304 3631 2431 3685 σθαι
2471 3632 2571 3701 τῆς
2611 3634 2894 3703 ἀφράστου
2926 3632 3173 3703 ἀλλήλων
3212 3634 3358 3688 κατὰ
3392 3635 3495 3699 τὰς
3539 3633 3722 3704 φῦσεις
3747 3628 3856 3684 ἐγώ·

2305 3744 2442 3790 σεως
2461 3743 2477 3759 ·
2507 3726 2593 3781 ἵνα
2636 3729 2695 3781 ὲν
2719 3728 2799 3781 ὲν).
2825 3728 2920 3780 καὶ
2946 3726 3025 3797 τῷ
3052 3725 3200 3797 αὐτῷ
3231 3728 3518 3799 προσώπῳ
3548 3729 3741 3799 ἀμφοῖν
3765 3723 3855 3777 τῶν

2304 3819 2525 3888 φύσεων
2568 3819 2963 3887 συνελθουσῶν,
2995 3814 3070 3874 ὧν
3096 3822 3234 3875 εἰσιν
3259 3821 3314 3874 αἱ
3345 3822 3621 3893 υῐότητες,
3653 3820 3723 3892 μὴ
3758 3817 3851 3887 ἔχοι

2304 3929 2389 3975 τις
2426 3912 2665 3984 θατέραν
2711 3912 2927 3966 τελείαν
2962 3913 3211 3984 υἱότητα,
3241 3912 3374 3968 ἄνευ
3420 3916 3521 3985 τῆς
3562 3912 3856 3982 συνθεωρίας

2302 4004 2403 4075 τῆς
2445 4004 2640 4074 ἑτέρας
2688 4004 2907 4075 φύσεως
2952 4005 3153 4060 εἰδέναι
3179 4021 3194 4037 ο
3242 4005 3317 4070 ὼς
3368 4008 3463 4061 καὶ
3503 4007 3595 4061 δύο
3637 4005 3773 4067 υἱοὺς
3806 4006 3857 4055 ἐκ

2303 4098 2459 4151 τοῦδε
2482 4100 2614 4170 ὸρᾷν
2648 4099 3065 4170 ὑποκειμένους,
3100 4098 3217 4153 ἀλλ’
3249 4100 3347 4155 ἕνα
3382 4103 3475 4156 τὸν
3507 4104 3565 4156 ὲν
3587 4101 3677 4154 δύο
3692 4097 3856 4168 φύσεσι

2305 4188 2402 4242 καὶ
2446 4190 2657 4261 υῑότησι
2704 4191 2975 4260 Χριστόν”
3028 4190 3191 4245 τοῦτο
3234 4193 3348 4265 γὰρ
3396 4193 3460 4247 τὸ
3507 4193 3604 4264 τῆς
3644 4190 3856 4246 ὲνώσεως

2304 4283 2583 4353 ἄφραστον
2618 4282 2850 4355 δώρημα
2887 4286 3331 4356 πραγματιωδῶς
3378 4287 3565 4340 ἐστιν·
3613 4284 3759 4353 εἴπερ
3798 4278 3856 4347 μὴ

2305 4376 2532 4446 ὀνόματι
2562 4376 2722 4446 μόνον
2754 4378 2922 4447 αὐτὴν
2951 4377 3184 4447 λέγομεν
3220 4374 3360 4431 εἶναι
3398 4379 3551 4442 Θείας
3588 4394 3644 4431 τε
3676 4374 3759 4429 καὶ
3782 4372 3857 4424 ἀνα

2306 4465 2585 4537 θρωπίνης
2611 4468 2847 4536 φύσεως.
2864 4469 2923 4521 El
2942 4467 3049 4539 γὰρ
3070 4469 3242 4531 ὅντως
3260 4468 3583 4538 ήνώθητινὰ
3605 4465 3855 4536 ἀτρέπτως

2304 4560 2400 4613 καὶ
2423 4562 2458 4614 ἀ
2466 4576 2532 4629 με
2543 4558 2736 4627 ιώτως,
2762 4560 3025 4615 πάντατὰ
3049 4559 3255 4613 τούτων
3276 4560 3529 4632 ἑκατέρῳ
3550 4551 3857 4626 καταφασκὸν

2306 4668 2467 4722 μενα,
2490 4652 2697 4707 καὶτοῦ
2718 4652 2977 4707 συνθέτου
2997 4654 3117 4717 ἑνὸς
3134 4653 3582 4724 ἀποτελέσματος
3593 4649 3760 4705 αὐτῶν
3774 4661 3854 4698 κα-

2303 4747 2649 4818 ταφάσκεται
2668 4762 2682 4779 ·
2714 4746 2839 4799 ἐπεὶ
2867 4740 2960 4800 οῦν
2982 4744 3109 4809 Υἱὸς
3133 4745 3291 4811 Θεοῦ,
3316 4747 3411 4799 καὶ
3432 4745 3549 4809 υἱὸς
3578 4742 3855 4813 ἀνθρώπου»

2303 4842 2350 4893 εἰ
2382 4840 2477 4893 καὶ
2502 4838 2578 4909 μὴ
2607 4837 2958 4909 προῦποστὰς
2983 4838 3081 4908 τῆς
3116 4836 3364 4901 ὲνώσεώς
3405 4839 3523 4890 ἐστι
3564 4836 3631 4890 τὰ
3660 4829 3854 4886 ἑνωθένο

2303 4951 2393 4999 τα,
2422 4931 2519 4986 καὶ
2546 4930 2609 4984 τὸ
2630 4932 2694 4984 ὲκ
2718 4930 2816 5002 τῆς
2847 4928 3094 4993 ὲνώσεως
3124 4929 3266 4997 ὅλον,
3302 4928 3434 4992 Υἱὸς
3466 4926 3602 4981 Θεοῦ
3638 4923 3728 4979 καὶ
3764 4918 3855 4979 υἱὸς

2304 5026 2595 5098 ἀνθρώπου
2615 5040 2629 5055 ο
2664 5024 2759 5079 καὶ
2813 5024 2940 5077 ἐπεὶ
2977 5022 3150 5092 Λόγος
3180 5024 3271 5076 καὶ
3300 5021 3440 5092 σὰρξ
3466 5020 3535 5074 τὰ
3567 5015 3854 5074 συνελθόντα

2306 5121 2385 5183 εἰς
2418 5118 2497 5184 ἓν,
2530 5120 2558 5172 ὁ
2584 5116 2748 5181 αὐτὸς
2777 5109 2855 5181 εἷς
2886 5116 3019 5179 Θεὸς
3050 5116 3280 5181 τέλειος,
3331 5116 3427 5170 καὶ
3477 5114 3750 5184 ἄνθρωπος
3782 5103 3854 5157 τὲ·

2302 5214 2480 5275 λειοςο
2513 5208 2612 5280 οὐχ
2642 5209 2723 5262 ὅτι
2755 5208 2865 5278 γάρ
2895 5207 3011 5261 ἐστι
3041 5224 3094 5260 τι
3125 5208 3358 5272 τέλειον,
3404 5207 3551 5261 κατὰ
3583 5203 3695 5257 τόδε
3722 5193 3852 5266 τήνδε

2309 5303 2384 5374 μὴ
2414 5299 2766 5370 ἐπιδέχεσθαι
2791 5299 2923 5352 αὐτὸ
2952 5298 3044 5353 καὶ
3077 5297 3175 5371 τὴν
3206 5298 3326 5351 κατ’
3353 5297 3484 5352 ἄλλο
3528 5314 3580 5350 τι
3622 5289 3848 5354 τελειότηι

2304 5413 2393 5459 τα,
2424 5393 2639 5464 ἀνάγκη
2659 5409 2673 5424 ο
2701 5393 2796 5447 καὶ
2827 5391 2936 5464 γὰρ
2958 5391 3162 5455 τέλειος
3194 5386 3263 5463 ἦν
3300 5389 3375 5460 τῷ
3406 5387 3620 5459 φυσικῷ
3651 5381 3738 5437 τοῦ
3780 5379 3855 5430 ἀνα

2308 5480 2529 5553 θρώπου
2563 5480 2705 5551 λόγῳ
2730 5480 2757 5532 ὁ
2790 5480 3037 5549 νομικὸς,
3082 5480 3178 5533 καὶ
3213 5480 3361 5550 ὅμως
3418 5479 3501 5531 ἔτι
3559 5475 3851 5530 ἐδιδάσκετοι

2306 5576 2407 5645 τὴν
2433 5574 2532 5645 τῆς
2559 5571 2799 5643 Χριστοῦ
2846 5572 3197 5637 διδασκαλίας
3243 5571 3561 5663 τελειότητα
3594 5574 3854 5659 πνευματι-

2308 5665 2410 5737 κὴν
2467 5664 2737 5733 λέγοντος,
2772 5665 2853 5717 ὅτι
2882 5683 2899 5716 ι
2933 5664 2994 5717 Ei
3026 5664 3201 5729 θέλεις
3227 5664 3433 5726 τέλειος
3465 5660 3729 5732 γενέσθαι,
3761 5665 3853 5702 πω·

2307 5758 2474 5831 λησόν
2498 5775 2592 5811 σου
2624 5758 2801 5812 πάντα
2827 5758 2893 5812 τὰ
2926 5759 3244 5830 ὑπάρχοντα
3271 5757 3363 5812 καὶ
3394 5757 3486 5820 δὸς
3518 5754 3756 5823 πτωχοῖς,
3780 5742 3852 5793 καὶ

2306 5849 2437 5924 ἆρον
2473 5849 2563 5904 τὸν
2600 5850 2834 5922 σταυρόν
2868 5868 2981 5919 σου,
3008 5851 3103 5905 καὶ
3120 5849 3280 5922 δεῦρο
3315 5848 3598 5905 ἀκολούθει
3621 5854 3759 5917 μοι.)
3788 5830 3850 5884 ἔτι
