4116 6448
334 387 481 455 1605

1308 385 1707 449 ADVERSUS
1744 385 2297 449 NESTORIANOS.
2320 412 2389 424 —
2411 388 2561 450 LIB.
2602 388 2719 451 III.

3472 390 3611 457 1606

336 502 446 574 μὴν
475 497 790 570 Νικόδημος
819 496 1027 562 τέλειός
1057 514 1119 552 τε
1169 491 1241 570 ῆν
1280 498 1396 562 υἱὸς
1431 498 1577 552 κατὰ
1620 498 1801 568 σάρκα
1830 497 1919 551 καί

2028 507 2085 553 et
2112 514 2350 569 sequere
2394 514 2504 554 me.
2541 498 2743 553 Adhuc
2782 498 3013 570 insuper
3043 497 3382 555 Nicodemus
3430 502 3614 572 perfe—

329 596 395 648 ὲκ
420 590 619 646 πολλοῦ
651 592 1053 661 γεγεννημένος
1087 591 1375 662 ἄνθρωπος
1394 606 1410 623 ο
1442 589 1580 663 πρὸς
1607 589 1667 643 δὲ
1686 589 1748 643 τὸ
1777 583 1919 643 εἶναι

328 687 427 755 οὐχ
475 683 665 748 ἁπλῶς
693 684 832 737 ἀλλὰ
857 683 1229 754 πνευματικὸς
1252 682 1560 755 ἄνθρωπος,
1589 681 1688 752 τῆς
1712 681 1802 736 διὰ
1828 681 1921 735 τοῦ

327 778 647 847 Πνεῦματος
692 777 861 831 ὲδείτο
916 777 1332 849 ἀναγεννήσεως
1385 776 1481 830 καὶ
1540 776 1919 847 τελειότητοςο

329 869 489 924 Οῦτω
515 868 647 938 γοῦν
681 868 779 922 καὶ
818 870 845 922 ὁ
874 868 1070 939 Λόγος,
1104 869 1184 931 εἰς
1216 869 1279 923 τὸ
1316 865 1456 923 εἶναι
1492 868 1623 932 Υἰδς
1658 867 1794 922 Θεοῦ
1826 865 1923 920 καὶ

327 961 484 1024 θεὸς,
536 959 761 1023 τελείως
812 952 959 1030 εἶχεν
1004 959 1130 1014 ἀεί’
1172 958 1309 1029 πρὸς
1339 958 1397 1012 δὲ
1451 957 1512 1011 τὸ
1557 955 1919 1027 ἐκπληρῶσαι

326 1052 427 1125 τὴν
464 1052 600 1106 ἰδίαν
632 1050 883 1105 εὐδοκίαν
915 1053 973 1105 ἐν
999 1051 1225 1115 οἰκείοις
1255 1053 1371 1114 τοῖς
1399 1050 1650 1121 ὑστέροις
1680 1051 1916 1120 καιροῖς,

326 1146 452 1201 καθ’
488 1147 556 1217 ἢν
585 1146 685 1217 οὐχ
709 1146 1005 1217 ἁρπαγμὸν
1051 1146 1357 1218 ἡγούμενος
1391 1146 1452 1198 τὸ
1481 1140 1623 1198 εἶναι
1651 1144 1743 1198 ίσα
1772 1144 1917 1211 Θεῷ,

333 1238 550 1309 μορφὴν
584 1238 772 1292 δούλου
796 1238 983 1291 λαϐεῖν
1013 1240 1119 1311 πρὸ
1172 1239 1384 1293 αἰώνων
1417 1237 1577 1291 ὡδινε
1629 1238 1725 1290 καὶ
1787 1254 1923 1307 προ-

330 1332 534 1400 ώρισεν
563 1330 742 1401 ἐαυτῷ
765 1347 778 1361 ·
823 1332 917 1385 καὶ
951 1334 1083 1403 πρὶν
1134 1331 1358 1403 ποιῆσαι
1409 1331 1479 1384 τά
1504 1331 1701 1395 πάντα,
1734 1328 1832 1399 τὴν
1862 1331 1918 1381 ἐν

328 1424 551 1497 Χριστῷ
587 1425 806 1478 πάντων
841 1424 1320 1495 ἀνακεφαλαίωσιν
1348 1424 1443 1477 καὶ
1470 1423 1667 1477 θέωσιν
1701 1424 1759 1476 ὲν
1788 1424 1918 1477 έαυ·

327 1516 407 1588 τῷ
436 1516 545 1570 τῶν
564 1517 625 1569 οὐ
651 1517 811 1570 θείων
841 1516 1077 1587 φύσεων,
1154 1534 1320 1588 φησιν
1341 1518 1368 1570 ὁ
1402 1514 1746 1581 Ἀπόστολος,
1775 1514 1920 1568 ὲλλι-

328 1609 447 1673 πῶς
485 1606 631 1680 εἶχεν
681 1609 763 1663 ἔτι
817 1609 953 1681 πρὸς
997 1610 1306 1681 φανέρωσιν
1337 1607 1431 1662 τοῦ
1483 1607 1920 1680 προωρισθέντος

328 1699 479 1771 αὐτῷ
510 1700 898 1772 κεκρυμμένου
932 1700 1233 1772 μυστηρίου
1269 1702 1366 1772 τῆς
1400 1701 1536 1764 ἰδίας
1565 1700 1917 1772 ὲνανθρωπή-

327 1810 485 1856 σεως.
520 1793 763 1863 Οὐδεμία
796 1790 889 1847 οὖν
935 1793 1188 1846 ἐντεῦθεν
1247 1794 1558 1867 κατηγορία
1589 1795 1739 1847 ἐστὶν
1786 1794 1916 1847 ἀτε-

324 1886 498 1952 λείας,
550 1887 672 1939 κατ’
703 1886 844 1940 ἰδίαν
885 1887 1187 1958 νοουμένης
1236 1887 1488 1959 υἰότητος
1522 1886 1792 1959 ἑκατέρας
1822 1886 1916 1957 φύ-
1943 1872 1991 1931 Β

328 1996 466 2043 σεως
488 1996 503 2011 ⁸
535 1979 671 2034 ἀλλά
714 1979 873 2051 χρεία
900 1980 1059 2051 μόνον
1086 1981 1226 2053 πρὸς
1248 1981 1647 2052 συμπλήρωσιν
1675 1980 1773 2050 τῆς
1795 1979 1915 2034 κατ’

324 2070 576 2125 εὐδοκίαν
624 2071 760 2124 Θεοῦ
816 2071 955 2143 πρὸς
1004 2070 1329 2142 ἀνθρώπους
1376 2072 1625 2136 ὲνώσεως
1673 2071 1915 2142 ἑκατέρᾳ.

324 2165 485 2234 φύσει
516 2164 619 2234 τῆς
652 2164 846 2236 ἐτέρας
873 2166 955 2228 εἰς
988 2164 1341 2235 ἀποτέλεσμα
1371 2164 1466 2217 τοῦ
1518 2161 1660 2221 εἷναι
1703 2167 1769 2217 ὲκ
1804 2163 1914 2216 τῶν

323 2258 654 2327 πεφυκότων
694 2256 1133 2330 διακεκριμένως
1184 2259 1242 2311 ὲν
1281 2257 1563 2328 διαφόροις
1602 2255 1911 2311 ὑποστάσε-

326 2369 409 2405 σιν
440 2352 672 2421 ὁρᾶσθαι
709 2350 925 2420 φύσεων
965 2352 1061 2404 καὶ
1101 2351 1367 2422 υίοτήτων
1421 2351 1669 2418 τελείων,
1700 2350 1823 2404 καθ’
1856 2350 1915 2403 ἓν

323 2445 386 2497 τὸ
420 2443 589 2497 αὐτοῦ
629 2443 925 2513 πρόσωπον
975 2444 1233 2512 γενέσθαι
1278 2442 1592 2498 συνέλευσιν
1615 2457 1630 2471 ’
1664 2444 1758 2497 καὶ
1787 2442 1914 2496 τάδε

325 2536 424 2607 μὲν
451 2535 647 2599 οὔτως.
683 2535 745 2588 Εἰ
769 2531 863 2589 οὖν
893 2535 1028 2589 διότι
1060 2537 1230 2607 ἄμφω
1260 2536 1403 2608 μέρη
1430 2536 1649 2606 λέγεται
1681 2536 1756 2600 ὡς
1780 2537 1915 2608 πρὸς

319 2625 382 2680 τὸ
415 2625 536 2681 ὅλον
572 2625 752 2692 τέλος,
789 2625 1044 2680 τουτέστι
1091 2628 1350 2698 Χριστὸν,
1387 2627 1474 2681 διὰ
1510 2626 1630 2681 τόδε
1658 2626 1823 2699 ἀτελῆ
1853 2642 1913 2680 τε

322 2717 510 2781 ἁπλῶς
545 2717 639 2771 καί
671 2717 893 2788 ἰσότιμα
926 2717 1068 2788 μέρη
1105 2718 1233 2772 τάδε
1264 2717 1426 2788 φατὲ,
1452 2719 1560 2790 ἄρα
1583 2735 1647 2787 γε
1675 2717 1798 2772 ἐπεὶ
1818 2718 1916 2771 καὶ

322 2808 464 2881 πρὸς
494 2809 557 2863 τὸ
588 2809 711 2863 ὅλον
743 2809 899 2872 τέλος
944 2807 1041 2862 τοῦ
1080 2809 1308 2880 ὁπλίτην
1365 2809 1560 2863 ἑαυτὸν
1608 2810 1914 2881 ἐμφανίσαι

319 2901 399 2974 τῷ
430 2901 647 2973 στρατῷ
676 2902 771 2955 τὸν
804 2901 1138 2972 στρατηγὸν,
1167 2902 1335 2973 μέρος
1359 2919 1416 2955 τε
1447 2901 1613 2966 αὐτός
1638 2903 1778 2966 ἐστι,
1811 2900 1909 2956 καὶ

318 2995 381 3048 τὸ
410 2995 576 3048 ὅπλον
604 2992 795 3061 αὐτοῦ,
835 2994 1038 3065 ὁμοίως
1083 2993 1251 3063 ἀτελῆ
1302 2994 1470 3065 ἄμφω
1515 2994 1698 3048 ἐστίν·
1745 2994 1841 3048 καί
1886 2996 1915 3048 ὁ

324 3088 426 3159 μὲν
458 3089 568 3143 οὐδ’
601 3090 681 3153 εἰς
708 3087 1054 3161 ἀνθρώπους,
1087 3087 1148 3141 τὸ
1192 3087 1250 3140 δὲ
1284 3089 1365 3151 εἰς
1398 3088 1459 3141 τὸ
1493 3087 1657 3141 ὅπλον
1683 3083 1825 3141 εἶναι
1849 3087 1911 3140 οὐ

318 3181 738 3254 λογισθήσεται·
774 3182 837 3236 οὐ
869 3181 1134 3236 διοίσουσί
1174 3197 1235 3234 τε
1273 3179 1544 3252 ἀλλήλων,
1590 3182 1716 3234 ἐπεὶ
1748 3180 1914 3252 μέρος

323 3240 547 3347 μέρους.
576 3275 729 3329 οὐδὲν
802 3275 1056 3347 διαφέρει
1106 3273 1324 3346 ἀληθῶς
1372 3240 1541 3328 καθὸ,
1570 3240 1767 3346 μέροςἱ
1823 3240 1986 3327 καί(1

321 3370 511 3435 ἁπλῶς
551 3370 775 3441 ἰσότιμα
812 3369 968 3424 ἔσται
998 3370 1121 3424 καθ’
1156 3370 1304 3440 ὑμᾶς
1334 3369 1431 3423 καὶ
1467 3368 1620 3433 τάδε,
1661 3367 1919 3439 ἀγχινού-

306 3479 531 3516 νστατοι.
563 3461 703 3515 Ἀλλ’
728 3461 834 3515 ὑπὸ
870 3461 1173 3526 συνειδότος
1202 3462 1522 3534 βαλλόμενοι
1538 3462 1615 3532 μὴ
1635 3456 1921 3531 ἀποχρών-

301 3571 428 3618 ’τως
462 3554 609 3625 ἔχειν
653 3555 735 3619 εἰς
766 3552 1070 3624 ἀπολογίαν
1107 3556 1209 3626 τῆς
1242 3556 1453 3610 ἑαυτῶν
1494 3552 1921 3624 δεισιδαιμονίας

320 3649 423 3711 τὰς
493 3647 795 3719 εἰρημένας
850 3647 1044 3711 αὐτοῖς
1093 3648 1454 3717 αἰτιολογίας,
1513 3648 1711 3719 ἑτέρας
1754 3645 1919 3701 πάλιν

320 3740 580 3812 ἀφορμὰς
641 3740 1112 3812 μεταποιοῦνται,
1172 3740 1250 3805 ὡς
1305 3740 1623 3810 ἀναγκαίως
1658 3739 1919 3794 ἀσεϐοῦσι

323 3833 540 3889 πείθειν
576 3834 1068 3905 ἀποπειρώμενον
1107 3833 1245 3902 φασί
1275 3832 1406 3903 γοῦν
1434 3832 1530 3887 καὶ
1564 3831 1711 3886 τάδε·

926 3945 1188 3999 ΚΕΦΑΛ.
1232 3944 1309 3997 B'.

404 4057 464 4112 Ὀ
495 4057 705 4131 κυρίως
735 4056 871 4126 υίὸς,
908 4055 1032 4119 ὅλος
1066 4055 1187 4108 ἐστὶ
1221 4054 1315 4108 τοῦ
1355 4053 1725 4125 γεννήσαντος
1758 4052 1873 4115 υἰός
1899 4067 1915 4084 ο

319 4150 477 4203 οὐδὲν
524 4151 631 4220 γὰρ
684 4151 748 4203 ἐκ
814 4150 1015 4220 μέρους
1069 4148 1132 4203 ὅν
1190 4147 1255 4201 ἐκ
1309 4165 1475 4211 τινος,
1508 4147 1728 4215 λέγεται
1760 4146 1917 4200 τοῦδε

321 4241 464 4305 υίόςο
504 4240 621 4293 ἀλλ’
660 4240 783 4294 οὐδὲ
829 4242 1013 4313 πατήρ
1055 4242 1204 4292 ἐστιν
1251 4240 1279 4291 ὁ
1322 4238 1527 4308 μέρους
1574 4237 1768 4301 αἴτιος,
1822 4234 1919 4290 καὶ

318 4334 381 4387 οὐ
411 4332 507 4386 τοῦ
540 4333 663 4386 ὅλου
683 4349 696 4361 ·
730 4332 921 4404 ἀμέλει
961 4333 1086 4385 ὅλου
1117 4330 1210 4385 τοῦ
1250 4331 1315 4383 ἐκ
1348 4329 1529 4400 ψυχῆς
1555 4328 1783 4399 λογικῆς
1821 4328 1919 4381 καὶ

323 4426 579 4496 σώματος
609 4423 751 4490 ζώου
791 4424 1092 4495 λεγομένου
1129 4422 1250 4476 υἰοῦ
1286 4420 1579 4493 ἀνθρώπου
1602 4436 1616 4452 °
1653 4421 1701 4473 εἰ
1736 4418 1917 4491 συμϐῇ

318 4517 515 4571 τούτου
547 4518 606 4570 τὸ
638 4517 697 4569 ἓν
731 4516 898 4588 μέρος
929 4517 1101 4588 χωρὶς
1132 4515 1365 4587 θατέρου
1393 4513 1495 4583 τῆς
1530 4513 1743 4585 μήτρας
1765 4511 1919 4575 ἐξελ-

321 4610 458 4671 θεῖν,
492 4587 832 4681 ἐξάμὸλωμα
859 4609 955 4663 καὶ
982 4587 1080 4678 οὐχ
1106 4608 1220 4661 υἱὸν
1253 4607 1374 4670 ἔθος
1413 4607 1547 4677 ἡμῖν
1592 4603 1906 4675 ὀνομάζειν,
1935 4587 1988 4646 D

320 4700 591 4772 ἕκτρωσίν
634 4718 694 4754 τε
732 4700 824 4754 καὶ
869 4701 931 4754 οὐ
970 4701 1224 4770 γέννησιν
1256 4698 1349 4751 ὲπί
1400 4698 1494 4751 τοῦ
1538 4695 1809 4751 τοιούτου.
1849 4694 1913 4748 Εἰ

319 4789 416 4848 οὖν
444 4796 508 4847 ὲκ
536 4793 735 4865 μέρους
760 4792 874 4846 υἰδν
912 4791 1207 4863 ἀνθρώπου
1234 4790 1372 4861 φατὲ
1412 4789 1504 4842 τὸν
1528 4789 1785 4858 Χριστὸν,
1817 4787 1915 4857 δῆ-

318 4885 412 4940 λον
446 4885 521 4951 ὡς
562 4886 687 4940 οὐδὲ
735 4885 948 4955 πατρὸς
984 4883 1190 4955 κυρίως
1231 4882 1355 4935 οὐδὲ
1392 4882 1494 4951 τῆς
1546 4880 1755 4953 μητρός
1788 4895 1803 4910 ο
1829 4878 1913 4932 τί-

317 4996 411 5041 νος
444 4974 539 5033 οὗν
584 4980 702 5031 ἐστι
741 4977 924 5047 ζφύσει
976 4976 1113 5041 υἱὸς,
1163 4974 1354 5042 λέγετε
1394 4974 1549 5042 ήμῖν.
1592 4971 1659 5023 Τί
1719 4964 1831 5034 οὖν,
1868 4963 1913 5023 ὦ

318 5066 487 5136 οὗτοι,
523 5071 779 5142 ψεύδεται
829 5072 981 5124 πᾶσα
1029 5073 1063 5142 ἡ
1108 5069 1240 5138 ἁγία
1285 5068 1500 5139 Γραφὴ,
1534 5065 1614 5133 πῆ
1656 5064 1757 5136 μὲν
1782 5063 1914 5116 Υίὸν

318 5162 496 5229 Θεοῦ,
534 5167 610 5235 πῆ
656 5163 713 5217 δὲ
754 5164 871 5216 υἰδν
919 5162 1208 5233 ἀνθρώπου
1254 5160 1346 5215 τὸν
1380 5158 1543 5214 αὐτὸν
1571 5154 1914 5227 ὀνομάζουσα

315 5257 597 5328 Χριστόν;
660 5259 757 5311 καὶ
804 5256 890 5321 τίς
945 5255 1015 5310 τά
1070 5256 1314 5325 ὑμέτερα
1367 5251 1742 5323 ληρῳδήματα
1794 5246 1905 5302 τῶν

316 5350 481 5403 θείων
518 5348 953 5421 προαποδέξεται
1007 5347 1306 5419 ῥημάτωνς
1339 5343 1392 5397 τί
1425 5344 1483 5398 δὲ
1528 5343 1789 5412 λέγοιμεν
1814 5339 1911 5392 ἐπὶ

314 5439 583 5507 Χριστοῦ,
626 5440 722 5493 καὶ
762 5440 856 5492 ἐπὶ
902 5437 1069 5504 Υἰοῦ;
1096 5439 1143 5491 εἰ
1194 5437 1324 5508 γὰρ,
1360 5435 1507 5490 καθά
1540 5435 1634 5488 καί
1661 5433 1820 5503 ὑμεῖς
1850 5434 1911 5484 έν

311 5538 430 5597 τοῖς
472 5535 624 5598 ἰδίοις
677 5536 941 5606 εἰρήκατε
996 5533 1281 5597 πολλάκις,
1318 5535 1382 5587 ἐκ
1423 5531 1629 5604 μέρους
1683 5530 1780 5585 καὶ
1817 5528 1910 5582 τὸν

308 5625 605 5699 ἄνθρωπον
652 5628 817 5682 αὐτὸν
860 5628 981 5683 ὅλον
1029 5627 1187 5682 καλεῖ
1215 5629 1285 5680 τὰ
1324 5626 1446 5699 ίερά
1489 5626 1683 5693 Λόγια,
1714 5624 1791 5687 ὡς
1822 5622 1904 5688 τὸ,

317 5722 464 5793 Πρὸς
500 5722 560 5775 σὲ
590 5721 727 5794 σὰρξ
760 5721 909 5792 ἥξει·
943 5722 1037 5777 καὶ
1067 5720 1148 5791 τὸ,
1185 5740 1203 5774 ι
1241 5719 1439 5777 Ἰακὼὸ
1458 5722 1511 5777 δὲ
1544 5717 1793 5791 εἰσῆλθεν
1826 5717 1907 5783 εἰς

374 5878 403 5910 νε
434 5875 640 5948 Ephes,
678 5894 717 5945 ι,
741 5876 795 5932 9.

2028 597 2150 645 ctus
2180 600 2301 645 erat
2332 592 2481 646 tilius
2514 590 2820 646 secundum
2842 606 3063 647 carnem
3094 598 3150 646 et
3179 606 3246 646 ex
3271 592 3447 647 multo
3471 603 3615 649 tem-

2023 698 2163 753 pore
2207 683 2389 739 factus
2434 684 2603 739 homo
2633 704 2646 739 :
2684 693 2750 740 ut
2800 700 2936 740 vero
2968 692 3115 740 esset
3149 702 3261 740 non
3286 685 3617 756 simpliciter

2024 776 2121 831 sed
2148 776 2455 847 spiritualis
2485 778 2676 841 homo,
2725 793 2959 833 necesse
2995 788 3117 832 erat
3148 778 3304 833 illum
3340 794 3368 835 a
3400 778 3613 848 Spiritu

2024 846 2343 937 regenerari
2369 875 2425 924 et
2448 868 2662 939 perﬁci.
2706 868 2797 923 Sic
2836 879 2893 924 et
2924 869 3131 934 Verbo,
3173 879 3235 925 ut
3268 879 3414 926 esset
3438 846 3615 925 li‘ilius

2023 960 2121 1016 Dei
2156 968 2213 1016 et
2242 962 2408 1028 Deus,
2441 961 2581 1016 nihil
2628 978 2871 1032 unquam
2901 962 3082 1019 deluit
3110 981 3123 1016 :
3161 964 3258 1018 sed
3287 962 3355 1017 ad
3379 957 3609 1034 explen—

2023 1053 2147 1109 dam
2171 1055 2453 1124 propriam
2477 1055 2856 1125 apparentiam
2876 1055 2929 1108 in
2956 1054 3223 1125 proximis
3245 1055 3611 1125 temporibus,

2016 1144 2173 1215 juxta
2209 1159 2375 1214 quam
2406 1161 2517 1199 non
2555 1146 2808 1215 rapinam
2847 1146 3155 1201 arbitratus
3188 1162 3247 1202 se
3276 1162 3400 1202 esse
3426 1163 3611 1217 aequa-

2021 1238 2129 1291 lem
2161 1237 2277 1292 Deo
2317 1237 2551 1291 formam
2595 1239 2740 1293 servi
2775 1239 3028 1307 accipere
3066 1249 3195 1294 ante
3226 1240 3426 1294 saecula
3464 1239 3612 1294 desi-

2022 1330 2242 1385 deravit
2286 1338 2343 1384 et
2388 1346 2446 1387 se
2484 1332 2941 1402 praedestinavit:
2974 1340 3031 1386 et
3070 1342 3368 1401 antequam
3401 1331 3612 1385 taceret

2022 1423 2230 1495 omnia,
2246 1423 2303 1477 in
2319 1420 2544 1477 Christo
2566 1423 2813 1477 omnium
2842 1423 3277 1492 assumptionem
3304 1433 3359 1477 et
3385 1420 3611 1476 deiﬁca-

2025 1514 2231 1571 tionem
2280 1515 2336 1569 in
2383 1516 2569 1586 seipso
2614 1523 2942 1569 naturarum
2990 1531 3106 1570 non
3159 1514 3496 1578 divinarum,
3531 1511 3610 1566 it'li

2023 1607 2232 1679 aliquid
2272 1608 2467 1663 deerat
2494 1648 2509 1672 ,
2545 1617 2608 1663 ut
2649 1608 2728 1662 ait
2774 1608 3075 1678 Apostolus
3108 1608 3149 1673 ⁸,
3179 1607 3249 1662 ad
3289 1606 3609 1661 manifesta-

2024 1702 2231 1757 tionem
2265 1702 2511 1774 mysterii
2544 1702 2859 1757 absconditi
2900 1702 3007 1772 ipsi
3055 1700 3438 1773 praedestinati
3480 1714 3611 1770 pro-

2022 1797 2156 1866 priae
2180 1797 2566 1851 humanitatis.
2600 1796 2761 1851 Nulla
2802 1796 2932 1851 inde
2974 1796 3145 1867 igitur
3184 1803 3269 1850 est
3317 1794 3460 1849 ratio
3504 1793 3613 1847 im-

2022 1888 2381 1958 perfectionis
2414 1930 2429 1956 ,
2483 1889 2616 1943 licet
2665 1887 2861 1943 ﬁliatio
2909 1888 3351 1958 uniuscujusque
3400 1891 3611 1939 natura:

2022 1992 2276 2033 seorsum
2321 1977 2713 2032 consideretur
2750 1994 2763 2031 :
2798 1977 2896 2032 sed
2947 1985 3010 2031 ut
3056 1976 3433 2046 compleretur
3476 1972 3611 2027 unio

2023 2069 2100 2123 ita
2130 2077 2191 2124 ut
2221 2083 2408 2124 coram
2439 2068 2761 2123 hominibus
2793 2069 2941 2122 Deus
2967 2075 3283 2138 appareret,
3307 2064 3611 2134 unicuique

2020 2170 2235 2217 natura:
2261 2163 2436 2216 altera
2464 2171 2663 2216 natura
2692 2177 2833 2231 Opus
2863 2168 3008 2227 erat,
3042 2168 3105 2215 ut
3138 2169 3351 2214 natum
3379 2167 3437 2212 et
3470 2157 3611 2211 ﬁlia-

2024 2255 2203 2310 tiones
2239 2254 2516 2325 perfectae,
2554 2262 2696 2324 aptae
2736 2253 2999 2309 distincte
3044 2253 3103 2307 in
3161 2252 3401 2308 diversis
3436 2251 3611 2323 hypo-

2021 2348 2265 2403 stasibus
2320 2347 2521 2411 videri,
2585 2356 3059 2417 eomponerentur
3118 2355 3182 2401 ut
3234 2347 3292 2401 in
3354 2345 3607 2415 ejusdem

2020 2450 2312 2504 personam
2339 2436 2701 2490 convenirent
2734 2452 2749 2490 :
2791 2452 2915 2506 quae
2945 2436 3175 2507 quidem
3214 2436 3311 2490 ita.
3338 2435 3396 2490 Si
3440 2436 3612 2506 igitur

2021 2526 2163 2581 duas
2190 2536 2400 2597 partes,
2455 2538 2752 2598 propterea
2785 2528 2934 2599 quod
2984 2529 3053 2583 ad
3104 2527 3271 2584 ﬁnem
3321 2538 3523 2593 totum,
3556 2528 3611 2582 id

2021 2629 2132 2685 est,
2164 2618 2475 2686 Christum,
2508 2630 2763 2692 vergant,
2800 2621 3153 2691 imperfectas
3200 2621 3530 2692 simpliciter
3556 2629 3615 2675 et

2021 2714 2143 2784 pari
2196 2714 2411 2770 honore
2458 2714 2646 2770 dicitis
2697 2714 3001 2779 habendas,
3060 2715 3207 2769 idem
3242 2714 3496 2784 profecto
3536 2705 3613 2767 'de

2021 2805 2163 2861 duce
2189 2807 2284 2875 qui
2310 2806 2376 2861 ad
2408 2806 2573 2861 tinem
2608 2815 2783 2861 totum
2810 2806 3007 2884 militiis
3038 2806 3093 2861 in
3125 2806 3375 2861 exercitui
3404 2806 3609 2875 vergit,

2022 2898 2320 2954 dicendum
2377 2899 2487 2954 erit
2534 2916 2548 2953 :
2601 2900 2719 2969 ipse
2769 2909 2858 2954 est
2908 2916 3058 2969 pars,
3107 2915 3237 2969 pars
3282 2905 3412 2952 sunt
3462 2897 3613 2951 illius

2020 3006 2196 3056 arma,
2222 3006 2380 3062 teque
2409 2992 2574 3047 ambo
2597 3001 2729 3046 sunt
2761 2991 3084 3061 imperfecta
3116 3008 3130 3045 :
3164 2991 3277 3044 dux
3305 2989 3434 3044 ideo
3467 2988 3609 3042 nihil

2020 3082 2165 3138 inter
2191 3083 2469 3150 homines,
2499 3099 2650 3139 arma
2681 3083 2819 3137 nihil
2851 3083 2999 3139 inter
3028 3098 3179 3137 arma
3205 3081 3612 3152 computahun-

2024 3182 2154 3229 tur:
2188 3174 2302 3230 dux
2353 3192 2468 3231 non
2523 3177 2749 3233 ditl'erct
2799 3176 2868 3230 ab
2917 3175 3110 3238 armis,
3170 3175 3376 3244 quippe
3411 3188 3543 3243 pars
3576 3186 3609 3225 a

2020 3277 2173 3339 parte
2198 3278 2475 3339 quatenus
2509 3280 2589 3325 est
2616 3285 2763 3339 pars,
2796 3284 2908 3323 non
2941 3283 3073 3324 vere
3098 3266 3323 3322 diﬁ‘crat
3349 3284 3364 3321 :
3393 3275 3450 3322 et
3473 3266 3609 3321 sim-

2020 3360 2245 3430 pliciter
2280 3361 2427 3432 apud
2462 3377 2564 3416 vos
2594 3361 2713 3431 pari
2758 3361 2971 3416 honore
3005 3342 3192 3425 erunt,
3218 3368 3275 3414 et
3298 3360 3417 3414 haec
3451 3374 3609 3430 saga-

2020 3454 2231 3509 cissimi
2287 3455 2561 3510 asseritis.
2620 3454 2726 3511 Sed
2780 3470 2907 3510 cum
2969 3454 3263 3509 manifeste
3310 3454 3608 3524 probatum

2019 3546 2191 3602 fuerit
2213 3563 2354 3603 vana
2384 3562 2509 3603 esse
2540 3556 2865 3618 argumenta
2896 3563 3020 3617 qua:
3052 3547 3120 3602 ad
3149 3562 3305 3602 suam
3338 3548 3609 3617 supersti-

2021 3642 2231 3697 tionem
2272 3641 2535 3695 tuendam
2568 3641 2826 3711 allegant,
2868 3640 3006 3695 alias
3054 3640 3161 3695 sibi
3195 3639 3483 3694 vindicant
3515 3656 3611 3696 oe-

2020 3734 2273 3791 casiones
2301 3742 2360 3787 ut
2387 3734 2776 3788 necessitatem
2806 3749 2920 3788 suae
2949 3733 3253 3802 impietatis
3284 3748 3607 3804 persuasam

2019 3828 2284 3884 etliciant.
2312 3827 2439 3882 Haec
2464 3826 2634 3897 igitur
2665 3826 2885 3881 dicunt.

2683 3942 2835 3998 CAP.
2878 3943 2945 3998 ll.

2090 4057 2192 4125 Qui
2230 4066 2316 4112 est
2367 4056 2593 4127 proprie
2647 4055 2794 4111 ﬁlius
2822 4096 2837 4122 ,
2876 4064 3026 4112 totus
3063 4065 3148 4113 est
3192 4055 3312 4127 ejus
3346 4056 3439 4127 qui
3477 4071 3606 4110 eum

2020 4150 2217 4221 genuit
2264 4149 2412 4204 ﬁlius
2464 4167 2478 4203 :
2526 4149 2676 4203 nulla
2729 4148 2879 4203 enim
2930 4159 3016 4204 est
3066 4164 3198 4220 pars
3227 4165 3352 4218 quae
3388 4148 3610 4203 dicatur

2018 4244 2140 4314 ejus
2170 4242 2317 4297 ﬁlius
2354 4259 2367 4296 :
2408 4241 2504 4297 sed
2557 4250 2714 4312 pater
2750 4242 2942 4312 nequit
2983 4256 3107 4297 esse
3142 4240 3339 4311 partis,
3366 4241 3501 4311 quin
3534 4241 3609 4295 sit
3710 4242 3717 4248 ’

2022 4336 2193 4391 totius
2222 4344 2456 4401 auctor;
2487 4334 2559 4389 sit
2597 4334 2909 4403 exemplum
2957 4342 3135 4387 totum
3185 4332 3333 4402 quod
3388 4342 3607 4387 constat

2020 4441 2087 4480 ex
2116 4425 2300 4479 anima
2347 4424 2608 4480 rationali
2654 4433 2713 4479 et
2753 4439 2988 4494 corpore
3039 4424 3253 4479 viventi
3297 4432 3518 4479 constat
3548 4432 3607 4478 et

2020 4518 2167 4589 quod
2194 4518 2402 4573 dicitur
2431 4517 2579 4572 ﬁlius
2608 4517 2851 4571 hominis
2880 4534 2895 4571 ε
2927 4516 2973 4572 si
3001 4517 3273 4572 acciderit
3307 4518 3456 4589 quod
3495 4533 3604 4572 una

2018 4627 2147 4681 pars
2181 4610 2343 4664 istius
2368 4610 2540 4665 totius
2566 4610 2686 4664 sine
2716 4610 2887 4664 altera
2921 4626 2987 4664 ex
3022 4620 3195 4665 matre
3221 4620 3403 4673 exeat,
3439 4611 3606 4666 abor-

2018 4704 2191 4760 tivum
2228 4712 2287 4758 et
2314 4719 2428 4757 non
2458 4703 2633 4757 tilium
2668 4703 2960 4757 nominare
3007 4702 3271 4768 solemus,
3321 4702 3608 4760 addimus-

2016 4812 2124 4866 que
2160 4795 2419 4849 abortum
2452 4794 2641 4860 fuisse,
2689 4811 2801 4849 non
2834 4795 3204 4851 nativitatem.
3242 4795 3297 4851 Si
3338 4796 3507 4865 igitur
3533 4811 3601 4850 ex

2016 4896 2172 4959 parte
2201 4887 2375 4942 ﬁlium
2405 4888 2646 4944 hominis
2670 4888 2857 4943 dicitis
2892 4888 3203 4954 Christum,
3248 4889 3603 4943 manifestum

2016 4988 2101 5035 est
2134 4980 2281 5050 quod
2319 4995 2422 5035 nec
2446 4981 2620 5050 patris
2655 4980 2900 5049 proprie,
2936 4995 3039 5035 nec
3065 4979 3258 5034 matris
3290 4988 3376 5034 est
3403 4980 3549 5033 ﬁlius
3588 4996 3601 5031 :

2017 5072 2174 5141 cujus
2222 5070 2392 5141 igitur
2425 5080 2622 5124 natura
2652 5068 2723 5123 sit
2755 5070 2923 5132 ﬁlius,
2951 5070 3113 5125 nobis
3141 5069 3603 5135 ostendite.Quid

2016 5180 2169 5235 ergo,
2207 5179 2239 5217 o
2271 5179 2390 5229 vos,
2418 5163 2685 5218 mentitur
2719 5162 2900 5216 omnis
2942 5161 3229 5231 Scriptura
3256 5176 3436 5226 sacra,
3481 5178 3605 5231 quae

2016 5256 2182 5311 modo
2236 5256 2436 5310 Filium
2472 5254 2587 5318 Dei,
2634 5254 2795 5309 modo
2828 5253 3000 5307 ﬁlium
3053 5253 3294 5309 hominis
3343 5254 3603 5309 eumdem

2018 5347 2269 5403 nominat
2295 5347 2623 5402 Christum?
2652 5347 2721 5400 Et
2764 5347 2888 5417 quis
2915 5355 3130 5401 vestras
3175 5362 3351 5417 nugas
3398 5347 3605 5402 divinis

2018 5449 2321 5511 anteponet
2379 5440 2784 5496 sermonibus?
2838 5439 2979 5505 Quid
3032 5456 3169 5494 vero
3224 5440 3477 5496 dicamus
3533 5442 3604 5496 de

2014 5535 2259 5600 Christo,
2294 5544 2351 5589 et
2395 5534 2462 5588 dc
2495 5535 2678 5589 Filio?
2710 5533 2767 5589 Si
2812 5534 2984 5599 enim,
3034 5535 3501 5604 quemadmodum
3545 5545 3603 5591 et

2014 5645 2114 5684 vos
2144 5629 2293 5684 hunc
2336 5628 2600 5699 loquendi
2651 5627 2877 5682 modum
2930 5629 3221 5684 occasione
3262 5630 3389 5683 data
3442 5645 3603 5683 usur-

2017 5723 2208 5796 pastis,
2261 5739 2329 5778 ex
2383 5731 2539 5794 parte
2599 5720 2881 5777 hominem
2934 5721 3115 5793 ipsum
3168 5731 3344 5779 totum
3398 5732 3604 5779 vocant
