4116 6454
498 406 634 474 1697

1763 389 2075 453 LEONTII
2112 385 2519 449 BYZANTINI

3646 372 3787 441 1608

498 532 658 574 saera
692 512 951 585 Eloquia,
988 511 1135 569 sicut
1158 510 1213 567 in
1238 510 1347 566 hoc
1368 510 1515 576 loco,
1539 507 1607 563 ad
1633 516 1685 563 te
1706 523 1836 563 caro
1864 506 2087 571 veniet;

2220 500 2473 568 ιῖγυπτον
2506 499 2565 551 ὲν
2591 502 2661 551 oe’
2698 494 2902 567 ψυχαῖς
2922 510 2937 524 ο
2977 512 2995 545 ι
3038 491 3176 547 ἀλλὰ
3206 490 3305 545 καὶ
3341 492 3409 545 ὲκ
3445 487 3540 544 τοῦ
3571 489 3695 543 ὅλου
3723 488 3792 544 τὸ

497 615 556 661 et
600 606 655 660 in
713 605 841 669 isto,
882 603 1052 658 Jacob
1083 602 1236 657 venit
1289 601 1344 655 in
1392 600 1685 670 Egyptum
1730 613 1855 653 cum
1889 598 2089 652 domus

499 716 612 754 suze
638 698 929 753 animabus
954 713 969 750 :
994 713 1061 751 ex
1091 704 1206 749 toto
1231 695 1397 749 etiam
1425 701 1638 763 partem
1664 694 1839 748 solam
1866 699 2086 758 vocant,

503 803 564 846 ut
604 791 657 845 in
708 792 813 845 hoc
846 792 992 853 loco,
1017 790 1105 844 hic
1142 788 1475 858 sepelierant
1508 785 1785 841 Abraham
1808 793 1863 840 et
1896 785 2089 840 Saram

501 885 798 955 conjugcm
848 884 1011 953 ejus:
1060 882 1240 937 solum
1283 882 1431 935 enim
1468 895 1674 950 corpus
1716 878 1953 933 Abrahae
1999 878 2091 932 hic

503 978 781 1048 scpultum
807 986 893 1031 est
922 993 939 1029 ς
974 975 1254 1045 quomodo
1285 990 1351 1029 ex
1382 982 1538 1044 parte
1567 972 1739 1026 ﬁlium
1764 970 2095 1025 alterutrius

503 1070 823 1140 generantis
854 1084 1054 1123 vocare
1086 1084 1237 1121 nunc
1262 1082 1377 1121 non
1418 1064 1747 1121 sustinetis?
1775 1062 1940 1119 Certe
1972 1063 2097 1133 qui-

504 1163 652 1222 dem,
702 1163 770 1226 si,
807 1171 868 1215 ut
900 1170 955 1215 et
992 1161 1095 1231 ipsi
1137 1161 1430 1225 dicebatis,
1464 1160 1640 1215 solius
1674 1158 1928 1228 corporis
1968 1166 2099 1212 sunt

504 1260 762 1307 auctores
790 1253 951 1306 nobis
978 1251 1163 1306 carnis
1192 1263 1402 1321 patres,
1429 1259 1487 1305 et
1519 1249 1833 1306 confessum
1869 1249 1941 1304 sit
1978 1263 2097 1303 ma-

506 1343 709 1398 nifeste
734 1345 971 1398 alterum
1007 1359 1128 1398 esse
1156 1360 1224 1397 ex
1250 1351 1407 1413 patre
1434 1342 1756 1413 spirituum,
1788 1341 2098 1396 secundum

508 1436 857 1505 Apostolum,
884 1435 1165 1505 quomodo
1199 1436 1258 1490 ﬁt
1286 1445 1345 1490 ut
1368 1452 1563 1491 omnes
1588 1435 1843 1489 homines
1873 1434 2102 1489 eviden-

512 1538 597 1583 ter
624 1545 691 1583 ex
725 1539 881 1599 parte
914 1529 1033 1593 ﬁlii,
1073 1544 1139 1582 ex
1165 1537 1319 1596 parte
1362 1536 1546 1598 patres
1569 1544 1681 1582 non
1706 1526 2102 1581 nominentur?

514 1621 809 1687 Pneterea,
847 1621 891 1675 si
926 1621 1101 1692 ipsius
1130 1622 1385 1692 corporis
1408 1637 1575 1677 causa
1625 1637 1655 1676 e
1697 1621 1946 1675 masculo
1990 1636 2102 1675 non

519 1722 631 1767 tota
672 1712 763 1778 sit,
816 1712 913 1768 sed
969 1714 1271 1769 femineum
1326 1714 1493 1768 etiam
1553 1712 1767 1782 aliquid
1830 1712 2101 1777 eonl'erat,

2196 593 2364 663 μέρος
2401 593 2563 663 μόνον
2615 590 2801 644 καλεί’
2836 590 2913 652 ὠς
2941 587 3033 650 τὸ,
3077 587 3228 642 Ἑκεί
3253 584 3462 656 ἔθαψαν
3506 582 3790 654 Ἀϐραὰμ,

2192 687 2289 739 καὶ
2317 686 2536 757 Σάρραν
2564 683 2664 755 τὴν
2693 685 2933 752 γυναῖκα
2961 680 3153 734 αὐτοῦ*
3191 679 3352 750 μόνον
3380 677 3491 749 γάρ
3528 679 3589 731 τὸ
3624 677 3795 748 σῶμα.

2206 774 2459 847 Ἀϐραὰμ
2493 777 2611 829 ἐκεῖ
2656 774 2867 846 ἐτάφηο
2904 773 3024 836 πῶς
3071 772 3136 825 ὲκ
3194 771 3395 842 μέρους
3448 771 3524 841 μὴ
3578 769 3793 840 τολμᾷν

2195 870 2388 924 καλεῖν
2434 870 2549 923 υἱὸν
2601 868 2834 939 θατέρου
2883 866 2993 921 τῶν
3028 865 3245 934 φύντων
3282 863 3629 934 νομοθετεῖτε
3658 863 3787 930 νῦνς

2194 963 2389 1017 Καίτοι
2406 980 2497 1031 γε,
2524 963 2594 1027 εί,
2627 962 2703 1025 ὡς
2730 962 2827 1015 καὶ
2854 960 3008 1014 αὐτοὶ
3036 959 3237 1029 ἔφητε,
3273 958 3437 1027 μόνου
3470 956 3563 1010 τοῦ
3602 955 3796 1031 σώμαέ

2196 1055 2287 1115 τός
2318 1058 2455 1108 είσιν
2489 1054 2654 1108 αἴτιοι
2690 1055 2823 1124 ἡμῖν
2849 1054 2897 1106 οἱ
2928 1052 3027 1123 τῆς
3058 1050 3268 1120 σαρκὸς
3299 1049 3560 1120 πατέρες,
3592 1049 3791 1118 ἐτέρου

2201 1145 2391 1214 σαφῶς
2423 1145 2863 1215 ὁμολογουμένου
2909 1139 3047 1196 εἷναι
3078 1140 3175 1195 τοῦ
3227 1142 3440 1211 [ἰατρὸς
3471 1141 3579 1194 τῶν
3615 1159 3795 1195 πνευ-

2204 1242 2413 1313 μάτων,
2433 1240 2579 1294 κατὰ
2607 1240 2699 1294 τὸν
2737 1238 3084 1299 Ἀπόστολον,
3120 1237 3238 1300 πῶς
3261 1238 3322 1290 οὐ
3346 1238 3546 1300 πάντες
3572 1236 3794 1308 ἄνθρω-

2202 1351 2295 1386 ποι
2327 1331 2614 1402 προδήλως
2640 1331 2706 1383 ὲκ
2734 1330 2940 1401 μέρους
2973 1345 3031 1382 τε
3064 1330 3194 1391 υἱοὶ,
3219 1327 3311 1381 καὶ
3349 1329 3412 1381 ὲκ
3451 1330 3651 1398 μέρους
3677 1346 3799 1383 πα-

2201 1427 2359 1497 τέρες
2398 1425 2793 1496 ὀνομάζονται;
2823 1423 2905 1477 ἔτι
2940 1423 3048 1494 μὴν
3084 1423 3179 1476 καὶ
3208 1421 3375 1475 αὑτοῦ
3411 1421 3503 1475 τοῦ
3537 1418 3800 1491 σώματος

2204 1519 2356 1591 εἰμὴ
2383 1522 2448 1573 ὲκ
2476 1518 2572 1573 τοῦ
2606 1520 2837 1590 ἄρρενος
2868 1520 2902 1589 ἡ
2930 1518 3085 1571 πᾶσα
3112 1516 3279 1579 αίτία,
3312 1514 3450 1568 ἀλλὰ
3476 1515 3801 1583 συνεισάγει

2205 1629 2257 1665 τι
2287 1612 2383 1664 καὶ
2425 1610 2488 1664 τὸ
2540 1610 2705 1679 θῆλυ·
2748 1611 2845 1664 καὶ
2877 1612 2905 1663 ὁ
2939 1610 3060 1681 μὲν,
3095 1609 3170 1671 ὥς
3206 1608 3342 1676 φασί
3369 1624 3535 1671 τινες,
3566 1609 3639 1660 τά
3669 1626 3803 1660 στε-

2210 1702 2473 1775 ρεώτερα,
2510 1705 2543 1774 ή
2579 1704 2636 1756 δὲ
2669 1703 2734 1757 τὰ
2772 1703 3043 1774 ὑγρότερα
3093 1702 3337 1756 ἐνδίδωσι
3381 1701 3458 1772 τῷ
3499 1702 3802 1771 γινομένῳ,

519 1821 707 1871 unum,
749 1806 979 1870 scilicet,
1011 1818 1071 1861 nt
1105 1806 1262 1861 aiunt
1294 1806 1492 1877 aliqui,
1534 1805 1825 1868 solidiora,
1860 1808 2100 1859 alterum

2220 1794 2326 1856 πῶς
2365 1795 2486 1865 οὐχὶ
2529 1795 2624 1848 καὶ
2658 1794 2823 1848 αὐτοῦ
2862 1793 2959 1847 τοῦ
3017 1794 3216 1863 μέρους
3272 1792 3337 1844 ὲκ
3392 1793 3590 1861 μέρους
3642 1792 3806 1855 ὅντος

515 1870 769 1951 molliora
799 1898 986 1967 genito
1017 1897 1281 1966 praebeat,
1314 1870 1597 1966 quomodo
1618 1906 1675 1951 ct
1706 1895 1882 1967 ipsius
1927 1894 2103 1965 partis

2220 1891 2369 1942 ιῐτιοι
2398 1888 2663 1960 ἑκάτερος
2694 1888 3063 1959 μερικὼτατοί
3103 1904 3167 1956 γε
3201 1887 3422 1955 φανεῖεν
3452 1887 3671 1952 τοκέες;
3702 1886 3805 1951 οὒς

514 2003 584 2042 ex
614 1998 768 2057 parte
800 1988 1076 2043 venientis
1109 1997 1390 2053 auctores,
1444 1987 1834 2058 unusquisque
1880 1987 2103 2057 specia-

517 2078 637 2141 tim,
690 2094 801 2133 non
849 2078 1175 2133 viderentur
1224 2079 1529 2149 parentes?
1559 2078 1710 2144 Quos
1754 2078 1799 2132 si
1851 2092 1986 2132 vere
2034 2092 2104 2133 ex

517 2179 670 2239 parte
704 2181 891 2238 patres
925 2168 1112 2224 dicere
1140 2185 1251 2223 non
1288 2169 1475 2234 liceat,
1499 2169 1655 2239 juxta
1694 2170 1844 2239 leges
1877 2185 1907 2223 a
1944 2168 2107 2223 vobis

516 2260 828 2316 dialecticis
857 2262 1116 2325 sancitas,
1150 2277 1256 2316 nec
1285 2276 1419 2333 ergo
1453 2272 1611 2330 pater
1640 2261 1843 2331 aliquis
1864 2270 1951 2316 est
1974 2276 2107 2317 vero

518 2352 754 2423 alicujus
805 2352 1095 2406 hominum
1144 2352 1239 2422 qui
1286 2353 1456 2407 vitam
1502 2353 1738 2423 ingressi
1768 2360 1947 2407 sunt:
1995 2368 2108 2407 non

518 2445 669 2499 enim
695 2444 880 2499 carnis
907 2445 1082 2499 solius
1128 2445 1529 2500 convenienter
1576 2446 1779 2515 aliquis
1824 2445 2109 2501 diceretur

520 2542 698 2603 pater,
732 2549 835 2588 nec
867 2542 1065 2597 mater,
1106 2549 1210 2588 nec
1241 2533 1424 2599 ﬁlius;
1462 2534 1631 2604 igitur
1656 2550 1852 2589 omnes
1877 2536 2111 2591 fortuito

522 2638 652 2677 casu
684 2638 898 2691 sumus,
929 2639 1032 2679 nos
1071 2624 1166 2694 qui
1208 2624 1489 2679 nascimur
1521 2642 1534 2679 :
1568 2642 1711 2681 anne
1738 2626 1898 2683 vobis
1929 2628 2110 2683 mani-

523 2713 725 2769 festius
751 2715 1003 2770 exhiberi
1037 2725 1221 2786 potest
1249 2720 1688 2788 argumentum?

596 2804 786 2872 Quoad
847 2808 1163 2877 exemplum
1220 2808 1457 2863 abortivi
1487 2849 1502 2874 ,
1551 2809 1834 2879 quomodo
1884 2810 2113 2867 dicitis?

522 2896 700 2962 Anne,
725 2898 855 2967 quia
878 2906 963 2953 est
986 2914 1114 2969 pars
1137 2899 1466 2969 simpliciter
1485 2909 1543 2956 et
1565 2901 1973 2971 imperfectum,
2001 2917 2113 2959 non

524 2984 733 3041 dicitur
763 2985 932 3053 ﬁlius,
961 2998 1058 3043 aut
1093 2988 1222 3058 quia
1250 2989 1497 3045 nondum
1534 2991 1711 3047 vixit?
1758 2991 1816 3047 Si
1864 2993 1995 3064 quia
2027 3002 2116 3050 est

525 3076 936 3148 imperfectum,
965 3086 1022 3133 et
1060 3095 1190 3149 pars
1230 3080 1581 3151 simpliciter,
1604 3083 1885 3152 quomodo
1919 3084 2116 3141 dicun-

2207 1982 2365 2053 εῐπερ
2399 1984 2473 2053 μὴ
2522 1982 2675 2036 ἔστιν
2724 1980 2942 2052 άληθῶς
2974 1981 3040 2034 ὲκ
3080 1979 3283 2051 μέρους
3329 1981 3505 2032 εἰπεῖν
3534 1981 3805 2049 γεννήτο-

2209 2092 2333 2147 ρας,
2367 2074 2457 2128 διὰ
2496 2075 2567 2127 τὰ
2613 2074 2706 2143 ὑφ’
2741 2073 2897 2144 ὑμῶν
2945 2072 3056 2126 τῶν
3086 2071 3445 2125 διαλεκτικῶν
3474 2071 3812 2140 νομοθετού-

2213 2182 2373 2235 μενα,
2412 2163 2523 2217 οὐδ’
2570 2163 2680 2236 ἄρα
2718 2164 2910 2234 πατήρ
2959 2163 3046 2226 τίς
3093 2162 3210 2215 ἐστί
3248 2178 3396 2224 τινος
3435 2161 3543 2215 τῶν
3588 2163 3646 2214 ὲν
3702 2162 3810 2233 βίῳ

2209 2256 2583 2327 γεννηθέντων
2619 2255 2927 2328 ἀνθρώπων
2960 2254 3209 2326 άληθῶς·
3238 2254 3365 2308 οὐδὲ
3399 2254 3509 2325 γὰρ
3536 2255 3639 2324 τῆς
3668 2272 3813 2325 σαρ-

2210 2350 2305 2414 κδς
2343 2351 2514 2421 μόνης
2562 2349 2795 2413 δεόντως
2824 2348 3040 2417 λέγοιτο
3083 2347 3149 2402 ἄν
3177 2364 3264 2411 τις
3305 2347 3511 2417 πατὴρ,
3541 2347 3664 2400 οὐδὲ
3698 2349 3812 2419 μή-

2209 2460 2338 2515 τηρ,
2387 2443 2511 2497 οὐδὲ
2540 2443 2681 2507 υἱὸς,
2723 2442 2861 2497 ἀλλὰ
2892 2444 3097 2505 πάντες
3130 2442 3225 2494 ἀπ’
3250 2440 3563 2511 αὐτομάτου
3610 2441 3812 2511 ἐσμὲν,

2212 2538 2262 2591 oi
2290 2536 2611 2607 γενόμενον
2640 2536 2736 2591 καὶ
2768 2535 2855 2600 τίς
2885 2534 3091 2589 τούτων
3125 2534 3215 2605 εἴη
3248 2532 3381 2604 ὑμῖν
3426 2533 3816 2606 προφανέστε-

2216 2646 2308 2699 ρος
2334 2627 2589 2698 ἔλεγχος

2284 2810 2361 2864 Τὸ
2387 2808 2445 2863 δὲ
2480 2807 2833 2879 παράδειγμα
2856 2805 2952 2862 τοῦ
2991 2804 3446 2878 ὲξαμόλὼματος,
3484 2806 3603 2871 πῶς
3636 2825 3813 2876 φατες

2217 2895 2329 2973 ἆρα
2377 2900 2487 2971 γὰρ
2520 2900 2595 2964 ὠς
2634 2900 2803 2971 μέρος
2852 2897 3041 2963 ἁπλῶς
3097 2898 3192 2953 καὶ
3245 2897 3438 2962 ἀτελὲς
3474 2899 3536 2952 οὐ
3589 2898 3818 2968 λέγεται

2218 2994 2336 3059 υίὸς
2359 3033 2373 3055 ,
2415 2993 2449 3064 ἢ
2479 2992 2556 3058 ὡς
2588 2992 2662 3065 μὴ
2698 2992 2871 3062 ζῆσαν
2900 2989 3081 3058 οὔπως
3118 2992 3168 3045 εί
3198 2991 3296 3062 μὲν
3327 2990 3422 3045 οὖν
3459 2982 3536 3055 ὡς
3569 2989 3815 3058 ἐλλιπὲς,

2219 3087 2315 3140 καὶ
2347 3086 2424 3151 ὡς
2460 3085 2627 3157 μέρος
2672 3082 2883 3147 ἁπλῶς,
2919 3083 3039 3147 πῶς
3066 3082 3137 3136 τὰ
3164 3082 3367 3137 κολοϐά
3395 3084 3492 3137 καὶ
3537 3082 3609 3137 τά
3641 3085 3822 3155 τερά-

531 3178 621 3223 tur
644 3169 743 3223 lilii
778 3169 872 3240 qui
912 3172 1151 3225 truncati
1195 3179 1255 3227 et
1300 3174 1643 3229 monstruosi
1691 3174 1813 3230 sine
1852 3176 2115 3233 manibus

2223 3197 2347 3234 στια
2375 3179 2580 3251 χειρῶν
2611 3195 2673 3232 τε
2696 3176 2827 3231 ἄνευ
2849 3176 2944 3230 καὶ⁴
2972 3175 3151 3231 ποδῶν
3180 3175 3445 3240 πολλάκις
3472 3176 3569 3230 καὶ
3608 3176 3822 3247 ἑτέρων

527 3271 586 3317 et
615 3261 852 3332 pedibus
881 3278 1025 3333 saepe
1052 3272 1109 3318 et
1132 3263 1258 3319 aliis
1314 3265 1584 3321 membris
1638 3277 1965 3333 nascuntur,
1994 3286 2117 3325 cum

2226 3272 2433 3345 μορίων
2482 3270 2823 3342 γεννώμενα,
2869 3270 2978 3324 υίοὶ
3021 3268 3274 3338 λέγονται
3304 3270 3364 3323 ὲν
3409 3269 3545 3342 mn
3590 3270 3820 3343 ἀτελείᾳ

530 3354 589 3410 in
634 3356 725 3409 tali
758 3356 1178 3425 imperfectione
1206 3357 1359 3411 sint?
1381 3357 1526 3425 Quid
1552 3366 1609 3414 et
1638 3360 1822 3417 adhuc
1855 3360 1924 3417 de
1947 3362 2121 3417 Abra-

530 3442 661 3498 ham
704 3444 801 3514 qui
856 3446 1062 3500 multos
1122 3456 1251 3501 ante
1309 3462 1489 3504 annos
1533 3448 1829 3506 discedens
1888 3459 2121 3506 vocatur

530 3545 692 3607 pater
718 3537 1001 3593 israelitici
1032 3540 1249 3611 populi,
1284 3550 1343 3596 et
1370 3541 1438 3595 tle
1480 3542 1652 3596 David
1685 3544 1783 3613 qui
1816 3552 1942 3613 post
1970 3559 2123 3599 mor-

534 3636 649 3683 tem
699 3636 857 3699 pater
906 3630 1125 3684 Domini
1176 3630 1419 3686 dicitur?
1466 3632 1755 3689 Manifeste
1803 3634 1950 3689 enim
1997 3650 2124 3706 pars

534 3720 711 3790 ipsius
743 3731 961 3777 servata
996 3723 1317 3779 nominatur
1343 3724 1399 3779 in
1435 3726 1683 3780 futurum
1710 3735 1887 3797 pater,
1910 3728 2125 3783 scilicet

534 3815 742 3869 anima-
798 3816 855 3873 Si
901 3817 1070 3888 igitur
1110 3819 1226 3873 sola
1258 3834 1391 3889 pars
1433 3818 1627 3873 vivens
1666 3819 1811 3875 ﬁlius
1859 3829 1916 3875 et
1964 3829 2124 3890 pater

535 3908 815 3964 nominari
840 3909 1064 3975 debeat,
1095 3909 1227 3980 quid
1264 3910 1498 3980 impedit
1523 3911 1656 3980 quin
1686 3911 1836 3966 ﬁlius
1857 3928 1923 3966 ex
1966 3924 2125 3983 parte

536 3999 734 4055 vivens
788 4001 1145 4057 nominetur?
1203 4000 1556 4057 Manifestum
1611 4011 1698 4056 est
1746 4004 1915 4074 igitur
1974 4005 2126 4075 quod

537 4091 687 4146 ﬁlius
723 4108 834 4146 non
870 4092 1090 4161 iicitur,
1122 4094 1253 4163 quia
1288 4095 1399 4148 vita
1426 4102 1599 4160 caret,
1630 4109 1740 4148 non
1773 4103 1961 4151 autem
1997 4097 2128 4167 quia

538 4193 624 4239 est
672 4199 823 4254 pars.
872 4200 1081 4256 nsuper
1134 4186 1554 4257 arcbisynagogi
1608 4187 1814 4257 neptis,
1866 4197 1923 4243 et
1979 4188 2127 4245 ﬁlius

538 4278 743 4343 viduae,
765 4287 823 4334 et
855 4279 950 4351 qui
983 4280 1188 4335 mortui
1233 4289 1369 4336 sunt
1394 4290 1523 4336 ante
1565 4290 1830 4351 parentes
1863 4283 2038 4346 vivos,
2079 4285 2127 4339 si

540 4380 691 4427 recte
738 4373 895 4429 vobis
942 4373 1205 4429 videntur
1258 4375 1315 4429 in
1374 4374 1676 4446 Evangelio
1714 4376 1825 4431 ﬁlia
1872 4387 1928 4432 et
1982 4376 2128 4432 ﬁlius

540 4464 725 4520 adhuc
772 4465 962 4520 vocari
1018 4474 1247 4536 prepter
1298 4466 1545 4536 ipsorum
1582 4468 1795 4523 animas
1823 4462 2075 4524 viventes
2112 4485 2125 4522 ;

2222 3363 2355 3417 ὄντα
2387 3365 2621 3435 μερικῇς
2649 3361 2730 3416 ἔτι
2758 3362 2814 3416 δὲ
2841 3361 2894 3416 τί
2926 3360 2992 3416 ἂν
3024 3361 3245 3431 φαίητε,
3286 3359 3545 3432 Ἀϐραὰμ
3572 3359 3668 3415 τοῦ
3710 3362 3822 3433 πρὸ

2223 3456 2494 3511 πλείστων
2524 3454 2662 3509 ἑτῶν
2690 3453 3060 3527 ἀποιχομένου
3103 3453 3449 3525 καλουμένου
3486 3454 3695 3526 πατρὸς
3724 3456 3823 3511 τοῦ

2236 3547 2569 3619 Ἰσραηλίτου
2591 3548 2746 3613 λαοῦ,
2780 3549 2875 3601 καὶ
2902 3547 3066 3602 Δαὸὶδ
3090 3547 3227 3618 μετὰ
3250 3546 3480 3602 θάνατον
3503 3548 3716 3617 πατρὸς
3732 3548 3824 3603 λε-

2224 3643 2457 3714 γομένου
2488 3643 2580 3697 τοῦ
2605 3643 2813 3712 Κυρίου
2836 3660 2850 3705 ;
2882 3644 3070 3711 σαφῶς
3094 3642 3204 3714 γὰρ
3228 3642 3292 3695 τδ
3320 3643 3628 3715 σωζόμενον
3653 3643 3825 3714 μέρος

2224 3731 2392 3786 αὑτοῦ
2420 3732 2752 3803 ὀνομάζεται
2773 3731 2958 3786 λοιπὸν
2986 3732 3192 3807 πατὴρ,
3215 3732 3430 3802 ἤγουνὴ
3453 3731 3622 3802 ψυχή.
3642 3731 3706 3786 El
3730 3729 3824 3787 οὖν

2226 3826 2344 3878 ἔστι
2389 3825 2553 3896 μέρος
2589 3824 2749 3895 μόνον
2770 3823 2880 3888 ζῶν
2912 3822 3278 3894 ὀνομάζεσθαι
3306 3823 3420 3879 υἱὸν
3446 3824 3542 3878 καὶ
3580 3827 3824 3897 πατέρα,

2224 3915 2279 3969 τί
2304 3916 2501 3971 κωλύει
2528 3917 2623 3969 καὶ
2637 3916 2755 3969 υίὺν
2784 3900 3147 3986 ὀνομάζεσθαι
3174 3917 3238 3969 ὲκ
3263 3915 3357 3969 τοῦ
3384 3917 3587 3987 μέρους
3607 3918 3668 3971 τὸ
3686 3917 3822 3986 ζῶνς

2226 4008 2382 4079 δῆλον
2412 4008 2542 4079 ἄρα,
2575 4009 2657 4061 ὅτι
2693 4008 2791 4079 οὐχ
2825 4008 2901 4072 ὡς
2942 4009 3127 4079 μέρος,
3160 4008 3275 4061 ἀλλ’
3302 4007 3379 4073 ὡς
3418 4011 3595 4075 ἄζωον
3624 4012 3687 4064 οὔ
3744 4013 3828 4065 λέο

2227 4120 2386 4172 γεται
2422 4103 2485 4155 τὸ
2517 4100 2593 4173 μὴ
2624 4101 2916 4173 λεγόμενον
2954 4104 3099 4166 υἱός·
3143 4101 3224 4156 ἔτι
3262 4102 3367 4173 μὴν
3404 4102 3499 4157 τοῦ
3553 4105 3824 4176 ἀρχισυν-

2231 4193 2449 4263 αγώγου
2506 4193 2569 4247 τὸ
2624 4192 2935 4263 Θυγάτριον,
2972 4192 3070 4246 καὶ
3095 4194 3123 4247 ὁ
3195 4192 3308 4257 υίὸς
3337 4196 3436 4265 τῆς
3486 4194 3688 4266 χήρας,
3723 4196 3822 4250 καὶ

2233 4287 2767 4360 προτε).ευτήσαντες
2821 4286 2930 4339 τῶν
2992 4285 3210 4351 ζώντων
3264 4286 3488 4354 γονέων,
3541 4289 3591 4339 εί
3642 4288 3829 4359 ὀρθῶς

2233 4380 2361 4451 ὑμῖν
2389 4379 2643 4435 δοκοῦσιν
2666 4380 2723 4432 ἐν
2748 4379 2829 4451 τῷ
2858 4377 3180 4449 Εὑαγγελίῳ
3208 4377 3457 4451 Θυγάτηρ
3485 4396 3547 4432 τε
3573 4380 3668 4433 καὶ
3712 4383 3830 4446 υἱὸς

2234 4471 2314 4525 ἔτι
2345 4471 2602 4540 λέγεσθαι
2635 4471 2728 4525 ἐπὶ
2750 4473 2870 4534 ταῖς
2898 4470 3103 4537 ζὼσαις
3148 4471 3329 4524 αὐτῶν
3356 4470 3558 4541 ψυχαῖς
3576 4488 3589 4503 ·
3630 4472 3742 4527 ἰδοὺ
3767 4474 3831 4527 τὸ

541 4572 677 4612 ecce
717 4573 746 4611 a
781 4558 942 4613 vobis
970 4559 1287 4613 confessum
1326 4567 1412 4612 est
1444 4567 1657 4628 partem
1701 4576 1824 4615 esse
1869 4560 2043 4614 ﬁlium
2073 4568 2117 4615 el

2240 4565 2406 4637 μέρος
2435 4565 2528 4618 καὶ
2554 4564 2683 4635 ὑμῖν
2713 4563 3059 4633 ὁμολογεῖται
3096 4558 3235 4617 εἶναι
3268 4563 3385 4628 υίὸς
3424 4565 3519 4618 καὶ
3542 4564 3827 4636 θυγάτηρ·

544 4647 715 4702 ﬁliam
749 4665 761 4702 :
800 4658 883 4703 est
928 4649 1099 4719 igitur
1136 4658 1389 4719 apertum
1439 4652 1609 4720 quod,
1645 4653 1776 4722 quia
1832 4668 1943 4707 non
1991 4653 2132 4707 vivit

546 4739 813 4809 primum,
839 4757 1018 4812 neque
1037 4742 1167 4812 quia
1194 4750 1281 4796 est
1311 4758 1439 4813 pars
1463 4745 1815 4814 simpliciter,
1845 4745 1993 4801 ﬁlius
2018 4761 2132 4801 non

547 4830 754 4886 dicitur
787 4831 1100 4889 abortivus.
1130 4832 1187 4888 Si
1218 4834 1366 4889 enim
1396 4836 1567 4891 multa
1594 4844 1652 4890 et
1682 4836 1939 4891 informia
1971 4837 2134 4892 abor-

551 4924 791 4979 tivorum
823 4939 1058 4995 corpora
1097 4924 1281 4980 anima
1298 4925 1663 4991 donarentur,
1703 4926 1802 4981 ﬁlii
1844 4927 2041 4982 ﬁerent
2076 4935 2134 4981 et

549 5017 923 5072 dicerentur:
968 5027 1228 5072 caeterum
1280 5034 1393 5073 non
1450 5019 1584 5073 illud
1630 5019 1890 5083 dicimus,
1933 5034 2136 5089 nempe

549 5123 715 5164 omne
746 5118 960 5179 partem
1007 5118 1065 5164 et
1102 5108 1276 5164 ﬁlium
1310 5125 1456 5175 esse,
1508 5111 1605 5165 sed
1648 5111 1808 5165 vobis
1857 5110 2137 5165 immerito

550 5200 734 5255 visum
796 5198 969 5256 fuisse
1029 5216 1203 5254 unum
1267 5200 1445 5255 ﬁlium
1510 5217 1577 5255 ex
1644 5211 1803 5272 parte
1852 5217 2137 5273 nunquam

526 5292 779 5363 proprie
842 5293 1154 5359 nominari,
1208 5302 1305 5350 aut
1354 5310 1422 5351 ex
1470 5303 1628 5366 parte
1679 5309 1966 5365 nunquam
2018 5312 2141 5353 esse

553 5397 791 5457 patrem.

629 5480 736 5534 Sed
779 5488 1049 5551 praeterea
1096 5480 1366 5537 addemus
1409 5497 1511 5537 nos
1557 5481 1827 5538 aﬁirmarc
1857 5481 2143 5539 Christum

555 5583 679 5626 esse
705 5585 818 5625 non
842 5587 910 5625 ex
939 5580 1098 5643 parte
1121 5572 1473 5644 simpliciter,
1503 5574 1601 5629 sed
1642 5590 1711 5629 ex
1743 5582 1858 5630 toto
1881 5575 2147 5631 uniuscu-

555 5664 759 5733 jusque
793 5664 1028 5733 Filium,
1056 5665 1191 5722 licet
1240 5666 1354 5721 sint
1381 5667 1622 5723 diversa:
1656 5668 1897 5738 partium
1933 5684 2058 5739 quae
2088 5669 2145 5724 in

563 5753 685 5824 ipso
734 5765 864 5811 sunt
915 5756 1214 5814 ﬁliationes
1244 5777 1259 5813 :
1289 5760 1543 5830 corporis
1590 5760 1801 5817 Christi
1849 5776 2016 5817 causa
2063 5771 2150 5818 est

566 5858 761 5905 sancta
788 5849 955 5922 Virgo
986 5866 1111 5923 quae
1138 5851 1350 5924 aliquid
1393 5869 1566 5911 unum
1611 5854 1774 5914 istius
1821 5855 2074 5926 cerporis
2117 5872 2148 5914 a

2233 4659 2342 4731 ἄρα
2378 4652 2473 4711 οὖν
2508 4656 2677 4726 σαφές
2710 4658 2859 4710 ἐστιν
2908 4656 2989 4709 ὅτι
3039 4655 3115 4719 ὡς
3172 4656 3247 4726 μὴ
3300 4654 3409 4720 ζῶν
3439 4654 3696 4727 πρώτως,
3733 4661 3831 4711 καὶ

2234 4751 2334 4822 οὐχ
2360 4750 2436 4815 ὡς
2465 4750 2630 4821 μέρος
2664 4750 2873 4814 ἁπλῶς,
2904 4750 2964 4803 οὐ
3008 4749 3227 4817 λέγεται
3276 4750 3393 4813 υἱὸς
3433 4749 3492 4803 τὸ
3536 4749 3825 4814 ἐξάμδλω-

2240 4859 2345 4915 μα·
2403 4842 2572 4896 πολλὰ
2630 4842 2739 4913 γάρ
2791 4842 2887 4896 καὶ
2944 4841 3276 4914 ἀτελέστερα
3351 4841 3461 4895 τῶν
3540 4841 3833 4913 ἐξαμϐλω-

2241 4937 2429 5007 μάτων
2462 4935 2599 5000 ὅλως
2649 4936 2697 4988 εί
2745 4935 3049 5007 ψυχωθεῖεν
3096 4932 3347 5007 σώματα,
3398 4935 3505 4988 υίοὶ
3529 4937 3833 5005 γεννῶνται

2239 5030 2335 5083 καὶ
2362 5029 2644 5099 λέγονται·
2677 5031 2813 5083 ὅπου
2842 5046 2906 5098 γε
2945 5028 3079 5102 πρὸς
3098 5030 3286 5092 πᾶσιν,
3322 5028 3444 5082 οὐδὲ
3476 5028 3637 5083 τοῦτο
3663 5031 3830 5100 ἡμεῖς

2241 5139 2445 5194 φαμεν,
2491 5123 2576 5176 ὅτι
2617 5123 2724 5175 πᾶν
2775 5121 2981 5193 μέρος,
3035 5122 3130 5174 καὶ
3176 5119 3330 5185 υἱός⁸
3371 5119 3489 5173 ἀλλ’
3528 5120 3612 5173 ὅτι
3642 5120 3832 5185 κακῶς

2243 5217 2371 5287 ὑμῖν
2403 5215 2573 5281 ἔδοξε,
2605 5214 2740 5287 μηδὲ
2776 5209 2856 5279 εἷς
2904 5214 3017 5279 υἱὸς
3042 5214 3105 5267 ὲκ
3133 5213 3336 5285 μέρους
3367 5210 3585 5266 πώποτε
3625 5213 3835 5285 κυρίως

2242 5308 2630 5381 ὀνομάζεσθαι,
2662 5308 2694 5379 ἣ
2723 5308 2788 5361 ὲκ
2823 5307 3024 5379 μέρους
3068 5307 3251 5378 πατὴρ
3277 5302 3437 5359 εἶναι.

2330 5486 2490 5541 Ἀλλὰ
2522 5485 2659 5557 πρὸς
2684 5483 2896 5547 τούτοις
2921 5483 3156 5554 ἐροῦμεν
3182 5484 3247 5536 ὲκ
3272 5472 3597 5555 περιουσίας
3622 5483 3719 5537 καὶ
3758 5484 3835 5548 ὡς

2247 5581 2413 5653 ἡμεῖς
2456 5578 2578 5632 οὐδὲ
2620 5579 2685 5630 ἐκ
2705 5575 2907 5647 μέρους
2950 5575 3158 5641 ἁπλῶς,
3189 5574 3327 5629 ἀλλὰ
3354 5577 3448 5641 καὶ
3483 5576 3547 5630 ἐκ
3578 5576 3673 5629 τοῦ
3710 5576 3835 5631 ὅλου

2250 5671 2378 5724 Υίὺν
2407 5667 2671 5738 ἐκατέρου
2706 5665 2886 5737 φαμὲν
2930 5665 3023 5719 τὸν
3057 5665 3294 5736 Χριστὸν
3332 5660 3494 5731 εἶναι,
3531 5668 3745 5737 υίότησι
3775 5667 3836 5720 δὲ

2250 5763 2528 5836 διαφόροις
2550 5761 2657 5817 τῶν
2688 5763 2745 5817 ὲν
2772 5759 2922 5832 αὐτῷ
2951 5758 3133 5833 μερῶν
3155 5775 3169 5791 ·
3200 5759 3297 5812 τοῦ
3333 5776 3393 5812 τε
3438 5758 3549 5832 γάρ
3579 5761 3837 5829 σώματος

2250 5854 2489 5927 Χριστοῦ
2524 5853 2586 5908 τὸ
2620 5851 2723 5924 μέν
2738 5870 2790 5907 τι
2818 5850 2964 5907 κατὰ
2988 5848 3148 5921 φύσιν
3177 5849 3285 5906 ἀπὸ
3300 5848 3434 5905 Θεοῦ
3455 5849 3544 5905 διὰ
3572 5853 3681 5905 τῶν
3702 5864 3834 5917 προ-
