4116 6444
374 429 509 491 1609

1328 436 1726 497 ADVERSUS
1765 436 2311 501 NESTORIANOS.
2341 466 2409 475 --
2442 442 2593 503 ‘LIB.
2639 442 2751 501 ΙἸῙ.

3520 441 3653 509 ιῦίθ

360 546 536 615 γόνων
590 542 834 595 λαϐοῦσα
883 544 1034 597 αἰτία
1094 544 1188 599 τοῦ
1244 541 1382 600 εἶναι
1422 549 1616 618 ήάγία
1670 549 1946 621 Παρθένος

2055 554 2169 608 Deo
2202 571 2300 623 per
2326 564 2586 625 parentes
2633 555 2869 623 accepit,
2912 563 2969 608 et
3013 554 3223 625 aliquid
3253 556 3487 612 alterum
3519 574 3653 628 pro-

361 639 501 701 ἐστὶ,
534 637 594 692 τὸ
623 636 679 692 δὲ
711 639 805 691 καὶ
837 637 983 699 ἰδίως
1016 640 1079 693 ὲκ
1113 639 1208 693 τοῦ
1258 642 1417 710 ἁγίου
1448 643 1772 713 Πνεύματος
1800 644 1957 697 δυνα-

366 731 633 802 μωθεῖσα,
668 730 771 801 τῆς
809 749 871 785 τε
922 733 1103 804 ψυχῆς
1137 732 1303 788 αὐτοῦ
1341 736 1528 806 μήτηρ
1563 736 1734 801 ἐστὶν,
1771 735 1830 801 ἐξ
1860 737 1959 788 αύ-

360 828 463 895 της
497 825 635 897 πρὸς
664 824 762 896 τὴν
795 828 1034 898 φυσικὴν
1064 827 1157 880 τοῦ
1192 828 1325 881 ίδίου
1356 829 1661 897 ἐνδύματος
1691 828 1956 897 συζυγίαν

361 919 937 991 νυμφοσςολουμένης,
993 922 1087 975 καὶ
1136 922 1213 986 ὼς
1249 925 1313 975 ὲκ
1348 923 1597 992 βαλϐίδος
1651 925 1795 987 τινὸς
1851 941 1957 977 πα-

364 1012 491 1065 στοῦ
529 1013 687 1079 ἀγίου
719 1016 785 1084 τῇ
813 1014 909 1066 ἀπ’
942 1014 1115 1083 αὐτῆς
1158 1017 1412 1087 γεννήσει
1444 1019 1525 1081 εἰς
1556 1018 1618 1069 τὸ
1652 1013 1791 1070 εἶναι
1820 1032 1955 1086 προ-

362 1103 539 1156 ελθεῖν
574 1102 679 1157 ὑπὸ
730 1104 868 1158 Θεοῦ
923 1106 1302 1177 τεταγμένηςο
1344 1109 1438 1161 καὶ
1484 1109 1586 1177 τῆς
1610 1107 1862 1176 θεότητος
1899 1108 1956 1163 δὲ

362 1195 553 1261 αὑτοῦ,
608 1196 816 1269 ἀληθὴς
849 1199 1174 1269 γεννήτειρα
1214 1201 1329 1252 ἐστι
1361 1199 1456 1253 τοῦ
1503 1200 1678 1268 Λόγου
1731 1199 1825 1253 τοῦ
1860 1201 1955 1254 ἀπ’

362 1285 578 1341 αἰώνων
615 1289 861 1358 ἀσάρκου
908 1289 1004 1341 καὶ
1032 1290 1333 1343 ἀσυνθέτου
1364 1291 1423 1358 ἐξ
1450 1291 1622 1362 αὐτῆς
1645 1290 1953 1362 ἀρξαμένου

360 1381 458 1449 τῆς
494 1380 634 1449 μετὰ
669 1381 871 1451 σαρκὸς
904 1382 1152 1453 ἐμψύχου
1180 1385 1589 1456 συνυπάρξεως,
1621 1385 1688 1437 δι’
1719 1386 1953 1439 ὑποστα-

361 1470 520 1540 τικῆς
556 1469 804 1534 ὲνώσεως
839 1472 919 1534 είς
952 1473 1237 1543 πλήρωσιν
1288 1473 1389 1544 τῆς
1438 1476 1642 1538 οἰκείας
1680 1475 1950 1537 εὐδοκίας.

361 1561 574 1615 Οὐκοῦν
601 1564 648 1614 εί
684 1564 779 1616 καὶ
825 1563 900 1632 μὴ
937 1563 1221 1629 ὡσαύτως,
1253 1564 1367 1618 ἀλλ’
1404 1566 1553 1637 ὅμως
1599 1566 1817 1621 πάντων
1846 1568 1954 1619 τῶν

363 1654 603 1724 Χριστοῦ
652 1656 837 1726 μερῶν
900 1657 1085 1727 μήτηρ
1137 1660 1233 1711 καὶ
1280 1658 1378 1712 τοῦ
1432 1659 1555 1712 ὅλου
1607 1660 1714 1730 ἄρα
1750 1662 1783 1730 ή
1820 1661 1954 1729 ἀγία

362 1745 667 1817 Παρθένος·
711 1746 891 1818 ἀρχῆς
924 1750 1034 1818 γάρ
1073 1765 1219 1813 τινος
1264 1749 1343 1820 τῷ
1370 1751 1699 1822 γεννωμένῳ
1734 1750 1954 1815 πάντως

359 1840 531 1902 αἴτιος
563 1840 593 1892 ό
621 1840 874 1893 ὁπωσοῦν
913 1840 1207 1911 λεγόμενός
1246 1859 1371 1896 τινα
1404 1843 1667 1913 γεννῆσαι
1709 1843 1949 1913 ἀληθῶς,

2060 648 2179 717 prie
2205 665 2236 702 e
2268 659 2460 703 sancto
2491 648 2703 718 Spiritu
2733 647 3078 714 elformavit;
3122 658 3206 703 est
3233 649 3404 704 etiam
3454 661 3652 715 mater.

2058 743 2180 811 ejus
2209 742 2408 796 animae
2432 758 2555 812 quas
2589 741 2817 812 quidem
2853 741 2920 795 ad
2958 742 3213 797 naturale
3238 743 3451 813 proprii
3485 744 3654 800 indu-

2059 834 2233 889 menti
2266 834 2586 905 conjugium
2613 849 2815 905 sponsa
2845 842 3043 888 oruata
3078 834 3244 889 ducta
3269 834 3398 899 fuit,
3424 844 3483 890 et
3514 836 3593 891 ita
3620 852 3652 892 a

2059 928 2172 981 Deo
2200 927 2467 997 disposita
2509 936 2596 981 est
2626 936 2688 981 ut
2734 927 2916 982 exiret
2946 926 3013 980 ad
3065 926 3449 982 exsistcndum
3490 928 3650 998 quasi

2057 1036 2087 1074 e
2121 1022 2380 1091 repagulo
2414 1021 2651 1091 alicujus
2691 1020 2819 1075 lecti
2861 1019 3126 1090 nuptialis
3179 1021 3378 1082 Sancti.
3416 1036 3652 1092 genera-

2061 1115 2209 1168 tione
2267 1114 2336 1168 ab
2391 1114 2507 1184 ipsa
2550 1123 2819 1184 accepta:
2854 1123 2910 1168 et
2958 1114 3271 1169 divinitatis
3315 1115 3460 1184 ejus,
3520 1130 3653 1169 vera

2057 1207 2297 1277 genitrix
2330 1216 2417 1263 est
2456 1206 2623 1261 Verbi
2656 1208 2805 1277 quod
2852 1216 2973 1261 erat
3007 1224 3037 1262 a
3078 1207 3295 1262 seculis
3328 1206 3449 1261 sine
3483 1221 3653 1262 carne

2055 1308 2111 1354 et
2140 1299 2591 1369 incompositum,
2637 1299 2896 1369 quodque
2934 1315 3034 1369 per
3073 1300 3249 1369 ipsam
3292 1298 3499 1369 incepit
3527 1299 3652 1354 aui-

2057 1395 2184 1447 mati
2214 1408 2339 1448 cum
2367 1408 2536 1449 carne
2578 1392 3051 1457 coexsistentiam,
3100 1408 3201 1462 per
3248 1392 3651 1463 hypostatieam

2056 1488 2338 1551 unionem,
2375 1486 2443 1541 ad
2493 1487 2877 1557 complendum
2924 1487 3208 1557 propriam
3242 1486 3647 1555 apparentiam.

2055 1579 2227 1650 Igitur
2265 1577 2485 1633 etiamsi
2517 1593 2627 1632 non
2655 1578 2851 1631 eodem
2875 1577 3061 1639 modo,
3090 1575 3191 1631 sed
3216 1591 3372 1644 teque
3401 1578 3649 1629 omnium

2051 1671 2264 1728 Christi
2310 1672 2551 1742 partium
2603 1681 2779 1726 mater
2828 1680 2885 1725 et
2929 1670 3102 1726 totius
3148 1678 3301 1724 certe
3332 1678 3420 1723 est
3455 1679 3649 1725 sancta

2054 1752 2269 1835 Vir'go:
2320 1764 2559 1835 alicujus
2598 1765 2749 1819 enim
2793 1762 3029 1833 originis
3081 1762 3275 1832 genito
3329 1769 3525 1816 auctor
3565 1771 3651 1817 est

2056 1858 2284 1913 omnino
2310 1858 2406 1927 qui
2431 1857 2639 1912 dicitur
2681 1872 3019 1927 quocunque
3047 1855 3213 1910 modo
3246 1854 3485 1925 aliquem
3519 1870 3649 1910 vero

356 1932 419 1987 ού
453 1931 640 2002 μέντοι
672 1934 890 1996 πάντως
912 1933 1012 2003 τῆς
1060 1932 1154 1986 τοῦ
1188 1931 1331 1988 εἶναι
1357 1935 1421 1988 ὲκ
1446 1936 1520 2006 μὴ
1550 1935 1744 1989 ὄντων·
1776 1937 1809 2007 ἦ
1842 1937 1946 2008 γὰρ

2054 1952 2334 2022 genuisse,
2361 1966 2472 2005 non
2501 1959 2684 2005 tamen
2717 1950 2945 2004 omnino
2980 1949 3213 2019 originis
3242 1964 3407 2018 quam
3438 1963 3503 2002 ex
3534 1963 3648 2004 non

359 2029 426 2081 ἂν
467 2026 631 2092 οῦτω,
667 2028 789 2082 οὐδὲ
822 2028 943 2081 καθ’
979 2028 1143 2083 αὑτὸν
1191 2030 1220 2082 ό
1274 2029 1473 2097 Λόγος,
1503 2028 1665 2099 φύσει
1702 2030 1833 2093 Υἱὸς
1878 2026 1946 2102 ἦν

356 2120 451 2174 τοῦ
482 2122 697 2193 Πατρός
717 2137 730 2150 ·
763 2121 823 2174 οὺ
858 2122 968 2192 γὰρ
1007 2123 1088 2183 εἰς
1111 2120 1173 2174 τὸ
1202 2116 1345 2177 εἶναι
1378 2123 1444 2177 ὲκ
1472 2125 1551 2197 μὴ
1580 2123 1753 2179 ὄντων
1781 2124 1946 2194 γεγέ-

356 2230 517 2287 νηται
543 2215 635 2268 ὑπ’
661 2214 832 2269 αὐτοῦ
863 2216 891 2269 ὁ
921 2215 1214 2281 συναῖδιος.

971 2437 1016 2490 Κ
1026 2437 1223 2493 ΕΦΑΛ.
1266 2437 1340 2493 Γ’.

429 2550 553 2604 Ἔτι
589 2551 787 2620 φασὶν,
826 2553 874 2605 εί
907 2552 969 2604 ἐκ
1007 2553 1207 2623 μέρους
1258 2553 1288 2605 ό
1338 2554 1572 2625 Χριστὸς
1616 2552 1771 2623 ὑμῶν
1822 2552 1950 2617 Υἱὸς

352 2644 513 2710 Θεοῦ,
564 2645 657 2697 καὶ
711 2646 776 2698 ὲκ
816 2645 1015 2715 μέρους
1065 2646 1172 2715 ἄρα
1219 2646 1353 2710 Θεὸς
1397 2646 1664 2716 δηλονότι,
1709 2648 1805 2702 καὶ
1837 2647 1935 2718 οὐχ

353 2739 496 2803 ὅλος,
525 2737 754 2809 ἡμίθεος
788 2738 915 2810 ἄρα.
959 2739 1097 2793 Ἀλλ’
1130 2741 1262 2811 ἡμῖν
1304 2741 1427 2804 ὅλος
1455 2742 1587 2803 Θεὸς
1632 2758 1946 2814 προσκυνη-

352 2832 446 2896 τδς
476 2823 556 2895 εἷς
592 2834 619 2885 ὁ
654 2832 892 2902 Χριστός
917 2846 930 2860 '
970 2831 1065 2884 τοῦ
1102 2832 1200 2903 μὲν
1234 2833 1342 2885 τῶν
1370 2836 1427 2886 ὲν
1452 2833 1602 2904 αὐτῷ
1627 2833 1705 2904 τῷ
1740 2834 1820 2887 ὲνὶ
1842 2833 1948 2904 ὅλῳ

357 2924 561 2996 μερῶν,
594 2924 716 2978 κατ’
748 2924 941 2977 οὐσίαν
966 2925 1120 2988 ὄντος
1150 2925 1360 2979 τελείου
1389 2926 1532 2979 θείου
1552 2943 1565 2957 ·
1592 2926 1687 2979 τοῦ
1719 2926 1775 2979 δὲ
1805 2926 1947 2980 κατά

357 3018 650 3089 μετουσίαν
679 3017 775 3071 τοῦ
803 3018 1083 3087 ήνωμένου
1115 3017 1265 3089 αὐτῷ
1299 3020 1420 3071 κατ’
1450 3018 1639 3071 ούσίαν
1666 3018 1811 3071 θείου
1846 3019 1947 3089 μέ-

355 3127 483 3182 ρους
509 3126 525 3141 ο
560 3111 609 3162 εί
638 3109 696 3163 δὲ
745 3111 877 3181 ἡμῖν
907 3110 998 3163 τὸν
1029 3108 1266 3180 Χριστὸν
1297 3110 1433 3163 διότι
1462 3109 1524 3161 τὸ
1557 3109 1615 3161 ἓν
1648 3108 1815 3180 μέρος
1850 3108 1945 3161 αύ-

352 3201 451 3259 τοῦ
490 3203 651 3273 μόνον
681 3201 795 3274 ἔχει
829 3203 894 3256 τὸ
935 3201 1096 3272 φύσει
1119 3201 1283 3263 θεῖον,
1310 3200 1539 3273 ἡμίθεον
1574 3202 1837 3270 συνάγετε
1869 3197 1943 3255 εί-

2051 2043 2447 2099 exsistentibus
2480 2044 2724 2099 extrahit
2757 2060 2769 2097 :
2817 2052 2969 2099 certe
3013 2042 3163 2097 enim
3203 2042 3298 2107 ita,
3347 2055 3458 2096 non
3496 2055 3646 2111 apua

2050 2137 2258 2207 ipsum,
2306 2137 2550 2193 Verbum
2594 2137 2768 2191 Filius
2806 2143 2927 2191 erat
2967 2133 3196 2189 Patris:
3234 2149 3343 2189 non
3392 2133 3541 2189 enim
3582 2142 3647 2188 ut

2047 2239 2196 2286 esset
2244 2246 2312 2284 ex
2363 2247 2474 2285 non
2526 2229 2929 2285 exsistentibus
2976 2228 3225 2299 genitum
3276 2234 3363 2281 est
3409 2226 3480 2281 ab
3523 2226 3645 2297 ipso

2046 2333 2383 2380 coaeternum
2394 2365 2407 2379 .

2695 2436 2847 2493 CAP.
2890 2438 2982 2493 Ill.

2121 2548 2321 2606 Adhuc
2357 2550 2648 2621 inquiunt,
2680 2549 2726 2603 si
2765 2565 2831 2603 ex
2871 2557 3029 2619 parte
3059 2547 3316 2604 Christus
3340 2558 3525 2605 vester
3560 2559 3645 2607 est

2048 2642 2146 2697 Dei
2178 2643 2375 2709 Filius,
2400 2652 2457 2699 ct
2484 2660 2552 2699 ex
2583 2652 2740 2713 parte
2780 2636 2933 2697 certe
2970 2643 3139 2707 Deus,
3176 2642 3531 2698 manifestum
3559 2653 3646 2699 est

2050 2737 2200 2807 quod
2231 2753 2343 2793 non
2370 2744 2539 2799 totus,
2570 2736 2667 2791 sed
2696 2735 3006 2792 semi-Deus
3038 2745 3142 2791 est.
3190 2736 3451 2791 Attamen
3480 2737 3646 2792 nobis

2052 2838 2204 2885 totus
2256 2831 2404 2885 Deus
2442 2830 2745 2885 adorabilis
2792 2844 2939 2884 unus
2978 2828 3277 2884 Christus:
3320 2830 3452 2884 hinc
3492 2830 3645 2885 enim

2049 2923 2248 2977 suntin
2270 2923 2390 2993 ipso
2410 2938 2522 2977 uno
2550 2930 2667 2977 toto
2689 2932 2877 2992 partes
2907 2938 3029 2991 qua:
3052 2922 3163 2977 sint
3187 2922 3491 2977 secundum
3509 2921 3647 2979 sub-

2047 3018 2306 3071 stantiam
2342 3016 2623 3087 perfectus
2652 3016 2820 3079 Deus,
2854 3014 3119 3086 illincque
3156 3031 3287 3084 pars
3320 3015 3507 3069 divina
3543 3030 3645 3087 per

2047 3110 2531 3180 participationem
2561 3109 2664 3180 ipsi
2693 3108 3001 3163 secundum
3027 3108 3396 3163 substantiam
3430 3106 3643 3182 unitur)

2049 3201 2106 3257 Si
2148 3216 2283 3256 vero
2329 3210 2524 3257 contra
2567 3216 2668 3255 nos
2717 3198 3027 3262 Christum,
3078 3197 3208 3268 quia
3254 3212 3419 3251 uuam
3471 3195 3646 3266 ipsius

352 3312 464 3357 ναι,
510 3296 665 3348 αὐτοὶ
713 3295 850 3366 μηδὲ
901 3294 964 3349 τὸ
1026 3295 1146 3348 ὅλον
1186 3294 1324 3364 μηδὲ
1359 3294 1521 3365 μέρος
1572 3294 1737 3364 φύσει
1797 3294 1941 3348 θεῖον

2049 3301 2257 3362 partem
2305 3294 2478 3348 solam
2527 3292 2697 3347 habet
2750 3299 2949 3346 natura
2998 3290 3265 3353 divinam,
3311 3288 3645 3344 semi-deum

353 3389 637 3453 παντελῶς
660 3391 719 3443 ἐν
748 3390 903 3460 αὐτῷ
932 3389 1161 3453 εἰδότες,
1191 3388 1353 3459 δῆλον
1375 3388 1450 3452 ὡς
1479 3388 1600 3442 οὐδὲ
1630 3388 1768 3452 ὅλως
1788 3388 1941 3453 Θεὸν,

351 3482 492 3541 ἀλλὰ
525 3482 682 3553 ψιλὸν
740 3482 1031 3555 ἄνθρωπον
1060 3483 1240 3553 πάντη
1278 3482 1402 3538 καθ’
1431 3483 1581 3553 ἡμᾶς
1609 3477 1751 3535 εἴναι
1782 3481 1948 3549 γινὼ-

354 3591 515 3628 σκετε
552 3575 741 3629 αὐτόν.

960 3776 1214 3831 ΚΕΦΑΛ.
1256 3774 1330 3831 Δ’.

420 3888 584 3942 Ἀλλ’
616 3888 697 3950 είς
750 3886 945 3959 ἑτέρας
998 3888 1415 3959 παρακειμένας
1462 3886 1794 3955 αἰτιολογίας
1846 3884 1947 3953 τῆς

350 3980 614 4044 ἀσεϐείας
662 3980 844 4034 αὐτῶν
879 3978 1392 4050 μετακυλισθέντες,
1429 3980 1563 4048 φασὶ
1600 3978 1691 4032 διὰ
1717 3978 1834 4033 τόδε
1869 3977 1944 4048 μὴ

352 4072 536 4141 λέγειν
563 4071 623 4126 ἓν
654 4073 753 4126 καὶ
782 4072 843 4125 τὸ
886 4073 1019 4127 αὐτὸ
1069 4072 1230 4138 ζῶον,
1267 4074 1363 4127 καὶ
1401 4073 1530 4143 μίαν
1562 4071 1793 4141 ὀλότητα
1826 4069 1944 4123 υίοῦ

356 4167 528 4236 μόνην
586 4166 651 4218 ὲκ
701 4163 855 4229 θείας
907 4181 966 4218 τε
1022 4166 1120 4219 καὶ
1176 4164 1533 4235 ἀνθρωπίνης
1557 4158 1698 4218 εἶναι
1731 4163 1945 4233 φύσεως

353 4260 495 4329 ἅμα,
525 4257 662 4311 διότι
716 4258 895 4310 πάντα
943 4257 1057 4311 υἱὸν
1112 4258 1401 4328 όμοούσιον
1452 4256 1685 4327 ὁρᾶσθαι
1729 4255 1942 4327 ἀνάγκη

351 4350 467 4412 τοῖς
510 4347 825 4401 τίκτουσινο
861 4347 1128 4418 ἀνελλιπῆ
1188 4366 1248 4402 τε
1287 4350 1381 4401 καὶ
1428 4348 1721 4417 ἀπέριττον
1777 4346 1941 4417 ἔχειν,

352 4441 453 4513 τὴν
484 4443 621 4513 πρὸς
649 4444 776 4505 τοὺς
808 4441 1014 4511 φύντας
1051 4440 1215 4497 αὑτὸν
1251 4441 1352 4512 τῆς
1390 4440 1580 4504 οὐσίας
1608 4438 1938 4510 ὁμοιότητα·

345 4534 380 4585 ὁ
412 4533 649 4605 Χριστὸς
698 4533 755 4586 δὲ
814 4532 969 4604 ὑμῶν
1001 4533 1029 4585 ὁ
1060 4530 1197 4586 Θεοῦ
1251 4549 1312 4587 τε
1354 4532 1448 4587 καὶ
1477 4530 1767 4603 ἀνθρώπου
1792 4531 1939 4595 Υίδς,

2049 3398 2173 3437 esse
2202 3381 2457 3453 arguitis,
2512 3381 2616 3452 ipsi
2664 3397 2770 3436 nec
2816 3388 2991 3435 totum
3042 3394 3147 3434 nec
3180 3388 3393 3449 partem
3444 3388 3648 3433 natura

2049 3472 2259 3538 divina,
2309 3472 2565 3529 absolute
2616 3474 2671 3528 in
2728 3476 2848 3543 ipso
2874 3472 3153 3536 videntes,
3198 3470 3490 3526 manifeste
3535 3486 3648 3525 non

2048 3567 2277 3620 omnino
2312 3568 2509 3629 Deum,
2557 3566 2655 3621 sed
2704 3566 2915 3621 nudum
2965 3565 3251 3620 hominem
3305 3562 3645 3626 omnimodo.

2043 3656 2199 3727 juxta
2234 3674 2335 3712 nos
2370 3659 2522 3713 illum
2560 3672 2807 3713 asserere
2833 3656 3069 3711 debetis.

2698 3772 2854 3830 CAP.
2893 3773 2987 3831 IV.

2121 3889 2227 3945 Sed
2266 3890 2322 3945 in
2351 3891 2458 3945 alia
2494 3889 2742 3961 subjecta
2774 3897 3099 3960 argumenta
3126 3886 3438 3959 impietatis
3460 3897 3648 3942 trans-

2046 3985 2258 4050 voluti,
2301 3984 2460 4039 aiunt
2489 4000 2501 4035 :
2530 3984 2661 4054 quia
2694 3997 2804 4038 non
2836 3981 3043 4036 dicitur
3078 3996 3249 4035 unum
3280 3987 3336 4035 et
3370 3979 3518 4033 idem
3558 3978 3647 4032 vi-

2045 4093 2179 4133 vum
2217 4086 2275 4132 et
2307 4094 2473 4133 unam
2517 4077 2849 4132 totalitatem
2896 4074 2994 4130 ﬁlii
3032 4074 3203 4128 solam
3250 4089 3319 4127 ex
3364 4072 3554 4127 divina
3588 4079 3647 4127 et

2046 4172 2286 4226 humana
2317 4180 2577 4227 constare
2606 4182 2807 4225 natura
2836 4168 3024 4231 simul,
3047 4166 3173 4222 ideo
3195 4181 3417 4222 omnem
3469 4163 3644 4220 lilium

2044 4262 2575 4318 consubstantialem
2626 4276 2750 4316 esse
2794 4259 3123 4330 parentibus
3173 4271 3401 4313 necesse
3449 4266 3557 4319 est,
3584 4266 3643 4311 et

2046 4356 2159 4411 imo
2186 4355 2517 4425 completam
2564 4362 2620 4409 et
2659 4352 3006 4423 advquatam
3052 4350 3259 4407 habere
3286 4363 3414 4403 cum
3449 4357 3643 4403 aucto-

2044 4448 2202 4503 ribus
2243 4449 2361 4503 suis
2385 4448 2715 4503 substantia
2748 4445 3170 4501 similitudinem
3205 4463 3219 4499 :
3255 4444 3353 4499 sed
3383 4442 3640 4499 Christus

2042 4550 2229 4597 vester
2254 4541 2353 4596 Dei
2379 4549 2437 4595 et
2460 4539 2703 4595 hominis
2720 4538 2923 4603 Filius,
2960 4538 3073 4593 Deo
3129 4536 3337 4607 aliquid
3375 4536 3635 4607 amplius.

350 4626 446 4678 καὶ
478 4624 618 4678 Θεοῦ
672 4626 879 4692 πλεῖον,
910 4626 1005 4679 καὶ
1054 4624 1346 4697 ἀνθρώπου
1376 4627 1639 4697 περισσόν
1690 4643 1743 4679 τι
1786 4624 1934 4695 ἔχει’

2049 4634 2269 4689 homine
2318 4632 2527 4703 aliquid
2568 4632 2826 4702 superius
2873 4631 3081 4685 habet:
3130 4627 3417 4699 quomodo
3464 4625 3637 4699 igitur

353 4716 473 4779 πῶς
503 4712 597 4770 οὖν
631 4716 803 4781 ὅντως
838 4717 933 4771 καὶ
966 4716 1096 4780 Υἱὸς
1130 4716 1337 4771 τούτων
1384 4718 1557 4778 ἔσται.
1594 4719 1622 4771 ό
1652 4717 1726 4788 μὴ
1757 4717 1934 4788 πάντη

350 4809 537 4878 ὅμοιος
564 4809 749 4873 αὐτοῖς
778 4808 876 4878 τὴν
906 4808 1100 4877 φύσιν;
1141 4809 1307 4873 Ἀλλ’,
1330 4803 1558 4872 ῶοῦτοι,
1590 4810 1808 4881 πρῶτον
1845 4810 1943 4882 μὲν

351 4901 449 4953 καὶ
476 4901 537 4954 τὸ
566 4899 857 4971 ὁμοούσιον
891 4900 1030 4971 ἔχει,
1062 4901 1201 4972 πρὸς
1226 4903 1399 4973 ἀμφω
1431 4903 1615 4972 μέντοι
1652 4902 1769 4971 ἀμα
1813 4919 1944 4971 συγ-

349 4994 669 5063 κρινόμενος
695 4994 821 5056 τοὺς
843 4993 1105 5057 τεκόντας
1132 4993 1295 5047 αὐτὸν
1320 4996 1349 5047 ό
1372 4994 1633 5064 Χριστός·
1661 4995 1756 5048 καὶ
1783 4993 1942 5066 ἡμῶν

350 5086 460 5155 γὰρ
510 5084 743 5149 ἕκαστος
774 5085 979 5155 ἀμφοῖν
1028 5089 1142 5150 τοῖς
1192 5086 1413 5155 γονεῦσι
1456 5087 1944 5158 παραὸαλλόμενος

354 5178 496 5248 ἅμα,
525 5178 754 5242 δεόντως
778 5178 1017 5250 κρίνοιτο
1040 5179 1107 5232 ἂν
1129 5174 1270 5232 εἶναι
1295 5179 1543 5249 ὁμοφυὴς
1576 5182 1688 5242 τοῖς
1717 5180 1942 5242 οἰκείοις

354 5269 573 5333 αἰτίοις,
606 5271 839 5343 ἐπείπερ
872 5272 965 5324 καὶ
999 5270 1230 5342 μητρῷά
1251 5288 1373 5326 τινα
1412 5271 1549 5341 ἔχει,
1578 5271 1614 5324 ἃ.
1660 5273 1760 5326 οὐκ
1795 5271 1942 5325 ἔστιν

353 5362 490 5432 όρᾷν
529 5362 587 5415 ὲν
614 5362 691 5433 τῷ
717 5362 887 5433 πατρί
910 5380 922 5394 ·
960 5362 1054 5416 καὶ
1096 5362 1330 5435 πατρῷά
1358 5380 1478 5416 τινα
1505 5362 1541 5417 ἃ.
1567 5365 1668 5417 οὐκ
1708 5363 1856 5417 ἐστιν
1884 5364 1942 5417 ὲν

353 5457 421 5524 τῇ
463 5455 634 5525 μητρὶ⁵
658 5453 921 5519 πολλάκις
940 5470 955 5485 ·
985 5454 1035 5507 εί
1060 5454 1117 5507 δὲ
1140 5456 1234 5507 καὶ
1266 5454 1374 5509 ἀνά
1408 5455 1575 5525 μέρος
1617 5455 1941 5526 κρινόμενος

352 5546 607 5617 ἑκατέρῳ
643 5546 921 5600 δείκνυται
948 5546 1134 5617 ὅμοιος
1171 5546 1484 5617 ἄνθρωπος,
1512 5548 1634 5599 ἐπεὶ
1658 5545 1940 5617 συμϐέϐη-

348 5654 447 5692 κεν
486 5639 546 5703 ἐξ
583 5637 845 5709 ὁμοειδῶν
891 5640 1221 5710 ἀμφοτέρων
1266 5641 1523 5711 τεχθῆναι
1567 5641 1753 5704 αὑτὸν,
1784 5640 1941 5694 τοῦτο

347 5729 656 5801 θεωρεῖται·
683 5731 741 5784 οὐ
766 5734 875 5800 γὰρ
893 5732 960 5803 δὴ
979 5732 1075 5787 καὶ
1091 5733 1184 5785 ἐπὶ
1205 5732 1315 5786 τῶν
1338 5733 1723 5803 ἀνομοιοειδῶν
1747 5733 1939 5786 αἰτίων

346 5822 442 5875 τοῦ
465 5824 809 5893 γεννωμένου
843 5824 958 5877 τόδε
988 5824 1189 5895 ὁμοίως
1205 5827 1425 5896 δρᾶται·
1454 5825 1570 5889 πῶς
1593 5825 1703 5896 γὰρ
1722 5824 1787 5879 ἂν
1808 5826 1941 5895 ὀμο-

353 5915 487 5991 φυὲς
516 5916 622 5987 ἰδία
653 5915 872 5988 κριθείη
901 5917 1157 5990 ἀλέκτορι
1182 5921 1276 5971 καὶ
1312 5918 1562 5989 φασιανῷ
1582 5920 1643 5973 τὸ
1672 5920 1735 5973 ὲκ
1771 5919 1936 5974 τῶνδε

677 6010 949 6073 Parum.
994 6010 1113 6073 Gn.
1158 6012 1501 6076 LXXXVI.

2044 4740 2177 4780 vere
2205 4725 2425 4779 illorum
2449 4723 2622 4779 Filius
2645 4722 2775 4789 erit,
2804 4722 2898 4792 qui
2927 4736 3038 4776 non
3069 4728 3153 4774 est
3184 4718 3292 4774 illis
3318 4716 3635 4773 omnimodo

2045 4828 2242 4875 natura
2284 4818 2524 4874 similis?
2553 4816 2663 4871 Sed
2697 4816 2938 4886 primum
2984 4814 3224 4870 similem
3266 4811 3632 4867 substantiam

2045 4912 2214 4967 habet
2238 4910 2519 4973 Christus,
2563 4909 2608 4965 si
2653 4908 2977 4964 conferatur
3024 4907 3191 4962 simul
3239 4920 3365 4959 cum
3416 4902 3636 4957 duobus

2044 5003 2140 5075 qui
2184 5018 2311 5058 eum
2365 5010 2682 5073 genuerunt
2714 5017 2731 5055 :
2758 5008 3013 5055 nostrum
3049 4997 3199 5053 enim
3253 4992 3635 5064 unusquisque

2043 5095 2317 5151 ambobus
2397 5093 2724 5165 parentibus
2798 5106 2903 5145 una
2998 5096 3354 5157 comparatus
3433 5096 3638 5139 come...

2044 5187 2267 5243 nienter
2288 5184 2639 5257 judicaretur
2671 5197 2793 5239 esse
2828 5179 3057 5251 aequalis
3086 5189 3302 5235 natura:
3335 5192 3398 5231 ac
3421 5175 3631 5247 proprii

2043 5290 2321 5342 auctores,
2352 5278 2558 5349 quippe
2601 5285 2660 5331 et
2705 5283 2956 5329 materna
3002 5272 3253 5343 quaedam
3290 5271 3480 5334 habet,
3512 5283 3636 5340 qua!

2045 5372 2100 5427 in
2126 5382 2286 5442 patre
2314 5384 2427 5425 non
2458 5368 2838 5438 reperiuntur,
2885 5373 2942 5420 et
2966 5372 3199 5435 paterna
3224 5361 3478 5433 quaedam
3511 5375 3637 5431 quas

2040 5462 2100 5518 in
2156 5472 2332 5517 matre
2388 5476 2533 5532 sape
2571 5460 2773 5516 desunt
2813 5477 2829 5514 :
2860 5458 2907 5513 si
2945 5470 3079 5513 vero
3113 5472 3213 5527 per
3246 5463 3459 5525 partem
3480 5453 3635 5523 judi-

2044 5563 2201 5610 catus
2256 5554 2561 5624 unicuique
2613 5552 2931 5609 ostenditur
2981 5550 3183 5607 similis
3230 5550 3421 5614 homo,
3478 5548 3631 5605 illum

2044 5646 2216 5702 fuisse
2255 5661 2324 5701 ex
2346 5646 2620 5704 ambobus
2645 5646 2894 5717 ejusdem
2939 5644 3145 5717 speciei
3189 5643 3512 5705 formatum,
3557 5641 3635 5697 fa.

2043 5738 2148 5793 cile
2171 5748 2401 5809 apparet
2428 5758 2441 5793 :
2469 5755 2581 5795 non
2612 5740 2764 5796 enim
2788 5739 2859 5796 de
2892 5740 2987 5795 illo
3017 5740 3114 5810 qui
3142 5755 3209 5797 ex
3241 5738 3478 5797 diversa:
3508 5752 3634 5807 spe-

2043 5832 2149 5888 ciei
2179 5834 2508 5889 auctoribus
2531 5842 2818 5897 ortusest,
2850 5833 3056 5904 pariter
3079 5842 3319 5888 constat.
3343 5828 3635 5897 Quomodo

2044 5922 2216 5989 enim,
2241 5923 2479 5995 exempli
2526 5938 2714 5991 causa.
2739 5923 2987 5997 ejusdem
3032 5931 3247 5979 natura:
3288 5921 3636 5993 judicaretur

3049 6017 3131 6079 51
