4116 6448
496 441 626 506 ltili

1766 433 2073 494 LEONTII
2122 428 2537 491 B't'ZANTlNIl

3642 421 3785 486 10l2

490 558 641 627 quod
683 570 717 609 ο
743 553 887 626 gallo
915 560 971 607 et
1004 550 1274 621 phasiano
1308 561 1492 605 ortum
1527 548 1718 603 esset?
1749 547 1961 602 Pariter
1990 560 2086 599 au-

2201 542 2409 612 τεχθέν;
2446 532 2599 611 ὅμως
2621 539 2677 594 δὲ
2704 539 2890 608 λέγετε
2921 538 3075 610 ἡμῖν,
3100 536 3444 608 φυσιολόγοι·
3472 536 3589 589 υἱὸν
3614 537 3787 591 τῶνδε

493 662 603 704 tem
633 648 801 704 dic-ite
842 645 1023 713 nobis,
1050 644 1360 716 physiologi
1396 661 1407 697 τ
1438 642 1594 698 Anne
1626 641 1799 695 filium
1849 641 2080 693 istorum

494 743 702 800 vocatis
753 741 885 795 illud
936 739 1251 797 minimum.
1280 749 1336 793 et
1388 737 1679 791 habetisne
1730 733 1865 789 illud
1915 747 2081 786 unam

492 835 747 891 animalis
765 833 1115 897 totalitatem,
1141 831 1380 887 nec-ne?
1411 830 1467 885 Si
1498 830 1646 884 enim
1674 828 1728 882 id
1748 841 1945 897 negare
1968 840 2079 879 non

492 929 657 983 detur
692 926 873 991 vobis,
914 924 1194 994 quomodo
1226 924 1295 978 de
1343 924 1431 977 his
1475 939 1598 992 qum
1642 930 1773 976 sunt
1818 930 2083 989 tanquam

492 1018 561 1072 de
593 1017 679 1071 his
700 1031 822 1086 quae
853 1031 965 1069 non
990 1026 1119 1069 sunt
1146 1012 1477 1083 loquimini?
1503 1012 1609 1067 Sed
1642 1011 1856 1073 talium,
1880 1008 2081 1079 inquit,

491 1117 578 1164 est
606 1109 792 1162 mistio
824 1117 880 1162 et
908 1107 1164 1162 confusio
1192 1106 1398 1177 speciei
1427 1106 1582 1176 juxta
1613 1102 2028 1175 generationem
2069 1118 2083 1154 :

496 1201 573 1256 ita
607 1210 667 1255 ut
691 1216 802 1254 non
824 1199 1106 1271 judicetnr
1132 1199 1268 1253 illud
1295 1214 1418 1254 esse
1441 1199 1495 1252 in
1531 1198 1663 1268 ipsis
1686 1206 1898 1267 partem
1930 1193 2082 1264 equi,

495 1301 551 1346 et
572 1290 721 1347 istud
766 1302 979 1363 partem
1029 1291 1195 1357 asini,
1221 1291 1317 1347 sed
1347 1291 1528 1346 omnia
1555 1305 1676 1344 csse
1705 1290 1948 1359 ipsorum
1980 1287 2087 1341 alia

497 1385 748 1440 membra
804 1395 863 1439 et
922 1384 1299 1439 indistincta:
1354 1384 1399 1437 si
1461 1382 1623 1437 talem
1690 1382 1860 1450 igitur
1909 1388 1965 1435 et
2028 1379 2087 1433 in

501 1478 723 1532 Christo
770 1477 1087 1531 mistionem
1137 1476 1577 1531 substantiarum
1632 1473 1923 1537 asseritis,
1990 1487 2088 1526 vos

503 1572 673 1626 dicite
728 1571 892 1625 nobis
952 1570 1086 1640 quid
1128 1568 1401 1623 sentiatis.
1450 1566 1557 1622 Sed
1601 1582 1713 1621 non
1746 1565 1814 1619 ad
1858 1565 2090 1621 demon-

499 1664 825 1718 strationem
856 1662 1054 1717 similis
1082 1660 1304 1715 unionis
1340 1660 1457 1715 haec
1480 1660 1819 1729 accepimus,
1854 1658 1921 1712 ad
1959 1673 2091 1712 con-

497 1753 824 1809 futationem
879 1769 1014 1808 vero
1079 1753 1135 1807 in
1196 1766 1440 1822 pratsens
1502 1760 1719 1804 tantum
1774 1757 2089 1804 vestrorum

497 1849 888 1912 oraculorum,
947 1853 1271 1916 generatum
1340 1852 1603 1913 oportere
1666 1856 1789 1896 esse
1848 1839 2089 1910 perfecte

2183 636 2400 691 καλεῖτε
2434 635 2495 688 τδ
2536 633 2734 703 μικρὸν
2764 632 2905 698 τόδε,
2938 634 3033 685 καὶ
3070 632 3199 710 μίαν
3229 633 3344 685 ἴστε
3382 630 3522 695 ζώου
3552 630 3789 699 ὁλότητα

2182 728 2364 793 τοῦτο,
2389 727 2562 799 ἣοὺχί
2585 743 2599 793 ;
2629 728 2677 779 εἰ
2702 727 2811 797 γὰρ
2837 727 2957 779 τόδε
2978 725 3260 797 ἀρνεῖσθαι
3282 726 3342 778 οὑ
3378 724 3605 778 δυνατὸν
3628 725 3784 794 ὑμῖν,

2184 822 2302 885 πῶς
2321 822 2388 876 τὰ
2420 820 2547 874 ὄντα
2561 820 2637 884 ὡς
2661 819 2737 891 μὴ
2757 820 2883 873 ὄντα
2899 818 3110 872 λαλεῖτε
3136 835 3154 884 ;
3177 816 3339 870 Ἀλλὰ
3370 817 3480 870 τῶν
3499 816 3783 882 τοιούτων,

2186 915 2321 985 φησὶ
2352 913 2568 985 ,κρᾶσίς
2597 914 2716 965 ἐστι
2758 913 2854 966 καὶ
2885 912 3150 982 σύγχυσις
3179 910 3274 963 τοῦ
3307 909 3489 972 εἴδους
3512 909 3658 963 κατὰ
3686 910 3786 980 τὴν

2192 1007 2450 1077 γέννησιν
2471 1021 2485 1034 ’
2519 1005 2595 1068 ὡς
2629 1002 2763 1074 μηδὲ
2794 1002 3079 1075 κρίνεσθαι
3120 1002 3241 1055 τόδε
3307 1001 3405 1070 μὲν
3432 996 3571 1053 εἶναι
3614 1000 3678 1053 τὸ
3723 1002 3786 1052 ἐν

2187 1099 2370 1160 αὐτοῖς
2396 1097 2561 1166 μέρος
2595 1095 2786 1161 ἵππου,
2810 1094 2903 1147 καί
2929 1092 3048 1145 τόδε
3079 1090 3226 1153 ὄνου,
3256 1089 3392 1143 ἀλλὰ
3422 1091 3601 1142 πάντα
3636 1083 3782 1141 εἶναι

2188 1193 2370 1249 αὑτῶν
2416 1192 2605 1246 ἀλλοῖα
2654 1190 2727 1243 τὰ
2778 1188 2915 1260 μέλη
2949 1188 3044 1241 καὶ
3078 1187 3421 1255 ὀδιάγνωστα
3446 1200 3459 1215 ·
3490 1184 3539 1237 εἰ
3566 1183 3784 1237 τοιάνδε

2188 1280 2282 1337 οὖν
2314 1282 2410 1337 καί⁸
2449 1280 2549 1352 τὴν
2597 1282 2655 1334 ὲν
2703 1277 2928 1349 Χριστῷ
2979 1276 3179 1347 φύρσιν
3229 1275 3341 1328 τῶν
3388 1273 3589 1327 οὐσιῶν
3619 1289 3783 1341 φατε,

2191 1377 2350 1447 ὑμεῖς
2398 1373 2766 1444 εῖπατεήμῖν,
2819 1370 3019 1440 φασίνο
3057 1368 3173 1423 ἀλλ’
3200 1368 3261 1421 οὐ
3307 1366 3447 1437 πρὸς
3492 1366 3657 1430 δεῖξιν
3680 1368 3788 1436 τῆς

2190 1468 2385 1541 ὁμοίας
2412 1467 2657 1530 ένώσεως
2674 1464 2800 1519 τάδε
2822 1462 3266 1534 παρειλήφαμεν,
3293 1454 3338 1514 ὦ
3364 1453 3528 1523 οὗτοι,
3556 1458 3671 1514 ἁλλ’
3700 1461 3785 1521 εἰς

2190 1560 2506 1635 ἀνατροπὴν
2539 1559 2716 1631 μόνων
2746 1558 2857 1611 τῶν
2891 1557 3027 1627 πρὸς
3060 1555 3123 1609 τὸ
3165 1554 3341 1623 παρὸν
3371 1552 3657 1624 ὑμετέρων
3688 1551 3785 1605 Θε-

2195 1653 2544 1724 σπισμάτων,
2585 1650 2872 1722 ὁμοοὺσιον
2918 1646 3225 1709 ἀνελλιπῶς
3255 1641 3397 1699 εἶναι
3440 1646 3553 1698 δεῖν
3584 1645 3787 1698 ἐκατέ-

2197 1765 2304 1820 ρων
2336 1745 2447 1800 τῶν
2471 1745 2707 1815 φύντων,
2743 1744 2805 1796 τὸ
2842 1741 3186 1812 γεννώμενον
3212 1737 3619 1809 κηρυττόντων,
3645 1736 3679 1807 ἢ
3709 1735 3787 1805 μὴ

2196 1839 2480 1895 καλεῖσθαι
2505 1838 2669 1892 αὑτὸν
2708 1835 2838 1890 Υἱόν
2860 1852 2875 1868 ο
2914 1835 3031 1889 τόδε
3069 1831 3162 1887 οὖν
3189 1833 3323 1886 αὑτὸ
3348 1832 3411 1885 τὸ
3432 1830 3789 1902 πεφυρμένον

499 1941 809 1996 substantia
844 1940 1141 2010 unicuique
1193 1937 1481 2009 generanti
1530 1935 1772 1991 similem
1824 1950 2089 2005 praenun-

2201 1934 2293 1988 καί⁵
2344 1932 2715 2001 ἀδιάγνωστον
2764 1927 2860 1983 τοῦ
2916 1928 3115 1991 εῑδους,
3169 1926 3263 1979 ἐπὶ
3327 1925 3537 1978 τούτων
3586 1921 3791 1992 μᾶλλον

501 2037 781 2101 tiantium,
811 2045 907 2090 aut
938 2035 1118 2105 ipsum
1143 2049 1255 2088 non
1278 2032 1465 2087 vocari
1491 2031 1691 2086 Filium
1717 2047 1730 2083 :
1758 2029 1893 2084 illud
1923 2029 2093 2100 igitur

499 2130 727 2183 mistum
748 2137 804 2183 et
830 2127 1217 2183 indistinctum
1248 2124 1474 2196 speciei,
1504 2123 1592 2178 his
1616 2124 1684 2178 de
1715 2123 1887 2177 rebus
1917 2121 2093 2192 magis

499 2220 812 2275 confutabit
858 2228 1101 2275 vestram
1133 2217 1617 2288 propositionem:
1650 2215 1696 2271 si
1739 2214 1888 2270 enim
1929 2224 1986 2269 et
2023 2214 2093 2269 de

500 2312 588 2367 his
614 2327 852 2382 quorum
877 2312 1033 2383 juxta
1058 2310 1371 2366 membrum
1419 2309 1599 2364 solum
1633 2306 1941 2363 similitudo
1966 2322 2092 2362 cum

500 2407 769 2459 alterutro
810 2404 1199 2476 generantium
1240 2419 1352 2458 non
1390 2411 1667 2466 servatur,
1699 2400 1797 2455 ﬁlii
1832 2400 2095 2455 dicuntur~

502 2513 776 2568 equorum
810 2496 1150 2562 sumi-asini,
1186 2504 1243 2551 et
1290 2495 1389 2549 filii
1434 2494 1716 2549 asinorum
1765 2492 2091 2563 semi-equi,

504 2587 786 2657 quomodo
828 2594 1054 2656 propter
1102 2586 1344 2655 aliquam
1394 2598 1464 2638 ex
1494 2591 1650 2655 parte
1682 2583 2096 2638 dissimilitudi-

504 2695 656 2746 nem,
705 2696 815 2734 non
843 2694 1006 2749 posse
1056 2678 1227 2732 lilium
1279 2693 1475 2733 vocare
1510 2678 1666 2732 illum
1716 2676 1810 2746 qui
1863 2693 1974 2731 non
2011 2688 2097 2732 est

505 2772 824 2827 omnimodo
882 2771 1079 2826 similis
1131 2770 1486 2841 genitoribus
1535 2768 1905 2823 asseruistis?
1955 2768 2095 2823 Illud

507 2864 649 2919 bene
681 2863 980 2919 dicendum
1022 2862 1305 2917 haberetis
1346 2860 1490 2916 forte
1528 2860 1636 2916 illis
1675 2860 1771 2930 qui
1813 2860 2095 2916 Christum

505 2958 742 3013 similem
780 2957 1097 3012 substantia
1128 2971 1228 3010 sua
1262 2956 1487 3025 utrique
1527 2956 1745 3026 parenti
1789 2970 1912 3011 esse
1948 2957 2098 3027 cogi-

506 3059 646 3115 tant,
677 3066 791 3105 non
821 3065 953 3104 vero
980 3048 1145 3103 nobis
1174 3048 1270 3117 qui
1299 3047 1475 3118 ipsius
1504 3062 1797 3119 personam
1824 3062 1892 3102 ex
1916 3047 2099 3104 diver-

505 3145 585 3199 sis
607 3144 824 3199 naturis
859 3144 1175 3199 constitisse
1200 3141 1549 3213 profitemur.

576 3236 709 3303 Quae
744 3235 967 3307 quidem
997 3245 1128 3291 sunt
1158 3236 1343 3290 adhuc
1377 3250 1442 3291 ea
1474 3235 1542 3290 de
1580 3250 1640 3289 re
1669 3236 1984 3291 accuratius
2016 3236 2100 3291 in-

510 3324 781 3395 quirenda
809 3343 824 3379 :
856 3326 942 3379 vel
973 3325 1121 3380 enim
1148 3326 1320 3379 totius
1350 3324 1658 3381 similitudo
1688 3326 1851 3381 vobis
1876 3326 2100 3381 videtur

508 3416 831 3472 tiliationem
866 3426 1268 3488 repraesentare
1299 3419 1553 3484 omnino,
1572 3419 1657 3473 vel
1690 3434 1801 3474 non
1836 3438 1849 3473 :
1884 3420 1930 3474 si
1962 3437 2097 3487 non,

506 3510 710 3565 frustra
750 3511 1001 3581 quaeritis
1036 3527 1066 3566 a
1102 3511 1266 3566 nobis
1302 3526 1373 3566 an
1417 3512 1489 3567 sit
1519 3523 1685 3566 causa
1721 3512 1999 3568 liliationis
2030 3514 2101 3568 ad

508 3603 684 3673 ipsius
725 3604 1265 3660 demonstrationem
1294 3622 1308 3658 :
1337 3605 1522 3675 quoad
1557 3604 1708 3660 enim
1751 3604 2101 3661 demonstra-

510 3695 711 3761 tiones,
746 3712 848 3767 per
887 3711 1084 3751 causas
1116 3696 1279 3752 istam
1315 3698 1583 3753 constitui
1617 3696 1943 3754 ﬁliationem
1973 3714 2102 3770 per-

506 3802 733 3840 suasum
782 3787 1000 3843 babetis
1039 3796 1298 3843 tantum:
1331 3789 1506 3859 igitur
1545 3789 1683 3844 Abel
1733 3790 1934 3844 similis
1965 3789 2102 3845 Cain

505 3880 658 3949 juxta
691 3887 863 3934 totam
899 3880 1074 3950 ipsius
1107 3881 1475 3937 substantiam
1502 3890 1558 3936 et
1588 3882 1737 3935 ﬁlius
1768 3881 1922 3936 illius
1958 3889 2101 3947 erat,

508 3981 565 4027 et
620 3973 750 4029 ideo
796 3972 919 4039 lilii,
961 3990 1075 4029 non
1120 3973 1280 4029 fatris
1329 3973 1701 4029 interfector?
1741 3973 1848 4028 Sed
1896 3974 2104 4044 quippe

512 4066 778 4121 similium
808 4082 967 4136 aeque
1002 4074 1089 4123 est
1134 4067 1356 4131 relatio,
1411 4076 1467 4121 et
1511 4066 1648 4121 Cain
1696 4066 1913 4121 scilicet
1960 4066 2105 4120 filius

511 4159 648 4213 Abel
681 4159 943 4214 similiter
972 4160 1080 4214 erit
1114 4176 1126 4213 :
1165 4159 1337 4231 igitur
1363 4174 1497 4230 ergo
1515 4166 1571 4212 et
1601 4159 1779 4228 patris
1804 4157 1991 4229 potius
2020 4156 2105 4211 in-

516 4252 783 4306 terfector
805 4258 891 4305 est
925 4268 938 4305 :
974 4249 1183 4305 idcirco
1238 4259 1296 4305 et
1330 4248 1384 4303 in
1420 4248 1616 4305 eodem
1652 4247 1802 4303 filius
1833 4256 1889 4303 et
1924 4255 2105 4317 pater,

515 4352 572 4397 et
596 4344 768 4399 frater
794 4353 914 4399 erat
937 4344 1073 4401 Cain
1100 4343 1197 4413 qui
1233 4342 1389 4396 illum
1420 4342 1647 4407 occidit,
1697 4341 1833 4396 Abel
1876 4342 1945 4395 ab
1985 4341 2108 4411 ipso

2194 2023 2492 2094 ἀνατρέψει
2514 2022 2613 2092 τὴν
2652 2020 2928 2091 ὑμετέραν
2964 2020 3302 2085 ἀπόφανσινο
3344 2018 3393 2070 εἰ
3423 2020 3532 2088 γὰρ
3572 2017 3669 2070 καὶ
3698 2016 3787 2084 ἐφ’

2193 2106 2269 2167 ὧν
2329 2112 2465 2184 μηδὲ
2500 2111 2641 2166 κατὰ
2675 2110 2838 2182 μέλος
2869 2110 3053 2163 οίαοῦν
3084 2108 3340 2179 ὁμοιότης
3390 2106 3625 2172 σώζεται
3652 2105 3794 2175 πρὸς

2198 2206 2425 2276 Θάτερον
2469 2204 2580 2257 τῶν
2611 2203 2929 2269 τικτόντων,
2981 2200 3086 2254 υἱοί
3123 2218 3183 2253 τε
3231 2200 3481 2268 λέγονται
3518 2199 3709 2250 ἳππων
3739 2196 3792 2249 οἰ

2196 2299 2433 2371 ἡμίονοι,
2459 2297 2556 2352 καὶ
2596 2296 2763 2349 τέκνα
2795 2295 2932 2348 ὖνων
2961 2294 3012 2347 οἰ
3044 2294 3331 2364 ήμίιπποι,
3369 2290 3486 2354 πῶς
3513 2290 3603 2343 διὰ
3638 2290 3700 2342 τὸ
3727 2291 3794 2343 ὲκ

2201 2392 2403 2463 μέρους
2453 2389 2735 2460 ἀνόμοιον,
2766 2388 2828 2441 οὑ
2878 2386 3145 2441 δύνασθαι
3198 2384 3314 2437 υἱὸν
3363 2382 3551 2437 καλεῖν
3581 2382 3674 2435 τὸν
3714 2383 3792 2452 μὴ

2198 2487 2379 2556 πάντη
2428 2485 2615 2554 ὅμοιον
2649 2484 2763 2544 τοῖς
2795 2478 3051 2534 τεκοῦσιν
3102 2477 3266 2532 αὐτὸν
3299 2476 3558 2548 εἰρήκατε
3584 2490 3599 2539 ;
3628 2470 3794 2526 τοῦτο

2196 2579 2253 2633 δὲ
2281 2579 2347 2633 ἂν
2370 2577 2553 2640 καλῶς
2581 2569 2727 2646 εἶχεν
2757 2576 2886 2643 ὑμῖν
2921 2572 3105 2640 λέγειν
3137 2570 3289 2633 ἴσως,
3326 2567 3462 2638 πρὸς
3498 2566 3627 2629 τοὺς
3648 2565 3796 2618 κατὰ

2201 2671 2330 2742 μίαν
2356 2668 2522 2724 αὑτοῦ
2550 2668 2649 2738 τὴν
2684 2666 2877 2720 οὑσίαν
2908 2666 3094 2735 ὅμοιον
3118 2658 3258 2715 εἶναι
3284 2661 3376 2714 τὸν
3400 2659 3635 2730 Χριστὸν
3657 2657 3795 2711 ἑκα-

2197 2764 2373 2834 τέρων
2396 2762 2504 2815 τῶν
2534 2761 2737 2830 γονέων
2758 2757 3108 2825 δοξάζοντας,
3134 2754 3195 2808 οὑ
3222 2753 3330 2825 μὴν
3353 2752 3449 2805 καὶ
3477 2750 3615 2822 πρὸς
3643 2751 3796 2820 ἡμᾶς

2197 2856 2324 2919 τοὺς
2358 2854 2499 2908 κατὰ
2560 2852 2855 2922 διαφόρους
2910 2847 3106 2917 φύσεις
3160 2843 3565 2919 ὁμολογοῦντας
3621 2842 3795 2896 αὑτοῦ

2201 2946 2591 3020 συνεστηκέναι
2628 2944 2727 3016 τὴν
2756 2941 3075 2996 ὑπόστασιν.

2275 3221 2397 3274 Ἔτι
2448 3217 2505 3271 δὲ
2566 3211 2920 3286 βασανιστέον
2978 3208 3073 3264 καὶ
3125 3205 3519 3279 ἀκριϐέστερον
3563 3201 3632 3258 τὰ
3666 3203 3800 3274 περί

2201 3313 2358 3369 τοῦδε
2379 3329 2392 3341 ·
2423 3312 2455 3382 ἦ
2484 3309 2594 3381 γὰρ
2620 3310 2653 3379 ἡ
2682 3306 2777 3360 τοῦ
2827 3305 2952 3358 ὅλου
2991 3301 3245 3373 ὁμοιότης
3275 3300 3405 3369 ὑμῖν
3454 3298 3605 3350 δοκεῖ
3650 3291 3797 3349 εῖναι

2201 3408 2301 3477 τῆς
2341 3404 2591 3473 υἰότητος
2631 3396 3016 3470 παραστατικὴ
3066 3396 3306 3458 πάντως,
3348 3393 3381 3462 ἢ
3414 3392 3562 3462 οὐχίο
3615 3391 3664 3443 εί
3698 3391 3801 3461 μὲν

2203 3494 2297 3553 οὖν
2324 3497 2467 3566 οὐχὶ,
2504 3492 2683 3564 μάτην
2740 3489 2957 3560 ζητεῖτε
3004 3486 3137 3557 παρ’
3166 3487 3327 3555 ἡμων
3370 3483 3433 3536 τὸ
3493 3483 3569 3553 μὴ
3624 3482 3803 3536 αἴτιον

2204 3591 2449 3660 υἱότητος
2498 3586 2578 3650 εἰς
2624 3580 2899 3647 ἀπόδειξιν
2949 3578 3157 3648 αὐτῆς·
3190 3578 3245 3630 αἱ
3315 3575 3429 3647 γὰρ
3464 3573 3801 3638 ἀποδείξεις,

2204 3681 2293 3734 διὰ
2325 3677 2433 3731 τῶν
2463 3676 2653 3729 αἰτίων
2676 3672 2880 3742 ταύτην
2916 3668 3250 3740 ὑφίστασθαι
3273 3668 3374 3737 τὴν
3408 3667 3637 3736 υἰότητα
3677 3665 3806 3741 πεί-

2205 3772 2365 3826 θεσθε
2399 3770 2589 3842 μόνον·
2619 3764 2732 3840 ἆρά
2761 3782 2825 3835 γε
2862 3764 3032 3819 ’Ἅϐελ
3064 3762 3209 3816 Κάῖν
3242 3763 3433 3830 ὅμοιος
3463 3758 3541 3812 ὢν
3572 3758 3718 3814 κατὰ
3743 3758 3804 3813 τὸ

2205 3867 2324 3920 ὅλον
2355 3865 2453 3935 τῆς
2483 3864 2668 3926 οὑσίας
2699 3859 2892 3923 αὑτοῦ,
2935 3859 3030 3913 καὶ
3066 3857 3180 3920 υίὸς
3218 3854 3386 3909 αὑτοῦ
3408 3849 3501 3925 ἦν,
3522 3854 3806 3916 υἰοκτόνος

2206 3957 2319 4022 οὗν,
2343 3958 2443 4010 οὐκ
2458 3954 2843 4025 ἀδελφοκτόνος
2859 3948 2927 4024 ἦν
2950 3969 2965 4019 ;
2986 3950 3099 4004 ἀλλ’
3117 3946 3307 4019 ἐπειδὴ
3323 3947 3432 4000 τῶν
3455 3944 3657 4016 ὁμοίων
3674 3944 3806 3998 ὲπί-

2209 4070 2309 4121 σης
2338 4051 2455 4103 ἐστὶ
2482 4051 2516 4120 ἡ
2546 4049 2752 4118 σχέσις,
2786 4046 2885 4101 καὶ
2911 4046 3055 4098 Κάῖν
3080 4042 3188 4113 ἄρα
3225 4040 3340 4101 υίὸς
3373 4037 3542 4092 Ἀϐελ
3593 4035 3806 4105 ὁμοίως

2209 4143 2383 4197 ἔσται·
2402 4142 2509 4213 ἄρα
2526 4140 2619 4194 οὖν
2646 4141 2741 4194 καὶ
2767 4136 3134 4211 πατροκτόνος
3165 4133 3367 4205 μᾶλλόν
3394 4133 3571 4185 ἐστιν·
3603 4129 3807 4183 οὑκοῦν

2208 4235 2305 4291 καὶ¹
2330 4236 2387 4288 ὲν
2406 4233 2611 4304 ταυτῷ,
2631 4232 2747 4295 υἱός
2773 4249 2832 4285 τε
2860 4231 2958 4284 καὶ
2984 4230 3168 4299 πατὴρ
3200 4226 3292 4280 καὶ
3317 4222 3549 4292 ἁδελφὸς
3566 4217 3634 4293 ἦν
3658 4224 3806 4276 Κάῖν

2209 4329 2304 4384 τοῦ
2321 4328 2635 4389 κτείναντος
2662 4324 2851 4391 αὑτὸν,
2880 4320 3049 4376 Ἀὁελ
3071 4322 3099 4374 ὁ
3122 4318 3468 4391 ἀνῃρημένος
3486 4318 3577 4370 ὑπ’
3599 4316 3769 4370 αὑτοῦ
3788 4331 3804 4345 ’

518 4437 846 4493 interfectus
872 4454 887 4491 :
920 4446 977 4492 et
1016 4407 1151 4492 Cain
1180 4436 1279 4490 filii
1312 4444 1369 4490 et
1419 4436 1598 4506 patris
1628 4442 1685 4489 et
1715 4433 1906 4488 fratris
1935 4407 2097 4488 inter-

2211 4424 2309 4478 καὶ
2358 4421 2499 4475 Κάῖν
2550 4418 2826 4480 υἱοκτὸνος
2853 4433 2912 4469 τε
2948 4415 3046 4467 καὶ
3093 4414 3466 4481 πατροκτόνος
3521 4410 3615 4462 καὶ
3643 4407 3809 4461 ἀδελ-

518 4536 741 4586 l'ectOr:
776 4532 903 4599 quis
934 4545 1065 4585 vere
1097 4546 1210 4585 non
1243 4528 1501 4583 irridedit
1540 4535 1759 4584 vestras
1792 4527 1987 4582 inanes
2017 4539 2097 4581 co-

2213 4514 2475 4585 φοκτόνος
2498 4527 2513 4543 ·
2550 4512 2645 4564 καί
2674 4510 2757 4572 τίς
2780 4510 2841 4562 οὑ
2871 4506 3094 4577 γελάσει
3117 4504 3244 4557 τάδε
3275 4501 3430 4573 ὑμῶν
3450 4501 3519 4554 τὰ
3549 4499 3809 4571 γλαφυρὰ

519 4623 856 4692 gitationes?
887 4622 1313 4691 Dijudicandum
1364 4630 1453 4676 est
1496 4621 1666 4692 igitur
1699 4618 1996 4675 manifeste
2046 4626 2097 4673 ul

2210 4614 2496 4686 δόγματα;
2527 4606 2814 4679 Διορατέον
2864 4602 2957 4657 οὖν
3004 4600 3192 4671 σαφῶς
3222 4599 3299 4661 ὡς
3332 4618 3428 4655 και
3460 4594 3664 4665 ταύτην
3707 4592 3809 4664 τὴν

522 4715 700 4769 Lucas
726 4714 1087 4784 evangelista,
1114 4715 1210 4784 qui
1242 4715 1401 4769 istam
1433 4729 1502 4768 ex
1530 4721 1690 4783 parte
1714 4727 1936 4767 causam
1967 4722 2023 4766 et
2046 4726 2097 4766 ei

2216 4706 2453 4780 μερικὴν
2480 4703 2659 4758 αἰτίαν
2682 4700 2776 4753 καὶ
2803 4695 3033 4769 μερικὴν
3065 4692 3365 4765 ὁμοιότητα
3403 4686 3807 4784 μόνονᾉθεωρη-

525 4818 679 4877 parte
724 4807 1151 4862 similitudinem
1182 4808 1360 4862 solum
1390 4805 1682 4875 conspexit
1718 4805 1776 4859 in
1805 4804 1980 4859 Adam
2020 4819 2113 4858 re-

523 4912 714 4973 spectu
752 4902 928 4972 patris
956 4902 1251 4968 spirituum
1298 4901 1394 4956 Dei
1424 4918 1436 4954 :
1474 4898 1782 4954 secundum
1813 4898 1962 4953 enim
1993 4897 2114 4952 ani-

527 5011 670 5051 mam
699 4995 878 5051 solum
908 4994 1230 5049 immediata
1262 5010 1428 5049 causa
1452 4993 1532 5047 illi
1562 5000 1682 5047 erat
1712 4990 1879 5057 Deus,
1906 4991 2110 5062 quippe

525 5089 731 5145 indidit
778 5089 883 5160 ipsi
920 5089 1202 5159 spiramen
1245 5088 1373 5143 vita:
1415 5087 1472 5141 in
1516 5085 1756 5141 animam
1805 5084 2108 5151 viventem,

525 5198 652 5239 cum
702 5197 906 5252 corpus
948 5198 979 5237 e
1026 5181 1161 5236 limo
1215 5180 1297 5236 illi
1352 5178 1658 5235 formavit:
1692 5184 1750 5232 et
1799 5176 2109 5232 secundum

524 5275 763 5331 animam
796 5285 1010 5330 tantum
1040 5273 1253 5329 homini
1300 5287 1423 5328 esse
1459 5270 1528 5326 ad
1583 5270 1880 5342 imaginem
1919 5270 2016 5325 Dei
2057 5280 2115 5327 et

524 5370 952 5426 similitudinem
978 5366 1252 5423 remansit
1284 5385 1296 5419 :
1327 5363 1515 5420 sciens
1557 5364 1738 5429 illum,
1760 5364 1813 5419 vi
1844 5379 2027 5419 causa;
2057 5375 2114 5421 et

523 5461 913 5518 similitudinis
940 5476 1009 5515 ex
1032 5468 1185 5528 parte
1213 5473 1336 5515 esse
1374 5457 1666 5514 evidenter
1694 5457 1895 5512 Filium
1935 5457 2114 5513 Patris

523 5556 823 5625 spirituum
850 5553 969 5619 Dei,
992 5551 1095 5607 fuit
1120 5552 1317 5617 Adam,
1344 5551 1720 5622 genealogiam
1748 5552 1821 5605 ita
1845 5550 2116 5607 ordinans

525 5653 583 5698 et
605 5646 835 5702 dicens:
876 5664 894 5696 ι
927 5644 1035 5711 Qui
1064 5644 1170 5699 fuit
1202 5643 1376 5699 Adam
1412 5643 1508 5712 qui
1547 5642 1654 5698 fuit
1696 5643 1796 5698 Dei
1824 5645 1866 5703 ’,
1902 5661 1919 5693 ι
1967 5642 2115 5695 sicut

527 5735 701 5793 dixit:
733 5756 751 5790 ι
790 5735 896 5802 Qui
927 5736 1035 5790 fuit
1065 5735 1199 5791 Seth
1221 5737 1316 5806 qui
1342 5733 1447 5788 fuit
1483 5734 1655 5789 Adam
1687 5735 1728 5801 ³,
1766 5752 1782 5784 ι
1808 5733 2113 5788 scilicetex

605 5912 626 5940 ³
649 5912 784 5966 Luc.
820 5928 897 5977 ιιι,
923 5912 1010 5967 58.
1090 5913 1109 5943 ³
1144 5912 1279 5967 ibid.

2214 4777 2314 4864 σας
2348 4777 2565 4857 Λουκᾶς
2602 4795 2631 4847 ὁ
2672 4787 3069 4859 εὑαγγελιστὴς
3114 4783 3345 4838 ὲνοὺσαν
3388 4780 3485 4835 καὶ
3511 4778 3592 4848 τῷ
3631 4777 3808 4845 Ἀδὰμ

2213 4896 2350 4967 πρὸς
2399 4894 2491 4947 τὸν
2542 4889 2755 4959 πατέρα
2802 4884 2911 4938 τῶν
2969 4874 3486 4967 πνευμάτωνᾷΘεόνο
3524 4869 3667 4925 κατὰ
3698 4876 3808 4939 γάρ

2211 4963 2391 5059 ψυχὴν
2429 4985 2589 5057 μόνον
2622 4979 2898 5052 προσεχὴς
2931 4976 3103 5037 αἴτιος
3129 4970 3281 5041 αὑτῷ
3309 4965 3377 5040 ἦν
3429 4966 3459 5059 ὁ,
3499 4964 3656 5059 θεὸς,
3687 4963 3812 5059 ’έμῖ-

2227 5079 2416 5151 φυσῶν
2461 5075 2610 5144 αὑτῷ
2658 5072 2878 5142 πνεῦμα
2935 5067 3082 5138 ζωῆς
3113 5067 3191 5128 εἰς
3218 5062 3399 5133 ψυχὴν
3447 5058 3652 5123 ζῶσαν,
3685 5053 3811 5106 ἐπεὶ

2216 5149 2278 5230 τὸ
2304 5174 2467 5244 σῶμα
2499 5172 2612 5226 ἀπὸ
2636 5170 2737 5239 γῆς
2768 5165 2919 5236 αὑτῷ
2942 5160 3307 5236 προδιέπλασε
3334 5174 3347 5186 ·
3381 5157 3476 5208 καὶ
3509 5152 3653 5206 κατὰ
3676 5149 3813 5203 ταύ-

2217 5286 2317 5340 την
2386 5263 2693 5335 σωζόμενον
2751 5259 2911 5331 μόνον
2968 5256 3029 5309 τὸ
3083 5254 3202 5308 κατ’
3259 5250 3449 5304 εἰκόνα
3508 5245 3645 5298 Θεοῦ
3715 5244 3811 5295 καὶ

2220 5333 2482 5431 ὁμοίωσιν
2617 5351 2923 5423 ἀνθρώπιν’
2957 5344 3111 5409 εἰδὼς
3139 5346 3204 5398 ὲκ
3232 5340 3469 5413 μερικῆς
3505 5337 3687 5398 αἰτίας
3720 5333 3813 5387 καὶ

2220 5452 2531 5526 ὁμοιώσεως
2562 5448 2691 5501 Υἰὸν
2720 5445 2909 5513 σαφῶς
2937 5440 3031 5495 τοῦ
3062 5438 3276 5509 [ἰατρὸς
3321 5435 3442 5526 τῶν
3482 5430 3813 5526 πνευμάτων

2221 5521 2379 5611 όεοῦ,
2435 5543 2529 5598 καὶ
2575 5540 2668 5595 τὸν
2709 5537 2882 5608 ’Λδὰμ
2927 5532 3355 5603 ἐγενεαλόγησεν
3390 5525 3564 5587 οὕτως
3613 5521 3817 5578 ἀνατά-

2224 5641 2321 5708 ξας
2351 5639 2445 5691 καὶ
2483 5633 2674 5697 εἰπὼν,
2708 5628 2848 5685 εἶναι
2897 5627 2993 5683 τοῦ
3056 5625 3231 5696 Ἀδὰμ
3275 5623 3368 5676 τοῦ
3417 5617 3577 5680 Θεοῦ,
3622 5615 3815 5681 ὥσπερ

2223 5734 2349 5802 ἔφη,
2395 5728 2543 5783 «Τοῦ
2597 5726 2705 5797 Σὴο
2764 5722 2858 5778 τοῦ
2920 5721 3115 5789 Ἀδὰμ,
3148 5737 3166 5771 ι
3222 5718 3392 5789 ἡγουν
3450 5712 3543 5767 τὸν
3587 5711 3654 5764 ἔκ
3720 5707 3813 5762 τοῦ
