4116 6446
359 402 496 468 1613

1287 410 1687 477 ADVERSUS
1727 413 2274 479 NESTORIANOS.
2308 442 2373 452 -τ
2400 417 2545 477 LIB.
2589 416 2707 478 III.

3510 412 3647 478 1614

377 518 574 589 Ἀδάμ·
628 520 724 572 καὶ
776 520 967 593 ῶσπερ
1022 516 1166 591 εἷπε,
1222 523 1370 578 «Τοῦ
1423 525 1677 591 Ἰσαὰκ,›
1730 526 1869 596 ὅπερ
1919 527 1947 579 6

2067 527 2261 583 Idam:
2296 537 2353 584 et
2382 528 2861 599 quemadmodum
2885 525 2963 581 ait
2994 542 3007 581 :
3043 544 3062 578 ι
3096 523 3201 594 Qui
3266 524 3372 582 fuit
3428 525 3582 582 Isaac
3622 547 3644 582 ν

363 612 645 677 Ματθαῖος
676 612 861 683 ἔλεγεν
881 632 896 647 ·
929 635 947 664 ε
985 616 1242 689 Ἀδραάμ
1274 618 1535 689 ἐγέννησε
1574 619 1664 673 τὸν
1706 620 1948 683 ⁹Ισαάκ,ι

366 705 541 770 οὕτως
576 707 682 779 ἔφη
704 751 719 774 ,
752 727 771 761 ι
792 708 900 763 Τοῦ
943 710 1115 782 Ἀδάμ
1139 711 1236 765 τοῦ
1267 712 1427 765 Θεοῦ.
1477 732 1495 764 ι
1542 712 1699 767 Οὕτω
1732 714 1832 785 μὲν
1861 705 1955 768 οῦν

361 799 543 871 ἐχέτω
572 801 702 856 τάδε
722 818 737 834 ο
766 803 1061 856 ἀκουστέον
1091 804 1150 857 δὲ
1176 804 1273 858 καὶ
1300 804 1411 859 τῶν
1444 804 1670 859 λοιπῶν.

972 919 1229 977 ΚΕΦᾹΔ.
1270 920 1349 974 E'.

441 1030 506 1089 Ei
535 1028 629 1092 οῦν
663 1037 823 1105 φύσει
866 1037 1015 1091 ἐστὶν
1066 1037 1196 1101 Υἱὸς
1229 1038 1366 1093 Θεοῦ
1397 1038 1425 1090 6
1472 1038 1729 1110 Χριστὸς,
1756 1037 1851 1092 καὶ
1895 1038 1956 1090 οὐ

371 1128 514 1183 κατὰ
546 1129 708 1199 χάριν
760 1128 1037 1193 υἱοθεσίας
1077 1128 1333 1199 ἠξίωται,
1367 1129 1525 1199 φασὶ,
1568 1128 1690 1192 πῶς
1742 1128 1959 1200 εἴρηται

370 1220 451 1274 ἔτι
482 1220 664 1290 πολλῷ
695 1220 897 1291 μᾶλλον
922 1222 955 1293 ἡ
986 1222 1150 1292 χάρις
1173 1221 1269 1273 καὶ
1304 1222 1336 1292 ἡ
1372 1218 1554 1290 δωρεὰ
1581 1219 1673 1273 τοῦ
1708 1218 1866 1285 Θεοῦ,
1901 1222 1959 1274 ὲν

368 1313 557 1383 χάριτι
600 1314 696 1366 τοῦ
735 1312 854 1376 ἑνὸς
879 1311 1170 1385 ἀνθρώπου
1214 1311 1390 1383 Ἰησοῦ
1425 1312 1690 1383 Χριστοῦ,
1720 1315 1803 1376 είς
1830 1314 1961 1378 τοὺς

374 1406 603 1469 πολλοὺς
646 1406 1047 1476 περιέσσευσε;
1100 1405 1197 1457 καὶ
1242 1405 1347 1468 ὅτι,
1392 1422 1411 1456 ι
1444 1404 1773 1476 Ἐχαρίσατο
1810 1403 1961 1476 αὐτῷ

369 1500 398 1550 6
422 1498 552 1560 Θεὸς
578 1497 749 1565 ὄνομα
773 1497 832 1549 τὸ
857 1497 996 1567 ὑπὲρ
1020 1499 1125 1550 πᾶν
1142 1496 1342 1567 ῦνομας
1369 1515 1387 1548 ι
1413 1497 1527 1561 καὶ,
1559 1516 1577 1548 ι
1600 1497 1659 1550 ’0
1680 1496 1756 1568 μὴ
1783 1496 1961 1567 ἑαυτῷ

370 1590 430 1642 δὲ
477 1589 659 1642 λαϐὼν
698 1588 798 1659 τὴν
834 1587 1025 1659 τιμὴν,
1078 1588 1215 1643 ἀλλὰ
1260 1588 1486 1659 κληθεὶς
1537 1588 1643 1642 ὑπὸ
1690 1588 1785 1642 τοῦ
1821 1589 1961 1643 Θεοῦ

372 1683 629 1753 καθάπερ
681 1683 776 1736 καὶ
816 1683 1052 1753 ’Δαρὼν,
1077 1702 1094 1734 ι
1135 1682 1189 1735 τί
1239 1684 1389 1737 ἐστιν
1442 1676 1599 1746 οὗτος
1638 1684 1666 1735 ὁ
1704 1683 1960 1754 Χριστὸς,

370 1774 583 1830 εἴπατε.
624 1776 793 1829 Πάλιν
826 1776 1191 1846 παρεκδοχαὶ,
1220 1775 1384 1829 πάλιν
1418 1776 1764 1847 μεταγωγαὶ,
1795 1776 1962 1831 πάλιν

2056 621 2205 691 quod
2228 620 2514 677 Matthaaus
2538 622 2792 677 vertebat
2819 640 2831 675 :
2870 620 3150 676 Abraham
3182 622 3377 693 genuit
3399 622 3552 676 Isaac
3570 621 3643 676 ⁸..

2059 715 2135 770 ita
2162 715 2302 771 dixit
2333 733 2348 770 :
2391 735 2408 767 ι
2445 715 2549 783 Qui
2570 715 2678 770 fuit
2702 713 2875 771 Adam
2898 715 2994 786 qui
3029 714 3136 770 fuit
3160 716 3280 771 Dei.
3309 735 3328 769 ι
3374 716 3454 769 Ita
3481 716 3652 787 igitur

2062 807 2180 863 haec
2207 809 2319 864 sint
2343 825 2356 862 :
2390 809 2487 864 sed
2510 808 2723 880 reliqua
2752 808 3035 864 audienda
3063 818 3217 866 sunt.

2725 923 2880 980 CAP.
2916 925 2981 979 V.

2132 1039 2188 1095 Si
2211 1054 2342 1108 ergo
2370 1048 2572 1093 natura
2616 1048 2701 1093 est
2738 1039 2914 1093 Filius
2950 1039 3049 1094 Dei
3082 1039 3363 1105 Christus,
3415 1050 3472 1097 et
3530 1055 3638 1095 nor»

2062 1132 2372 1188 secundum
2410 1131 2649 1201 gratiam
2686 1131 2931 1186 ﬁliorum
2964 1131 3284 1202 adoptionis
3310 1135 3514 1204 dignus
3549 1134 3649 1187 ha‘

2062 1226 2217 1281 bitus
2246 1234 2355 1289 est,
2387 1226 2567 1288 aiunt,
2601 1224 2882 1294 quomodo
2915 1222 3126 1279 dictum
3163 1235 3277 1292 est;
3323 1227 3499 1279 multo
3532 1241 3644 1279 ma-

2064 1318 2149 1389 gis
2183 1318 2361 1389 gratia
2393 1325 2449 1372 et
2483 1316 2692 1371 donum
2744 1316 2866 1382 Dei,
2900 1316 2958 1371 in
2987 1319 3161 1387 gratia
3197 1319 3366 1373 unius
3408 1319 3654 1373 hominis

2060 1412 2191 1466 Jesu
2220 1410 2426 1466 Christi
2450 1410 2505 1463 in
2542 1409 2733 1479 plures
2763 1409 3070 1464 abundavit
3101 1410 3161 1464 ll?
3189 1419 3245 1465 et
3278 1411 3463 1465 istud:
3506 1411 3651 1465 «Do-

2062 1507 2219 1562 navit
2252 1507 2332 1561 illi
2364 1507 2514 1560 Deus
2569 1520 2773 1560 nomen
2808 1506 2957 1576 quod
3007 1514 3094 1561 est
3148 1521 3320 1576 super
3353 1523 3518 1562 omne
3554 1522 3657 1561 no-

2063 1611 2190 1650 men
2217 1595 2272 1648 8?
2305 1616 2323 1646 ι
2356 1603 2414 1651 et
2445 1612 2459 1648 :
2503 1615 2520 1646 ι
2544 1595 2649 1661 Qui
2685 1611 2797 1649 non
2830 1597 3051 1667 accepit
3091 1598 3201 1651 sibi
3234 1597 3531 1663 honorem,
3558 1598 3652 1653 sed

2062 1694 2295 1742 vocatus
2343 1695 2430 1742 est
2459 1703 2490 1742 a
2538 1688 2652 1742 Deo
2706 1696 2973 1758 tanquam
3021 1689 3208 1744 Aaron
3244 1692 3353 1745 7?;
3384 1691 3521 1762 quid
3569 1700 3656 1746 est

2064 1779 2169 1835 iste
2188 1778 2467 1843 Christus,
2486 1779 2677 1833 dicite.
2701 1780 2846 1836 Usus
2868 1780 3035 1836 modo
3063 1782 3466 1852 synecdoclaes,
3486 1783 3655 1838 modo

370 1870 427 1921 αί
465 1866 719 1938 συνήθεις
758 1868 1137 1938 μετωνυμίαι·
1177 1870 1273 1922 καὶ
1321 1868 1512 1938 θαῦμά
1574 1885 1639 1936 γε
1674 1868 1849 1932 οὕτως
1876 1868 1964 1921 εὑ-

2069 1872 2429 1942 metaphorae,
2475 1873 2641 1926 modo
2669 1874 3023 1943 mctonymim
3054 1885 3395 1945 usurpatur:
3445 1884 3502 1929 et
3547 1874 3655 1929 mi~

367 1962 738 2032 επιλήσμονές
767 1963 893 2015 ἐστε
919 1962 1014 2015 καὶ
1045 1954 1121 2016 ὧν
1146 1962 1301 2033 ὑμεῖς
1322 1963 1583 2026 πολλάκις
1603 1964 1884 2034 εἰρήκατε,
1913 1962 1961 2015 εἰ

376 2057 453 2127 μὴ
493 2058 602 2127 ἄρα
641 2056 703 2109 τὸ
749 2056 844 2110 τοῦ
900 2057 1185 2128 ληθάργου
1224 2056 1397 2120 πάθος
1446 2060 1684 2110 νοσεῖτε·
1732 2058 1814 2111 ὅτι
1854 2057 1962 2129 γὰρ

373 2150 470 2204 καὶ
500 2147 568 2201 τὰ
599 2148 692 2202 τοῦ
722 2149 841 2212 ἑνὸς
874 2149 980 2202 τῶν
1016 2148 1199 2219 μερῶν
1239 2147 1406 2202 αὑτοῦ
1443 2148 1538 2201 τοῦ
1570 2150 1773 2220 μέρους
1824 2167 1963 2203 κατ-

372 2245 680 2314 ηγορεῖται,
712 2242 815 2295 οὐκ
839 2243 1088 2311 ἀγνοεῖτε
1109 2258 1125 2275 ·
1156 2240 1233 2305 ὼς
1263 2241 1345 2304 τὸ,
1386 2261 1408 2294 ι
1434 2242 1661 2295 Ἐθεντο
1683 2242 1751 2297 τὰ
1780 2242 1963 2314 θνησι-

2065 1980 2188 2020 rum
2206 1964 2354 2034 quod
2378 1964 2456 2018 ita
2481 1979 2603 2034 quae
2616 1972 2672 2019 et
2691 1979 2789 2018 vos
2806 1980 2946 2034 saepe
2965 1964 3207 2031 dixistis,
3232 1965 3653 2029 fueritis’obliti,

2064 2059 2173 2113 nisi
2197 2057 2481 2127 lethargize
2515 2058 2711 2112 morbo
2758 2057 3026 2113 laboretis
3058 2074 3208 2113 :non
3247 2060 3396 2113 enim
3433 2059 3657 2131 ignora-

2069 2148 2141 2203 tis
2175 2164 2301 2221 qua:
2337 2156 2468 2202 sunt
2496 2147 2663 2202 unius
2695 2164 2759 2203 ex
2782 2150 3035 2219 partibus
3057 2151 3124 2205 de
3152 2150 3273 2220 ipsa
3313 2160 3472 2221 parte
3512 2150 3658 2205 affir-

2066 2242 2246 2296 mari:
2314 2241 2462 2298 sicut
2492 2242 2549 2296 in
2584 2242 2693 2297 hoc
2742 2241 2904 2297 loco:
2968 2243 3332 2298 «Posuerunt
3382 2243 3655 2298 cadavera

374 2339 515 2406 μαῖα
555 2336 665 2389 τῶν
705 2335 913 2389 δούλων
940 2352 1059 2397 σου,
1089 2333 1362 2405 βρώματα
1403 2338 1518 2398 τοῖς
1566 2338 1836 2399 πετεινοῖς
1868 2334 1962 2388 τοῦ

2067 2348 2358 2388 servorum
2379 2342 2604 2388 tuorum
2637 2332 2694 2387 in
2720 2348 2906 2388 escam
2924 2334 3250 2390 volatilibus
3279 2334 3432 2395 coeli.
3459 2350 3658 2389 carnes

372 2427 625 2499 οὐρανοῦ,
657 2428 755 2488 τὰς
783 2428 992 2499 σάρκας
1023 2427 1131 2479 τῶν
1157 2426 1321 2480 ὁσίων
1354 2443 1447 2480 σου
1479 2428 1589 2490 τοῖς
1618 2427 1833 2498 θηρίοις
1863 2426 1965 2497 τῆς

374 2523 498 2591 γῆς,
542 2541 561 2574 ι
616 2520 780 2573 Ἀλλὰ
831 2519 925 2573 καὶ
967 2520 1049 2573 ὅτι
1081 2520 1148 2573 τὰ
1172 2518 1267 2572 τοῦ
1296 2520 1419 2573 ὅλου
1462 2520 1661 2590 μέρους
1693 2521 1837 2574 κατὰ
1868 2520 1964 2574 τοῦ

376 2613 500 2668 ὅλου
530 2612 770 2681 λέγεται,
807 2612 949 2665 ἴστε·
985 2612 1059 2676 ὡς
1082 2612 1163 2674 τὸ,
1197 2631 1215 2662 ι
1251 2614 1401 2665 Ἑκεί
1426 2612 1635 2680 ἔθαψαν
1677 2612 1954 2683 Ἀϐραὰμ,

381 2709 473 2760 καὶ
508 2708 726 2779 Σάρραν
757 2706 856 2778 τὴν
894 2709 1126 2774 γυναῖκα
1157 2705 1344 2761 αὑτοῦ.
1394 2725 1411 2758 ι
1451 2707 1563 2760 Καὶ
1594 2706 1869 2760 ἀνάπαλιν
1898 2706 1969 2760 τὰ

378 2800 474 2854 τλῦ
509 2800 655 2867 ὅλου,
697 2800 839 2853 κατὰ
861 2800 953 2853 τοῦ
1004 2799 1205 2870 μέρους
1231 2815 1244 2828 ·
1271 2798 1348 2862 ῶς
1382 2798 1465 2865 τὸ,
1496 2818 1514 2851 ι
1542 2800 1651 2854 Καὶ
1711 2799 1967 2869 εἰσῆλθεν

395 2893 588 2948 Ἰακὼϐ
611 2895 667 2946 ἐν
698 2900 769 2947 οε¹
797 2894 996 2964 ψυχαῖς
1017 2895 1097 2957 είς
1119 2892 1395 2961 Αἴγυπτον
1415 2908 1428 2921 ·
1458 2912 1477 2945 ι
1511 2892 1591 2946 ἔτι
1626 2892 1732 2964 μὴν
1761 2894 1842 2946 ὅτι
1874 2892 1970 2947 καὶ

378 2988 447 3039 τΞι
465 2987 557 3040 τοῦ
572 2986 694 3041 ὅλου
711 2987 850 3040 κατὰ
869 2986 961 3039 τοῦ
980 2991 1182 3058 μέρους
1201 2984 1367 3038 αὐτοῦ
1389 2985 1610 3053 λέγεταί
1628 3003 1757 3039 ποτε
1781 2985 1969 3055 μόνου,

379 3081 696 3151 ὅμδλογεῖτε
725 3098 738 3111 ο
775 3079 851 3142 ὡς
896 3081 954 3132 ὲν
1004 3078 1104 3149 τῷ,
1152 3099 1170 3131 ι
1203 3078 1528 3143 Ἐνύσταξεν
1584 3078 1617 3149 ἡ
1665 3078 1811 3149 ψυχή
1865 3095 1966 3149 μου

383 3174 491 3228 ἀπὸ
539 3173 791 3245 ἀκηδίας.
829 3192 847 3224 ι
903 3171 1042 3225 Οῦτε
1100 3171 1208 3241 γὰρ
1252 3171 1433 3241 σῶμα,
1483 3168 1607 3223 οὔτε
1648 3169 1797 3241 ψυχὴ
1841 3169 1966 3223 καθ’

386 3269 563 3337 αὐτὴν
588 3266 865 3331 νυστάξει·
885 3266 981 3319 καὶ
1001 3266 1059 3317 ὲν
1088 3265 1219 3335 τῷ,ι
1242 3264 1450 3335 Ἐκχεῶ
1472 3264 1579 3318 ἀπὸ
1604 3265 1698 3318 τοῦ
1724 3264 1973 3335 πνεύμα-

380 3362 475 3425 τΞς
517 3378 619 3430 μου
665 3358 760 3412 ἐπὶ
795 3359 978 3411 πᾶσαν
1024 3357 1221 3427 σάρκα·
1256 3376 1272 3407 ι
1307 3356 1369 3409 οὐ
1415 3355 1524 3427 γὰρ
1553 3354 1618 3428 δὴ
1644 3356 1741 3427 τὴν
1768 3356 1975 3427 ἄψυχόν

389 3470 556 3526 φησι·
589 3453 686 3506 καὶ
714 3452 795 3505 ὅτι
823 3449 880 3503 δὲ
903 3450 972 3503 τά
998 3448 1092 3501 τοῦ
1142 3448 1264 3502 ὅλου
1292 3448 1436 3501 κατὰ
1466 3447 1561 3502 τοῦ
1585 3449 1708 3502 ὅλου
1728 3448 1972 3517 λέγεται,

388 3550 765 3622 ἁναμφίὸολον
796 3549 990 3602 πᾶσιν·
1029 3546 1104 3610 ὠς
1131 3547 1221 3609 τὸ,
1258 3547 1447 3598 Ἰσαὰκ
1476 3545 1532 3599 ὅὲ
1565 3544 1862 3616 ἐπορεύετο
1891 3544 1979 3599 διὰ

389 3648 489 3714 τῆς
515 3646 724 3717 ἐρήμου
747 3644 888 3698 κατὰ
916 3644 977 3694 τὸ
1008 3639 1189 3710 φρέαρ
1220 3640 1317 3704 τῆς
1337 3638 1616 3710 ὁράσεως·
1636 3637 1698 3690 τὸ
1720 3638 1775 3691 δὲ
1799 3638 1976 3706 παραυ

387 3736 539 3801 δοιξον
568 3733 803 3805 ἐροῦμεν
830 3733 914 3785 ἔτι
932 3747 947 3762 ·
983 3731 1065 3784 ὅτι
1090 3729 1184 3782 ἐπὶ
1218 3728 1328 3782 τῶν
1375 3727 1624 3798 φυσικῶν
1649 3726 1980 3781 οἰκειώσεων

391 3832 540 3885 ἔστιν
577 3830 703 3882 ἰδεῖν
739 3826 828 3880 διὰ
862 3826 961 3896 τὴν
995 3826 1058 3877 ὲκ
1084 3823 1183 3894 τῆς
1213 3821 1461 3886 ἑνὼσεως
1505 3819 1853 3891 συμπάθειαν
1888 3820 1982 3873 ἐπὶ

388 3922 499 3976 τῶν
516 3919 764 3975 ὁπωσοῦν
782 3918 1124 3987 παθημάτων
1144 3914 1442 3987 ἡνωμένων
1467 3914 1671 3985 μερῶν,
1697 3914 1781 3968 ὅτι
1802 3915 1894 3966 καὶ
1913 3912 1982 3966 τά

391 4014 623 4086 θατέρου
647 4012 757 4065 τῶν
782 4010 967 4082 μερῶν
988 4008 1082 4061 τοῦ
1103 4008 1250 4072 ὅλου,
1273 4005 1416 4059 κατὰ
1444 4006 1538 4059 τοῦ
1570 4006 1758 4075 ἐτέρου
1782 4005 1982 4075 μέρους

392 4105 562 4162 αὑτοῦ
625 4104 1057 4174 κατηγορεῖται·
1096 4099 1173 4163 ὡς
1218 4099 1301 4160 τὸ,
1356 4098 1538 4169 ψυχὴν
1585 4096 1680 4150 τοῦ
1745 4096 1979 4165 φονέως,

394 4201 515 4255 ἀντὶ
561 4199 663 4269 τῆς
716 4197 895 4267 ψυχῆς
942 4193 1036 4248 τοῦ
1078 4191 1455 4262 φονευθέντος,
1518 4188 1977 4243 ἀποκτείνεσθαι·

395 4295 576 4348 καίτοι
628 4291 680 4344 οἱ
723 4286 1120 4349 ἁποκτένοντες
1150 4325 1165 4351 ,
1206 4284 1269 4337 τὸ
1342 4283 1503 4354 σῶμα
1566 4281 1932 4335 ἀποκτένουσι
1965 4323 1980 4349 ,

400 4386 540 4454 μετὰ
566 4383 625 4437 δὲ
664 4379 824 4435 τοῦτο
868 4378 971 4432 οὐκ
998 4376 1181 4448 ἔχουσι
1211 4374 1264 4429 τί
1291 4376 1683 4446 περισσότερον
1718 4375 1981 4443 ποιῆσαι·

393 4475 599 4531 τοιόνδε
656 4473 723 4544 δή
775 4469 1026 4524 ἐστικαὶ
1076 4467 1157 4531 τὸ,
1201 4484 1220 4518 ι
1256 4464 1606 4519 Ἐταπείνουν
1648 4466 1705 4516 ὲν
1757 4465 1986 4535 νηστείᾳ

395 4571 493 4643 τὴν
531 4568 713 4639 ψυχήν
756 4582 856 4635 μου
879 4580 892 4596 ο
921 4583 939 4616 ι
972 4562 1067 4617 καὶ
1102 4561 1211 4632 γὰρ
1242 4559 1305 4613 τὸ
1340 4558 1502 4629 σῶμα
1537 4558 1767 4629 πρώτως
1797 4574 1857 4611 τε
1892 4559 1985 4613 καὶ

388 4663 567 4724 ὅντως
599 4659 715 4714 ἐστὶ
736 4656 794 4710 τὸ
826 4657 1256 4723 ταπεινούμενον
1286 4652 1381 4707 ἐπὶ
1410 4651 1655 4723 νηστείᾳ,
1688 4653 1722 4723 ἡ
1754 4651 1810 4704 δὲ
1839 4652 1986 4725 ψυχὴ

398 4755 494 4810 καὶ
529 4752 732 4823 μᾶλλον
757 4751 915 4821 νήφει
944 4748 1037 4801 καὶ
1059 4746 1292 4817 ὑψοῦται
1319 4744 1512 4815 ἐφόσον
1529 4745 1556 4796 6
1577 4744 1681 4808 ἔξω
1702 4744 1991 4816 ἄνθρωπος

395 4844 772 4901 ταπεινοῦται·
799 4843 916 4905 καὶ,
939 4840 1123 4911 (Φωνὴ
1142 4840 1375 4910 αἵματος
1396 4839 1491 4893 τοῦ
1519 4837 1753 4907 ἀδελφοῦ
1775 4854 1869 4890 σου
1896 4836 1994 4910 βοᾷ

402 4942 542 5012 πρός
579 4958 647 5011 με
668 4958 680 4971 ·
706 4958 723 4991 ›
758 4937 854 4990 καί¹
880 4936 990 5006 γὰρ
1016 4935 1130 5000 καὶ,
1164 4932 1307 4986 κατὰ
1337 4932 1428 4985 τὸν
1472 4929 1820 4995 Ἀπόστολον,
1852 4932 1992 4984 ἁπο-

402 5031 582 5086 Οανὼν
612 5030 691 5084 ἔτι
725 5030 879 5083 λαλεῖ
906 5027 982 5091 ὼς
1007 5024 1117 5091 ζῶν
1155 5027 1184 5079 6
1227 5022 1415 5085 Ἅϐελ,
1450 5022 1551 5075 οὑκ
1583 5020 1735 5092 αὑτῷ
1769 5020 1989 5091 αἵματι,

399 5122 539 5179 ἀλλὰ
568 5125 634 5193 τῆ
658 5122 828 5191 ψυχῇ.

475 5213 656 5283 Σαφὲς
697 5212 787 5266 οῦν
820 5212 902 5264 ὅτι
940 5210 976 5264 δι
1028 5210 1290 5281 εἰρήκατε
1339 5208 1541 5271 πάντα,
1596 5204 1729 5276 περὶ
1789 5203 1995 5276 μέρους

399 5308 622 5375 λέγεται
645 5307 740 5361 τοῦ
767 5304 1114 5377 ἀνθρωπίνου
1150 5300 1480 5372 Χριστοῦοὴ
1518 5299 1615 5369 μὲν
1656 5297 1763 5370 γὰρ
1792 5297 1903 5351 τῶν
1935 5300 1995 5351 ὲν

404 5401 556 5471 αὐτῷ
607 5398 846 5469 φύσεων,
900 5398 1030 5461 Θεὸς
1068 5414 1127 5448 τε
1158 5396 1251 5449 καὶ
1286 5395 1413 5458 Υἱὸς
1446 5391 1582 5446 Θεοῦ
1628 5392 1745 5445 ἐστι
1791 5408 1851 5444 τε
1901 5389 1997 5443 καὶ

402 5492 756 5565 ὀνομάζεται,
781 5491 1027 5545 οῦσιώδει
1057 5490 1203 5559 λόγῳ
1225 5504 1238 5518 ·
1276 5490 1309 5558 ἡ
1348 5487 1411 5541 δὲ
1442 5488 1625 5557 χάριτι
1649 5483 1867 5554 άληθῶς
1897 5484 1995 5537 καὶ

404 5592 589 5665 δωρεᾷ
621 5591 775 5654 θείας
812 5589 981 5659 τιμῆς
1007 5587 1103 5643 καὶ
1125 5584 1430 5656 ὀνομασίας
1464 5582 1717 5652 ἠξίωται,
1748 5580 1864 5633 ἀλλ’
1895 5580 1998 5649 οὺχ

407 5685 594 5747 ἁπλῶς
624 5683 795 5753 ὄνομα
824 5680 991 5754 οῦσης
1017 5679 1192 5750 ψιλὸν,
1220 5680 1455 5749 πρᾶγμα
1484 5671 1845 5745 ὑποκείμενον
1878 5674 1997 5726 ὀνο-

476 5844 501 5877 *
529 5842 724 5899 Matth.
757 5859 794 5905 I,
824 5842 877 5895 ε.
956 5841 976 5873 ι
1006 5839 1163 5898 nom.
1188 5855 1246 5907 ν,
1271 5838 1362 5894 eo.
1438 5840 1458 5871 ο
1486 5837 1707 5907 Philipp

405 5930 593 5979 nucx,
627 5914 718 5968 ‘28.
801 5915 839 5945 ”
874 5912 1017 5967 Psal.
1054 5926 1236 5975 xxxiv,
1265 5911 1350 5966 15.
1437 5911 1479 5942 ¹⁹
1506 5909 1645 5963 Gen.
1703 5924 1776 5974 Iv,
1814 5908 1897 5960 ιυ.

1715 5877 1728 5890 .
1750 5852 1787 5890 ιι
1814 5835 1867 5889 9.
1946 5837 1965 5866 ⁷
1985 5834 2152 5890 llebr.
2181 5851 2234 5898 ν,
2254 5834 2305 5889 4.
2386 5833 2407 5866 ⁸
2436 5833 2639 5890 Jerem.
2666 5847 2780 5897 nx,
2806 5831 2859 5885 7.
2933 5828 2954 5861 ’
2978 5826 3121 5883 Gen.
3143 5839 3268 5890 xxv,
3299 5820 3385 5876 10.

2068 2431 2386 2477 sanctorum
2412 2433 2635 2477 tuorum
2658 2423 2854 2477 bestiis
2882 2431 3045 2478 terrae
3077 2424 3134 2491 ⁸,
3163 2443 3180 2475 ›
3221 2425 3317 2479 sed
3341 2425 3511 2479 etiam
3547 2424 3659 2479 sci-

2069 2515 2144 2569 tis
2180 2530 2303 2583 quaa
2340 2523 2470 2569 sunt
2504 2515 2673 2569 totius
2706 2514 2905 2585 partis,
2930 2516 2998 2570 de
3032 2526 3148 2571 toto
3179 2516 3325 2571 dici:
3363 2526 3425 2572 ut
3454 2517 3509 2571 in
3553 2516 3662 2571 hoc

2069 2607 2180 2661 alio
2196 2607 2320 2661 loco
2344 2623 2356 2658 :
2384 2626 2401 2657 ι
2424 2605 2523 2659 llic
2543 2606 2887 2675 sepelierunt
2902 2607 3181 2661 Abraham
3202 2615 3259 2662 et
3280 2607 3415 2663 Sara
3433 2623 3658 2662 uxorem

2070 2701 2191 2771 ejus
2215 2700 2235 2730 θ
2259 2741 2272 2765 ,
2298 2718 2316 2750 ›
2355 2708 2412 2753 et
2447 2700 2672 2762 iterum,
2707 2715 2831 2768 quae
2854 2706 2987 2755 sunt
3022 2702 3216 2767 totius,
3256 2700 3323 2756 de
3356 2708 3549 2770 parte:
3599 2709 3665 2754 ut

2072 2792 2129 2846 in
2167 2794 2296 2856 isto,
2335 2812 2352 2843 ‹
2377 2792 2667 2863 Ingressus
2684 2800 2767 2847 est
2799 2793 2973 2849 Jacob
3001 2809 3130 2849 cum
3153 2795 3271 2849 suis
3288 2794 3582 2848 animabus
3604 2792 3661 2847 in

2070 2887 2389 2960 Egyptum,
2425 2908 2442 2939 ι
2476 2888 2660 2943 adhuc
2681 2888 3026 2943 conﬁtemini
3054 2906 3177 2958 qum
3200 2898 3331 2943 sunt
3385 2889 3558 2943 totius
3591 2886 3663 2942 de

2072 2990 2228 3050 parte
2248 2980 2364 3049 ipsa
2384 2980 2496 3034 dici
2513 2980 2811 3050 aliquando
2828 2981 2965 3046 sola,
2986 2980 3131 3036 sicut
3148 2982 3204 3035 in
3222 2996 3288 3035 eo
3307 2981 3429 3035 loco
3451 3000 3463 3034 :
3492 2980 3663 3033 «Dor-

2071 3070 2290 3123 mitavit
2342 3070 2530 3125 anima
2594 3085 2718 3125 mea
2767 3086 2882 3141 pne
2925 3071 3094 3126 taedio
3144 3073 3225 3137 1°;
3260 3090 3278 3122 ι
3335 3086 3447 3125 non
3509 3070 3660 3125 enim

2074 3179 2299 3235 corpus,
2347 3180 2532 3234 neque
2580 3164 2766 3219 anima
2816 3165 3125 3220 secundum
3165 3165 3404 3235 seipsam
3461 3178 3667 3234 perno-

1997 3241 2043 3301 C
2078 3260 2207 3319 ctat,
2236 3261 2293 3307 et
2330 3252 2385 3306 in
2417 3253 2547 3318 alio,
2587 3253 2854 3308 «Etfundo
2875 3254 2942 3308 de
2975 3253 3176 3323 spiritu
3198 3268 3325 3308 meo
3362 3268 3665 3323 superoru-

2076 3362 2203 3401 nem
2235 3360 2493 3408 carnem;
2523 3364 2542 3397 ›
2576 3361 2688 3401 ηοη
2725 3347 2874 3402 enim
2908 3347 3057 3401 illam
3111 3348 3231 3402 sine
3273 3346 3457 3401 anima
3500 3346 3663 3404 dicit:

2076 3449 2134 3496 et
2187 3456 2311 3511 qua:
2362 3448 2494 3495 sunt
2550 3440 2726 3495 totius
2787 3440 2858 3495 de
2907 3449 3024 3495 toto
3075 3439 3210 3505 dici,
3261 3446 3519 3510 apertum
3582 3450 3669 3495 est

2076 3533 2381 3598 omnibus;
2455 3532 2602 3587 sicut
2662 3530 2725 3585 in
2776 3532 2973 3597 altero,
3032 3532 3185 3587 Isaac
3243 3532 3359 3586 ibat
3408 3548 3511 3602 per
3567 3531 3667 3588 de-

2080 3636 2291 3681 sertum
2320 3626 2479 3695 juxta
2505 3622 2709 3678 fossam
2740 3623 3014 3688 visionis;
3063 3622 3275 3693 aliquid
3328 3639 3465 3680 vero
3507 3624 3670 3679 inau-

2080 3717 2262 3771 ditum
2313 3716 2777 3788 superaddemus,
2837 3732 3042 3787 nempe
3099 3717 3246 3787 quod
3319 3726 3535 3788 spectat
3600 3717 3667 3772 ad

2082 3816 2367 3873 naturales
2440 3815 2909 3888 conjunctiones,
2957 3814 3123 3871 datur
3192 3815 3385 3870 videre
3433 3824 3664 3886 propter

2085 3910 2453 3984 sympathiam
2507 3925 2632 3981 qua:
2679 3925 2749 3965 ex
2798 3908 3005 3964 unione
3061 3909 3245 3964 oritur
3295 3908 3478 3979 quoad
3535 3908 3674 3963 affe-

2083 4010 2209 4058 ctus
2269 4000 2515 4072 partium
2576 3999 2897 4065 unitarum,
2963 4014 3086 4068 qua:
3138 4008 3270 4053 sunt
3324 3998 3558 4052 alterius
3607 4013 3675 4052 ex

2088 4094 2345 4166 partibus
2394 4092 2586 4159 totius,
2618 4092 2687 4148 de
2729 4093 2905 4147 altera
2943 4100 3102 4162 parte
3151 4090 3330 4162 ipsius
3376 4091 3697 4156 aﬂirmarig.

2087 4191 2169 4245 sic
2196 4188 2425 4251 dicitur,
2454 4188 2694 4243 animam
2746 4185 3070 4249 homicidae,
3128 4201 3230 4256 pro
3259 4186 3444 4240 anima
3496 4187 3677 4240 inter—

2089 4283 2243 4345 fecti,
2263 4282 2471 4349 occidi;
2494 4297 2662 4352 porro
2686 4280 3075 4337 interfectores
3087 4295 3292 4351 corpus
3308 4279 3673 4340 interficiunt.

2088 4384 2215 4447 post
2246 4375 2515 4429 hoc‘vero
2561 4388 2671 4427 non
2720 4372 2929 4428 habent
2980 4372 3225 4442 amplius
3258 4370 3393 4441 quid
3449 4369 3674 4431 faciant,

2092 4468 2274 4524 simile
2323 4476 2408 4522 est
2464 4466 2569 4519 hoc
2616 4482 2630 4519 :
2687 4482 2704 4515 ι
2748 4462 3121 4519 Humiliabam
3175 4464 3232 4518 in
3294 4462 3504 4535 jejunio
3563 4462 3681 4517 ani-

2012 4591 2065 4649 D
2094 4576 2240 4615 mam
2270 4574 2449 4613 meam
2490 4558 2568 4623 υς
2599 4576 2618 4608 ι
2645 4571 2847 4625 corpus
2898 4554 3048 4610 enim
3080 4554 3322 4625 primum
3372 4564 3429 4609 ct
3454 4552 3681 4608 realiter

2094 4652 2231 4709 illud
2264 4661 2353 4707 est
2377 4650 2525 4720 quod
2551 4648 2882 4703 humiliatur
2904 4648 2959 4702 in
2982 4648 3220 4719 jejunio,
3254 4646 3436 4702 anima
3454 4660 3589 4702 vero
3613 4660 3681 4700 eo

2094 4744 2271 4816 magis
2307 4743 2500 4813 vigilat
2540 4751 2595 4799 et
2624 4742 2922 4806 exaltatur,
2953 4742 3101 4812 quod
3131 4740 3462 4796 humiliatur
3497 4748 3681 4795 exter-

2095 4855 2201 4893 nus
2237 4838 2439 4902 homo,
2494 4845 2553 4891 et
2582 4835 2752 4891 illud:
2791 4835 2941 4891 «Vox
2996 4834 3290 4905 sanguinis
3347 4832 3540 4889 fratris
3590 4831 3673 4886 tui

2096 4932 2300 4986 clamat
2331 4930 2400 4985 ad
2432 4946 2519 4985 me
2540 4930 2619 4996 ¹²;
2646 4949 2665 4981 ι
2700 4929 2913 4985 etenim
2936 4935 2993 4982 et
3011 4926 3318 4983 secundum
3333 4924 3679 4995 Apostolum,

2097 5024 2398 5081 defunctus
2438 5023 2621 5078 adhuc
2673 5020 2924 5092 loquitur
2968 5028 3232 5088 tanquam
3284 5015 3475 5070 vivens
3520 5014 3679 5077 Abel,

2097 5133 2211 5171 non
2241 5116 2363 5187 ipso
2387 5114 2683 5186 sanguine,
2709 5113 2806 5168 sed
2837 5112 3041 5166 anima.

2174 5208 2523 5265 Manifestum
2574 5213 2660 5262 est
2718 5204 2887 5275 igitur
2937 5201 3123 5258 omnia
3178 5216 3299 5270 quae
3349 5197 3567 5254 dixistis
3613 5195 3685 5256 de

2103 5312 2258 5375 parte
2290 5302 2401 5357 dici
2451 5298 2659 5356 Christi
2708 5296 2935 5353 humani
2963 5313 2976 5349 :
3009 5310 3121 5349 una
3154 5294 3303 5348 enim
3357 5302 3685 5346 naturarum

2103 5412 2226 5467 qua:
2254 5403 2385 5451 sunt
2420 5394 2476 5447 in
2499 5392 2643 5462 ipso,
2667 5392 2816 5446 Deus
2843 5397 2900 5445 et
2946 5388 3120 5444 Filius
3151 5386 3248 5442 Dei
3286 5394 3373 5440 ent
3405 5394 3463 5439 et
3503 5382 3687 5438 nomi-

2103 5497 2268 5544 natur
2305 5485 2589 5542 essentiali
2620 5483 2828 5539 verbo:
2870 5482 3041 5537 altera
3074 5494 3207 5534 vero
3264 5479 3441 5549 gratia
3482 5491 3612 5531 vere
3633 5485 3689 5531 et

2103 5580 2275 5642 dono,
2309 5576 2564 5632 divinum
2594 5575 2869 5630 honorem
2891 5580 2947 5628 et
2976 5568 3490 5626 denominationem
3538 5567 3689 5623 ποία

2108 5671 2211 5742 pit,
2249 5683 2373 5739 quae
2398 5683 2510 5722 non
2537 5675 2669 5721 sunt
2703 5664 3033 5735 simpliciter
3061 5676 3264 5717 nomen
3298 5658 3530 5724 nudum,
3562 5656 3690 5727 qui-

3471 5818 3511 5851 "
3540 5818 3683 5877 Psal.
