4116 6448
483 396 617 462 1615

1750 403 2059 463 LEONTII
2104 403 2504 462 BYZANTIN]

3615 400 3762 466 i616

476 508 581 560 bus
610 506 751 559 desit
780 522 869 561 res
926 508 1013 562 isti
1071 507 1282 563 nomini
1340 510 1637 579 subjacens
1688 525 1811 579 quaz
1837 509 2059 580 pr0prie

2169 508 2370 579 μαστὸν
2426 508 2573 569 ἰδίως
2624 504 2760 577 τῷδε
2808 506 2889 577 τῷ
2930 508 3159 577 ὀνόματι
3201 508 3304 561 οὐκ
3357 506 3616 580 ἐχούσης,
3647 506 3765 563 οἷον

474 597 752 651 nominari
780 598 975 668 possit,
998 598 1144 653 sicut
1178 600 1375 655 dicunt
1404 600 1465 653 τὸ
1490 602 1784 671 κριέλαφος
1823 609 1879 655 et
1913 601 2067 656 simi-

475 688 583 754 lia;
646 689 742 745 sed
792 690 1062 745 honorem
1114 691 1357 747 nominis
1406 693 1531 747 Filii
1588 694 1682 749 Dei
1709 704 1766 747 et
1796 694 1926 757 Dei,
1959 694 2064 763 ipsi

477 782 743 837 traditum
804 792 1033 853 propter
1102 786 1365 840 unionem
1437 786 1843 858 hypostaticam
1892 788 2066 857 ipsius

475 889 600 929 cum
640 875 738 929 Dei
768 887 1001 943 natura;
1038 878 1113 933 ita
1151 879 1302 932 enim
1354 879 1576 933 realiter
1615 879 1757 933 dona
1786 889 1841 933 et
1888 879 2065 933 honor

475 977 531 1022 et
557 968 942 1023 denominatio
992 986 1189 1039 magna
1220 969 1462 1025 deificati
1519 970 1587 1024 ab
1621 970 1716 1023 illo
1775 970 1870 1039 qui
1932 987 2063 1025 vere

476 1060 631 1114 illum
662 1060 945 1117 deiticavit
993 1077 1127 1116 vero
1160 1063 1270 1116 Deo
1302 1062 1357 1115 in
1396 1061 1698 1117 donatione
1748 1063 1834 1117 sui
1886 1063 2065 1132 ipsius

474 1153 948 1220 demonstrantur,
1006 1156 1114 1210 nisi
1169 1155 1425 1210 lictitium
1485 1156 1556 1210 sit
1608 1172 1810 1209 nomen
1856 1154 2066 1226 gratiﬁ-

475 1247 653 1300 cantis
685 1248 834 1317 quod
865 1248 946 1301 illi
991 1250 1217 1317 proprie
1252 1248 1445 1303 datum
1480 1260 1585 1304 est.
1610 1250 1729 1305 Non
1761 1249 1868 1304 sibi
1896 1248 2064 1320 igitur

475 1340 711 1410 accepit,
771 1356 970 1410 nempe
995 1357 1023 1395 a
1070 1342 1258 1412 seipso
1286 1343 1596 1397 honorem:
1636 1358 1817 1411 neque
1862 1350 2066 1397 semet-

478 1431 665 1500 ipsum
714 1432 1049 1502 gloriﬁcavit
1077 1433 1355 1499 Christus,
1397 1435 1547 1505 quod
1583 1451 1733 1490 nunc
1787 1435 2064 1505 significat

479 1526 766 1581 hominem
826 1528 1137 1582 secundum
1172 1545 1229 1583 se
1260 1538 1595 1599 spectatum,
1618 1529 1712 1583 sed
1740 1529 1972 1599 loquens
1996 1528 2063 1582 ad

478 1634 605 1672 cum
640 1620 785 1673 Deus
813 1620 1038 1674 realiter
1066 1628 1121 1674 et
1154 1620 1348 1675 dicens
1370 1632 1495 1674 actu
1530 1621 1650 1689 ipso
1683 1637 1794 1690 quo
1824 1619 2063 1675 eﬂicitur

479 1713 597 1781 ipse
636 1712 833 1777 Filius,
861 1729 972 1767 non
1012 1723 1199 1768 autem
1227 1714 1399 1767 verbo
1435 1712 1617 1767 nudo:
1653 1734 1669 1761 ι
1697 1712 1874 1767 Filius
1906 1728 2064 1767 meus

478 1820 539 1859 cs
560 1815 641 1868 tu,
664 1820 768 1876 ego
800 1806 968 1861 hodie
985 1808 1151 1877 genui
1173 1817 1224 1861 te
1252 1808 1317 1872 ”,
1340 1826 1358 1859 ι
1392 1807 1567 1877 gratia
1593 1806 1828 1871 scilicet,
1847 1822 1914 1861 ex
1951 1822 2063 1875 quo

480 1906 533 1951 te
566 1874 858 1952 Filio—meo
884 1874 1083 1952 natura
1117 1900 1269 1969 juxta
1306 1914 1471 1952 unam
1508 1896 1848 1968 hypostasim
1874 1897 2061 1950 univi:
2099 1874 2139 1928 Β

477 1990 683 2044 etenim
698 2006 819 2059 qua:
835 1990 951 2059 ipse
969 1990 1109 2045 dixit
1127 1990 1267 2045 facta
1283 1990 1475 2053 fuisse,
1490 2000 1545 2045 et
1564 1991 1902 2061 impossibile
1915 2007 2068 2045 men-

479 2080 571 2135 tiri
596 2082 791 2148 Deum,
818 2082 1134 2153 accepimus
1149 2083 1217 2138 ab
1241 2085 1382 2153 ipso.
1409 2083 1534 2139 Haec
1553 2084 1722 2154 igitur
1741 2083 2065 2148 ostendunt,

476 2172 626 2243 quod
660 2189 769 2228 non
803 2189 833 2227 a
861 2175 1046 2245 seipso
1082 2176 1297 2231 electus
1347 2177 1497 2231 ﬁlius
1531 2177 1777 2232 hominis
1799 2177 2069 2247 gloriatur

477 2266 660 2320 Deum
692 2266 899 2322 habere
948 2268 1202 2333 Patrem,
1236 2268 1333 2323 sed
1363 2285 1393 2324 a
1433 2270 1547 2324 Deo
1603 2278 1836 2325 vocatus
1874 2280 1959 2325 est
2010 2270 2065 2325 in

475 2358 964 2429 participationem
996 2359 1148 2414 illius
1190 2360 1394 2416 divinae
1422 2361 1730 2427 ﬁliationis.
1774 2373 1830 2419 et
1869 2362 2066 2419 interni

479 2450 660 2519 ipsius
686 2452 1011 2517 sacerdotii,
1043 2452 1191 2523 quod
1222 2470 1331 2509 non
1365 2456 1589 2509 nomine
1619 2465 1858 2519 tantum,
1885 2456 1983 2512 sed
2010 2466 2068 2511 et

477 2557 540 2596 re
595 2543 956 2612 intelligitur:
1013 2544 1159 2610 «Qui
1204 2546 1354 2601 enim
1392 2547 1602 2617 iuravit
1647 2548 1699 2602 ei
1761 2549 2065 2615 Dominus,

476 2648 583 2688 nec
598 2633 879 2701 pwnituit,
914 2635 993 2689 Tu
1021 2652 1081 2690 es
1106 2636 1363 2691 sacerdos
1390 2637 1445 2691 in
1470 2648 1734 2693 aeternum
1763 2641 2067 2695 secundum

477 2729 731 2783 ordinem
772 2730 1180 2785 Melchisedech
1215 2730 1295 2795 ";
1325 2749 1343 2782 ι
1380 2730 1497 2800 ipse
1529 2740 1652 2785 erat
1700 2732 1768 2786 de
1815 2748 1927 2802 quo
1983 2733 2069 2788 di-

478 2833 628 2877 ctum
656 2831 766 2877 est:
809 2842 825 2875 t
856 2823 1127 2879 Dominus
1174 2823 1315 2879 dixit
1350 2823 1417 2879 ad
1465 2839 1574 2888 me,
1614 2825 1790 2880 Filius
1818 2842 1978 2882 meus
2008 2842 2067 2883 es

478 2923 578 2980 tu;
618 2934 636 2965 ι
679 2916 847 2985 igitur
876 2916 959 2971 ha:
987 2932 1177 2980 voces,
1225 2918 1375 2972 sicut
1429 2918 1611 2971 Aaron
1665 2919 1905 2975 similem
1951 2937 2069 2976 mo-

478 3002 609 3056 dum
640 3002 959 3057 donationis
984 3019 1013 3057 a
1036 3004 1149 3058 Deo
1176 3002 1332 3059 factae
1360 3004 1637 3059 donorum
1666 3016 1725 3060 et
1758 3006 2068 3064 vocationis

482 3093 535 3145 in
562 3092 745 3147 Aaron
780 3103 837 3148 et
863 3094 917 3148 in
947 3093 1193 3159 Christo,
1214 3111 1326 3150 non
1353 3106 1537 3151 tamen
1570 3097 1717 3153 dona
1759 3098 1962 3154 similia
1994 3101 2069 3157 si-

2169 618 2301 670 φασι
2348 601 2410 654 τὸ
2469 599 2789 670 κριέλαφος,
2846 600 2945 653 καὶ
2996 600 3066 654 τὰ
3114 602 3278 671 ὃμοια
3306 618 3317 631 ο
3352 600 3492 654 ἀλλὰ
3539 603 3629 657 διὰ
3660 606 3767 673 τῆς

2168 692 2303 762 πρὸς
2341 691 2434 745 τὸν
2482 692 2642 761 φύσει
2691 690 2824 743 Θεὸν
2880 690 3128 753 ἐνώσεως
3164 691 3338 761 αὐτῆς
3384 692 3765 761 ὑποστατικῆς

2172 785 2596 857 μεταδιδομένης
2634 785 2771 854 αὐτῇ
2802 784 2903 855 τῆς
2931 785 3024 837 τοῦ
3077 784 3345 855 ὀνόματος
3376 784 3470 838 τοῦ
3497 784 3631 838 Υίοῦ
3662 784 3760 838 τοῦ

2167 876 2306 931 Θεοῦ
2358 879 2453 930 καὶ
2503 875 2639 929 Θεοῦ
2698 876 2903 946 τιμῆς·
2958 875 3102 929 οῦτω
3141 877 3251 947 γάρ
3305 876 3762 948 πραγματεωδῶς

2168 968 2482 1038 χαρίσματα
2512 968 2606 1020 καὶ
2638 965 2772 1036 τιμὴ
2815 966 2910 1019 καὶ
2944 965 3214 1037 ὀνομασία
3253 969 3465 1038 μεγάλη
3496 970 3591 1021 τοῦ
3619 968 3761 1022 θεω-

2168 1060 2355 1123 θέντος
2381 1059 2533 1129 παρὰ
2560 1057 2653 1111 τοῦ
2685 1056 2904 1127 άληθῶς
2936 1057 3241 1121 θεώσαντος
3277 1059 3408 1113 αὐτὸ
3438 1059 3575 1113 Θεοῦ
3627 1062 3763 1132 άλη-

2168 1148 2296 1212 θοῦς
2323 1149 2381 1202 ἐν
2414 1148 2558 1201 δόσει
2594 1148 2791 1201 ἑαυτοῦ
2820 1148 3120 1213 δείκνυται,
3158 1148 3317 1219 εἴπερ
3369 1150 3443 1221 μὴ
3490 1150 3762 1219 ψευδωνύο

2171 1258 2286 1312 μως
2314 1237 2677 1309 χαριζόμενος
2706 1239 2855 1309 αὐτῷ
2879 1238 2939 1291 τὸ
2966 1238 3097 1291 ῐδιον
3121 1239 3295 1309 ὄνομα
3326 1239 3576 1296 λέλεκται
3604 1259 3619 1274 ·
3659 1245 3761 1315 οὐχ

2166 1330 2348 1399 ὲαυτῷ
2382 1328 2473 1382 οῦν
2495 1328 2705 1395 ἐλαϐεν,
2735 1330 2904 1399 ήγουν
2935 1330 3029 1398 ἀφ’
3054 1330 3274 1396 ἑαυτοῦ,
3300 1332 3398 1401 τὴν
3414 1336 3581 1403 τιμήν
3600 1350 3614 1363 ⁸
3637 1336 3762 1389 οὐδὲ

2166 1420 2359 1473 ἑαυτὸν
2397 1418 2648 1483 ὲδόξασεν
2682 1419 2991 1491 ὁΧριστὸς,
3021 1421 3160 1490 ὅπερ
3207 1422 3465 1491 σημαίνει
3517 1424 3613 1477 νῦν
3664 1424 3761 1479 τὸν

2167 1514 2288 1567 κατ’
2336 1514 2499 1567 αὑτὸν
2549 1512 2859 1584 ἄνθρωπον,
2904 1514 3021 1567 ἀλλ’
3064 1514 3094 1567 ό
3145 1514 3387 1586 λαλήσας
3420 1517 3559 1587 πρὸς
3590 1520 3761 1573 αὐτὸν

2165 1607 2299 1669 Θεὸς
2322 1606 2785 1678 πραγματιωδῶς,
2818 1607 2913 1660 καὶ
2948 1607 3121 1662 εἰπὼν
3167 1608 3245 1680 τῷ
3276 1610 3426 1681 ἔργῳ
3469 1616 3568 1684 τῆς
3619 1614 3761 1686 πρὸς

2166 1701 2329 1756 αὑτὸν
2361 1701 2635 1763 υίοποιίας
2680 1700 2845 1754 αὑτοῦ
2875 1703 2970 1755 καὶ
2995 1704 3057 1755 οὐ
3082 1703 3227 1773 λόγῳ
3256 1704 3417 1775 ψιλῷ,
3455 1726 3473 1757 ‹
3500 1708 3630 1771 Υἱός
3654 1726 3765 1777 μου

2167 1789 2219 1847 εἴ
2252 1794 2315 1846 σὺ
2337 1834 2351 1857 ,
2388 1790 2500 1862 ἐγὼ
2535 1793 2779 1863 σήμερον
2814 1794 3126 1865 γεγέννηκά
3166 1812 3246 1860 σε,
3278 1815 3296 1848 ι
3337 1798 3518 1868 χάριτι
3563 1800 3759 1870 ήγουν,

2170 1887 2266 1955 ἀφ’
2298 1881 2359 1941 οὗ
2390 1886 2467 1956 τῷ
2493 1884 2655 1955 φύσει
2698 1903 2802 1956 μου
2852 1885 2966 1956 Υἱῷ
2999 1904 3058 1939 σε
3087 1889 3419 1959 προσήνωσα
3452 1892 3595 1944 κατὰ
3629 1892 3764 1962 μίαν

2170 1982 2471 2034 ὑπόστασιν
2498 1997 2513 2013 ο
2545 1981 2628 2033 ὄτι
2665 1978 2774 2051 γὰρ
2806 1980 2841 2034 ἃ
2877 1979 2943 2033 ἂν
2975 1981 3138 2043 αὐτὸς
3186 1976 3309 2036 εἷπε
3357 1984 3454 2037 καὶ
3500 1984 3767 2057 ἐγενήθη-

2170 2090 2291 2136 σαν,
2328 2075 2424 2125 καὶ
2464 2073 2542 2125 ὅτι
2596 2070 2862 2125 ἀδύνατον
2900 2071 3201 2135 ψεύδεσθαι
3232 2073 3390 2137 Θεὸν,
3427 2075 3765 2147 μεμαθήκα-

2172 2184 2269 2238 μεν
2310 2166 2440 2237 παρ’
2467 2164 2657 2220 αὑτοῦ.
2696 2165 2859 2236 Δηλοί
2883 2164 2977 2219 οὖν
2998 2166 3145 2230 τάδε,
3178 2168 3260 2221 ὅτι
3283 2169 3383 2222 οὐκ
3415 2169 3508 2238 ἀφ’
3537 2169 3759 2235 ἑαυτοῦ,

2168 2258 2495 2331 αἱρούμενος
2549 2260 2576 2313 ό
2624 2259 2741 2320 υίὸς
2810 2258 2905 2311 τοῦ
2968 2259 3261 2331 ἀνθρώπου
3297 2302 3311 2323 ,
3372 2261 3763 2327 ἁλαζονεύεται

2172 2352 2391 2422 Πατέρα
2421 2351 2577 2417 Θεὸν,
2619 2351 2735 2406 ἀλλ’
2763 2352 2869 2405 ὑπὸ
2915 2354 3009 2405 τοῦ
3048 2352 3184 2406 Θεοῦ
3218 2354 3483 2425 κέκληται
3527 2358 3607 2420 είς
3659 2357 3765 2427 τὴν

2169 2446 2327 2510 ἀξίαν
2358 2446 2458 2516 τῆς
2483 2445 2631 2509 θείας
2666 2445 2916 2516 υίότητος
2953 2445 3185 2517 ταύτης,
3219 2447 3317 2501 καὶ
3340 2449 3440 2519 τῆς
3470 2447 3764 2519 διηνεκοῦς

2168 2537 2335 2592 αὐτοῦ
2361 2538 2685 2610 ἱερωσύνης,
2704 2538 2813 2591 οὐδ’
2838 2538 3007 2609 αὐτῆς
3029 2538 3190 2609 μόνον
3213 2539 3466 2609 ὀνόματι,
3493 2542 3632 2595 ἀλλὰ
3660 2546 3760 2596 καὶ

2168 2630 2458 2701 πράγματι
2512 2629 2850 2700 νοουμένηςο
2890 2649 2908 2680 ι
2945 2630 3002 2683 '0
3045 2630 3155 2701 γάρ
3200 2631 3411 2699 ὀμόσας
3462 2633 3613 2703 αὐτῷ
3641 2635 3761 2687 Κύ-

2170 2739 2299 2794 ριος,
2334 2722 2428 2774 κα)⁸
2466 2722 2525 2774 ού
2564 2720 3061 2792 μεταμελούμενος,
3084 2722 3167 2775 ὅτι
3198 2743 3215 2774 ι
3247 2724 3320 2777 Σὺ
3383 2722 3435 2777 εἴ
3466 2726 3647 2795 ἱερεύς
3678 2727 3765 2789 είς

2168 2816 2261 2869 τὸν
2294 2815 2470 2868 αίῶνα
2504 2816 2645 2868 κατὰ
2696 2814 2797 2886 τὴν
2846 2813 3002 2879 τάξιν
3045 2816 3409 2885 Μελχισεδὲκ,
3443 2838 3462 2870 ι
3500 2819 3661 2883 αὐτὸς
3692 2816 3765 2891 ἦν

2170 2909 2267 2963 καὶ
2310 2908 2440 2980 περὶ
2471 2902 2533 2963 οῦ
2576 2908 2830 2980 είρηται’
2872 2928 2891 2961 ι
2923 2908 3133 2979 Κύριος
3182 2906 3305 2963 εἷπε
3338 2912 3473 2983 πρός
3506 2930 3593 2982 με,
3629 2913 3762 2976 Υἱός

2175 3019 2276 3073 μου
2310 2996 2361 3055 εἶ
2397 3001 2461 3056 σύ
2484 3018 2497 3032 ·
2525 3021 2543 3054 ι
2573 3000 2768 3056 οὐκοῦν
2801 3002 2861 3055 τὸ
2892 3001 3148 3074 καθάπερ
3181 3005 3276 3057 καὶ
3325 3005 3543 3077 ’Δαρὼν
3572 3007 3764 3075 ὅμοιον

2175 3094 2276 3164 μὲν
2326 3094 2527 3166 τρόπον
2571 3094 2670 3162 τῆς
2710 3095 2775 3147 ἐκ
2819 3092 2956 3146 Θεοῦ
3001 3094 3204 3158 δόσεως
3250 3094 3359 3148 τῶν
3399 3098 3762 3168 χαρισμάτων

479 3184 783 3251 gnillcant:
840 3198 991 3243 certe
1044 3188 1195 3243 enim
1218 3196 1274 3243 et
1326 3188 1510 3244 Aaron
1555 3190 1773 3245 dictum
1819 3192 2060 3249 fuisset:

2174 3185 2454 3258 σημαίνει.
2483 3186 2579 3240 καὶ
2611 3185 2856 3255 κλήσεως
2884 3186 2941 3240 εν
2967 3204 3026 3239 τε
3053 3186 3287 3259 Ἀαρὼν,
3307 3189 3401 3242 καὶ
3432 3191 3490 3243 ὲν
3514 3191 3759 3261 Χριστῷ,

487 3295 507 3327 ι
534 3277 708 3333 Filius
736 3294 892 3334 meus
915 3295 975 3335 es
1013 3287 1093 3347 tu,
1114 3300 1132 3334 ι
1168 3290 1226 3336 et
1259 3282 1496 3353 reliqua.

549 3451 709 3521 Quod
740 3456 889 3511 enim
921 3458 1075 3513 nulla
1115 3459 1189 3514 sit
1218 3462 1362 3517 ratio
1398 3477 1501 3531 pro
1548 3465 1749 3533 aequali
1800 3465 2070 3536 dignitate

481 3549 775 3604 sacerdotii
805 3550 991 3606 Aaron
1021 3552 1246 3607 Christo
1278 3556 1663 3625 comparandi,
1701 3558 1937 3615 evidens
1958 3568 2066 3615 est:

482 3640 691 3711 quippe
723 3658 825 3711 pro
847 3643 1031 3715 Moyse
1077 3646 1172 3715 qui
1222 3646 1326 3701 Fuit
1383 3647 1505 3718 ipso
1556 3650 1735 3719 major
1779 3651 2070 3722 amplioris

482 3733 674 3801 gloriae
697 3733 900 3805 dignus
923 3745 1011 3791 est
1043 3737 1287 3803 habitus,
1320 3748 1532 3809 quanto
1578 3742 1910 3811 ampliorem
1964 3743 2069 3799 ho-

483 3840 676 3879 norem
735 3827 902 3882 habet
954 3829 1155 3886 domus
1210 3832 1307 3901 qui
1334 3832 1633 3889 fabricavit
1665 3835 1851 3890 illam:
1883 3837 2069 3893 adhuc

482 3920 789 3987 apostolica
824 3922 1112 3979 dicamus:
1138 3943 1157 3976 ι
1183 3924 1239 3980 Si
1280 3929 1691 3983 consummatio
1747 3944 1847 4000 per
1887 3931 2069 3988 simile

481 4013 861 4069 sacerdotium
918 4027 1059 4083 erat,
1108 4019 1243 4087 quid
1296 4022 1675 4077 necessarium
1724 4022 1848 4089 fuit,
1897 4025 2067 4080 alium

483 4121 818 4177 consurgere
890 4110 1237 4166 sacerdotem
1290 4128 1354 4168 ac
1426 4115 1735 4171 secundum
1812 4118 2068 4173 ordinem

480 4198 664 4254 Aaron
696 4201 807 4256 dici
854 4202 979 4256 “’h
1012 4203 1189 4259 Aliter
1226 4205 1272 4259 si
1302 4221 1412 4261 non
1445 4209 1776 4264 translatum
1822 4211 1928 4265 fuit
1977 4227 2068 4267 sa-

480 4292 814 4361 cerdotium,
842 4311 1025 4367 neque
1068 4313 1297 4355 necesse
1349 4300 1455 4356 fuit
1508 4312 1567 4356 ut
1610 4303 1750 4374 legis
1780 4305 2068 4360 translatio

482 4382 664 4451 ﬂeret,
701 4395 761 4441 ut
787 4386 927 4443 dicit
966 4389 1083 4459 ipse
1114 4391 1320 4449 Paulus
1375 4396 1663 4465 apostolus
1690 4397 1756 4463 η,
1801 4399 1895 4453 sed
1949 4400 2069 4454 tari-

488 4484 604 4529 tum
636 4478 923 4533 successio
948 4496 963 4546 ;
994 4480 1069 4535 ita
1090 4497 1225 4552 ergo
1249 4491 1307 4538 et
1331 4483 1449 4541 haec
1472 4487 1642 4543 verba
1672 4505 1685 4542 :
1721 4507 1739 4539 ι
1765 4489 2068 4545 Vocabitur

2172 3280 2233 3333 οὐ
2267 3277 2447 3348 μέντοι
2479 3278 2573 3331 καὶ
2616 3277 2933 3349 χαρίσματα
2969 3280 3160 3349 ὃμοια·
3194 3274 3229 3349 ἦ
3269 3280 3378 3351 γὰρ
3418 3280 3486 3334 ἂν
3538 3284 3633 3336 καὶ⁴
3682 3286 3765 3354 τῷ

2185 3368 2396 3439 Ἀαρὼν
2428 3368 2626 3441 ἐρρέθη
2657 3369 2737 3433 τὸ,
2764 3370 2921 3433 «Υἱός
2954 3388 3055 3441 μου
3081 3366 3134 3423 εἷ
3161 3372 3225 3424 σύ
3248 3388 3263 3402 ’
3290 3391 3308 3423 ι
3344 3373 3442 3426 καὶ
3474 3375 3541 3426 τὰ.
3576 3374 3763 3432 λοιπά.

2244 3464 2366 3516 Ὅτι
2411 3463 2521 3533 γὰρ
2567 3464 2669 3515 οὐκ
2705 3462 2819 3533 ἔχει
2848 3462 3006 3533 λόγον
3040 3465 3181 3517 κατὰ
3221 3465 3319 3536 τήν
3354 3468 3630 3536 ἰσοτιμίαν
3660 3473 3762 3539 τῆς

2175 3553 2477 3627 ἱερωσύνης
2527 3553 2739 3626 ’Λαρὼν
2794 3556 3293 3629 συγκρίνεσθαιτῷ
3336 3558 3585 3631 Χριστῷ,
3626 3562 3765 3631 πρό-

2170 3648 2362 3719 δηλονο
2397 3650 2554 3718 εἰπερ
2591 3649 2686 3700 καὶ
2719 3648 3004 3711 Μωῦσέως
3045 3648 3143 3703 τοῦ
3194 3651 3445 3721 μείζονος
3484 3654 3653 3707 αὐτοῦ
3684 3673 3769 3708 τοο

2174 3740 2333 3794 σοῦτο
2388 3740 2637 3803 πλείονος
2696 3740 2857 3804 δόξης
2908 3740 3139 3811 ήξίωται
3192 3744 3472 3815 Χριστὸς,
3529 3746 3765 3801 καθόσον

2173 3832 2395 3886 πλείονα
2419 3831 2585 3903 τιμὴν
2615 3831 2727 3902 ἔχει
2760 3832 2853 3887 τοῦ
2879 3832 3033 3887 οἴκου
3065 3835 3094 3887 ὁ
3120 3840 3541 3901 κατασκευάσας
3563 3840 3729 3893 αὐτόν
3750 3856 3765 3872 ’

2173 3928 2252 3979 ἔτι
2288 3926 2396 3997 μὴν
2434 3925 2810 3989 άποστολικῶς
2866 3927 3077 3981 εἰπεῖν·
3138 3947 3156 3980 1
3183 3930 3245 3982 Et
3291 3931 3323 4000 ή
3370 3930 3654 3995 τελείωσις
3695 3933 3765 3987 δι’

2170 4020 2365 4091 ὁμοίας
2402 4016 2704 4091 ἱερωσύνης
2755 4014 2845 4090 ἦν,
2891 4018 2979 4083 τίς
3030 4020 3191 4092 χρεία
3218 4022 3407 4093 ἕτερον
3439 4024 3766 4079 ἀνίστασθαι

2174 4114 2324 4184 ίερέα
2355 4114 2495 4166 κατά
2526 4112 2628 4183 τήν
2666 4112 2819 4177 τάξιν
2861 4112 3074 4184 Ἀαρὼν
3121 4114 3405 4183 λέγεσθαις
3437 4134 3456 4169 ι
3493 4117 3670 4182 ἄλλως
3704 4135 3766 4171 τε

2171 4207 2219 4259 εί
2254 4205 2330 4277 μὴ
2385 4204 2647 4277 μετετέθη
2710 4206 3070 4277 ήὶερωσύνη,
3095 4206 3219 4260 οὐδὲ
3258 4205 3331 4273 οὲξ
3373 4208 3623 4279 ἀνάγκης
3669 4210 3767 4264 καὶ

2170 4298 2335 4368 νόμου
2371 4296 2661 4368 μετάθεσις
2694 4290 2999 4370 γέγονεν,ᾖ
3030 4314 3196 4369 φησιν
3221 4300 3249 4351 ὁ
3291 4299 3453 4362 αὐτὸς
3489 4301 3704 4364 Παῦλος
3738 4304 3767 4356 ό

2171 4392 2489 4455 ἀπόστολος,
2523 4392 2661 4446 ἀλλὰ
2716 4393 2880 4462 μόνον
2925 4394 3144 4467 διαδοχή
3175 4410 3189 4425 ’
3221 4394 3398 4460 οὕτως
3431 4397 3524 4451 οῦν
3549 4400 3645 4452 καὶ
3679 4400 3763 4464 τὸ,

2176 4504 2194 4538 ι
2222 4486 2574 4557 κληθήσεται
2610 4485 2738 4549 Υίὸς
2771 4485 2908 4539 Θεοῦ
2936 4503 2950 4517 ο
2979 4506 2999 4540 ι
3035 4488 3129 4541 καὶ
3166 4488 3252 4554 τὸ,
3290 4509 3309 4542 ‹
3335 4490 3467 4554 Tib:
3505 4492 3765 4561 Ὑψίστου

482 4568 657 4625 Filius
674 4571 769 4626 Dei
791 4589 839 4639 ;ι
876 4580 933 4627 et
954 4573 1093 4630 ista:
1126 4595 1143 4627 ι
1171 4576 1345 4635 Filius
1369 4578 1640 4636 Altissimi
1664 4584 1957 4639 vocabitur
1981 4586 2023 4616 ιτ
2040 4604 2058 4636 ι

2172 4578 2532 4649 κληθήσεται,
2560 4598 2577 4630 ι
2615 4580 2711 4635 καὶ
2746 4579 2815 4633 τὰ
2857 4580 3021 4637 λοιπὰ
3047 4582 3277 4638 νοείσθω
3299 4601 3312 4614 ·
3340 4584 3437 4639 καὶ
3466 4586 3526 4639 τὸ
3558 4586 3765 4656 γεννώ-

481 4667 539 4713 et
592 4662 807 4732 reliqua
838 4664 1120 4738 inlellige:
1172 4670 1324 4739 quod
1356 4673 1506 4727 enim
1568 4684 1762 4730 natum
1812 4686 1899 4733 est
1935 4693 2066 4733 san-

482 4760 635 4806 ctum
666 4764 807 4819 erat,
855 4766 913 4812 et
952 4774 1065 4814 non
1109 4762 1463 4821 solummodo
1516 4770 1922 4827 sanctiﬁcatum
1966 4788 2068 4843 per

482 4846 792 4917 ingenitum
820 4847 1089 4919 Spiritum
1147 4864 1400 4911 sanctum
1447 4861 1540 4930 qui
1586 4877 1713 4916 cum
1748 4864 1870 4935 ipso
1923 4876 2065 4931 erat,

500 4938 630 5002 ιιιοά
662 4946 748 4993 est
777 4951 835 4996 et
855 4941 1093 4999 Verbum
1128 4955 1348 5016 partum
1373 4963 1441 5005 ex
1458 4951 1714 5022 Virgine:
1744 4956 1893 5024 quod
1917 4958 2067 5012 enim

507 5045 542 5083 ιι
572 5045 638 5084 ea
666 5042 1027 5103 conceptum,
1059 5037 1198 5094 dicit
1221 5040 1470 5111 angelus,
1501 5057 1568 5098 ex
1607 5043 1817 5115 Spiritu
1849 5058 2063 5116 sancto,

486 5119 728 5191 Spiritus
751 5135 979 5182 sanctus
1008 5136 1138 5183 esto:
1173 5130 1319 5186 sicut
1348 5140 1407 5186 et
1445 5135 1596 5203 quod
1623 5151 1691 5191 ex
1714 5151 1904 5203 carne,
1939 5155 2069 5194 caro

483 5212 694 5269 dictum
728 5223 814 5271 est
844 5231 1002 5273 esse:
1040 5220 1283 5289 Spiritus
1312 5239 1447 5279 vero
1477 5226 1645 5292 Deus,
1672 5236 1729 5281 et
1778 5228 1923 5283 Deus
1950 5240 2069 5285 erat

481 5308 773 5365 Christus:
813 5311 963 5381 quod
992 5324 1324 5385 conceptum
1350 5318 1498 5373 idem
1525 5328 1611 5374 est
1645 5336 1711 5375 ac
1750 5322 1898 5391 quod
1939 5338 2071 5392 par-

486 5409 602 5454 tum
647 5402 748 5456 fuit
788 5420 937 5459 :non
970 5407 1097 5461 vani
1148 5407 1318 5479 igitur
1347 5410 1595 5465 nominis
1646 5422 1777 5467 sunt
1825 5414 1969 5469 dona
1999 5416 2067 5471 de

482 5494 727 5559 Christo,
762 5498 999 5562 scilicet,
1031 5500 1178 5555 Deus
1211 5510 1267 5555 et
1295 5503 1471 5558 Filius
1502 5504 1599 5558 Dei
1641 5515 1697 5558 ct
1733 5506 2068 5578 Unigenitus

483 5594 541 5640 et
571 5586 838 5643 Dominus
867 5592 1077 5661 gloriaa,
1107 5602 1163 5647 et
1192 5594 1428 5665 reliqua,
1461 5595 1557 5649 sed
1606 5599 1775 5651 realia
1798 5617 1810 5652 :
1832 5600 1877 5653 si
1913 5600 2063 5654 enim

486 5676 603 5733 hzec
624 5696 733 5736 non
766 5682 841 5737 ita
863 5696 1073 5751 essent,
1098 5686 1297 5743 falsum
1330 5705 1531 5744 nomen
1568 5690 1774 5746 donum
1810 5693 2070 5747 nomina-

2168 4689 2331 4742 μενον
2355 4670 2466 4742 γὰρ
2490 4672 2645 4740 ἅγιον
2670 4670 2739 4744 ἦν
2759 4688 2775 4704 ο
2808 4673 2905 4726 καὶ
2936 4674 2998 4727 οὐ
3031 4673 3195 4745 μόνον
3222 4677 3559 4748 ἡγιασμένον
3587 4679 3675 4734 διά
3704 4681 3767 4735 τὸ

2166 4765 2568 4835 συγγενόμενον
2595 4765 2743 4837 αύτῷ
2788 4766 3087 4837 ἀγέννητον
3119 4768 3344 4840 Πνεῦμα
3376 4772 3555 4839 ἅγιον,
3590 4774 3619 4827 ὃ
3647 4775 3767 4828 ἐστι

2167 4858 2261 4910 καὶ
2291 4860 2318 4911 ὁ
2347 4858 2521 4926 Λόγος
2567 4858 2780 4929 τεχθεὶς
2837 4861 2903 4912 ὲκ
2944 4860 3045 4929 τῆς
3096 4862 3409 4928 Παρθένου·
3440 4864 3502 4918 τὸ
3549 4866 3659 4938 γὰρ
3709 4869 3767 4920 ὲν

2169 4951 2307 5022 αὐτῇ
2342 4951 2669 5022 συλληφθὲν,
2734 4953 2901 5023 φησὶν
2953 4956 2982 5007 ὁ
3026 4954 3285 5024 ἄγγελος,
3339 4957 3404 5011 ὲκ
3449 4958 3767 5030 Πνεύματος

2169 5044 2347 5111 ἁγίου,
2384 5044 2611 5115 Πνεῦμα
2660 5044 2817 5114 ἅγιόν
2864 5048 3017 5101 ἐστιν
3043 5063 3057 5078 ·
3100 5047 3293 5120 ὥσπερ
3330 5052 3424 5103 καὶ
3459 5052 3519 5104 τὸ
3554 5054 3619 5105 ὲκ
3664 5053 3767 5122 τῆς

2170 5136 2393 5209 σαρκὸς,
2429 5138 2565 5208 σὰρξ
2607 5137 2825 5209 εἴρηται
2869 5134 3009 5194 εἶναι
3036 5157 3049 5171 °
3082 5141 3311 5211 Πνεῦμα
3336 5142 3392 5196 δὲ
3419 5146 3448 5197 ὁ
3474 5144 3606 5207 Θεός
3630 5161 3647 5177 ο
3670 5146 3767 5198 καὶ

2167 5228 2298 5293 Θεὸς
2334 5229 2391 5282 δὲ
2429 5226 2497 5300 ἦν
2530 5232 2557 5283 ὁ
2589 5230 2857 5301 Χριστός·
2891 5233 2952 5286 τὸ
2999 5234 3307 5305 συλληφθὲν
3336 5234 3499 5290 τοῦτό
3527 5238 3647 5291 ἐστι
3671 5239 3768 5291 καὶ

2168 5322 2227 5375 τὸ
2265 5323 2575 5393 ωντεχθέν.
2643 5327 2717 5378 υὺ
2765 5326 2936 5380 κενῶν
2981 5323 3076 5381 οῦν
3125 5329 3407 5398 ὀνομάτων
3449 5331 3767 5401 χαρίσματα

2108 5476 2115 5485 ,
2173 5416 2266 5468 ἐπὶ
2292 5416 2552 5487 Χριστοῦ,
2587 5419 2649 5473 τό
2676 5436 2733 5472 τε
2776 5419 2910 5484 Θεὸς
2954 5423 3048 5474 καὶ
3079 5421 3207 5485 Υἱὸς
3232 5421 3369 5474 Θεοῦ
3396 5426 3486 5476 καὶ
3528 5425 3769 5493 Μονογε-

2176 5511 2271 5578 νὴς
2302 5513 2621 5583 καὶΚύριος
2649 5515 2749 5583 τῆς
2778 5514 2959 5583 δόξης,
2992 5516 3090 5569 καὶ
3118 5518 3185 5568 τὰ
3231 5515 3417 5581 λοιπὰ,
3454 5517 3589 5571 ἀλλὰ
3622 5518 3766 5588 πρά-

2175 5621 2345 5673 γματι
2379 5606 2550 5659 ὄντων
2575 5622 2589 5636 °
2616 5608 2665 5660 εί
2715 5608 2825 5678 γὰρ
2856 5608 2929 5679 μὴ
2954 5609 3081 5663 τάδε
3112 5609 3284 5673 οὕτως
3318 5610 3453 5680 εχοι,
3487 5610 3765 5681 ψευδωνυσ

2182 5696 2281 5766 μία
2309 5697 2369 5750 τὸ
2395 5698 2571 5769 δῶρον
2598 5700 2699 5770 τῆς
2730 5702 3030 5772 ὀνομασίας
3059 5700 3155 5754 τοῦ
3188 5702 3325 5755 Θεοῦ
3369 5702 3522 5756 ἔσται
3545 5703 3601 5755 ἐν
3632 5704 3766 5774 Χρι-

560 5859 603 5890 ¹³
632 5861 775 5917 Psal.
828 5883 886 5930 ιι,
920 5868 987 5935 7;
1022 5866 1191 5923 llebr.
1229 5887 1284 5939 v,
1309 5871 1360 5925 5.
1443 5873 1484 5901 ’⁸
1519 5871 1661 5928 Psal.
1692 5890 1797 5941 cu,
1864 5876 1917 5930 4.
1993 5877 2035 5907 ⁸⁸
2065 5878 2068 5931 ξ

2169 5894 2234 5934 )r.
2271 5896 2364 5946 vn,
2399 5882 2480 5935 ll.
2563 5884 2604 5913 ¹⁶
2629 5883 2769 5937 ibid.
2801 5885 2885 5938 12.
2976 5886 3020 5918 ¹⁷
3050 5885 3186 5940 Luc.
3220 5902 3258 5952 ι,
3315 5885 3403 5939 53.
