4116 6448
353 490 484 556 1617

1270 487 1668 554 ADVERSUS
1709 487 2259 552 NESTORIANOS.
2294 517 2364 527 -
2395 492 2539 552 LIB.
2588 491 2701 553 lli.

3492 492 3630 558 1618

346 602 458 674 στῷ
483 618 498 635 ο
533 601 741 672 ταύτης
777 599 835 656 δέ
867 601 962 655 καὶ
988 601 1185 656 είδωλα
1213 603 1306 656 καὶ
1335 602 1517 674 ἥρωες
1543 603 1637 656 καὶ
1681 602 1935 673 δαίμονες

2039 603 2210 658 tionis
2243 604 2338 659 Dei
2375 604 2484 658 erit
2517 603 2574 656 in
2599 603 2854 658 Christo:
2896 603 3042 659 hanc
3068 603 3219 658 enim
3263 613 3322 659 et
3375 604 3523 661 idola
3545 665 3550 668 ,
3574 613 3632 661 et

344 696 513 750 πάλαι
555 697 772 764 ἐτυχον,
800 687 870 766 ἧς
914 695 1008 747 ἐπὶ
1050 694 1372 767 καθαιρέσει
1425 695 1596 760 ὅντως
1650 696 1679 748 6
1726 695 1935 766 ἀληθὴς

345 790 474 854 Υίὸς
499 789 594 843 τοῦ
629 786 766 842 Θεοῦ
794 788 1106 861 ἐπεδήμησέ
1129 807 1188 843 τε
1215 793 1310 844 καὶ
1334 789 1563 844 πλεῖστα
1585 789 1937 861 ᾠκονόμησεν

345 884 698 955 ἐπιδημήσας
719 896 734 912 ⁸
771 883 864 937 καὶ
900 883 1001 937 οὑκ
1047 881 1114 936 ἂν
1169 883 1328 954 κακῷ
1356 883 1416 937 τὸ
1441 884 1611 938 κακόν
1637 901 1722 946 τις
1748 883 1937 938 ἰᾶσθαι

344 975 512 1030 αὑτὸν
543 975 722 1029 εἴποι·
757 973 893 1030 ἀλλὰ
944 975 1038 1029 καὶ
1070 974 1294 1043 ἄγγελοι
1341 976 1436 1030 καὶ
1466 976 1780 1045 ἄνθρωποι,
1829 976 1936 1030 υἱοὶ

343 1068 504 1134 Θεοῦ,
545 1069 640 1122 καὶ
688 1069 796 1123 υἱοὶ
836 1067 1098 1137 Ὑψίστου
1150 1067 1370 1140 εἴρηται
1417 1068 1703 1133 πολλάκις.
1737 1070 1802 1124 Τί
1843 1069 1937 1124 οῦν

347 1163 762 1235 περισσότερον,
792 1163 850 1216 ἐν
873 1162 1010 1233 τῷδε
1037 1161 1260 1233 Χριστῷ
1289 1159 1367 1234 τῷ
1391 1165 1674 1234 μονογενεῖ
1702 1164 1817 1236 Υίῷ
1842 1162 1936 1217 τοῦ

345 1256 483 1311 Θεοῦ
507 1274 522 1325 ;
559 1257 679 1320 πῶς
709 1256 765 1310 δέ
793 1259 888 1312 καὶ
916 1259 1249 1331 Μονογινὴς,
1283 1261 1334 1312 εἰ
1357 1258 1480 1313 κατ’
1495 1258 1694 1322 αὐτοὺς
1717 1259 1749 1329 ἡ
1777 1259 1939 1329 χάρις

349 1351 384 1418 ἠ
415 1350 498 1413 είς
525 1348 689 1402 αὑτὸν
727 1352 824 1420 τῆς
865 1350 1118 1415 θεώσεως
1139 1351 1172 1422 ἦ
1197 1352 1480 1422 υίότητος;
1512 1352 1710 1423 Χάριτι
1746 1349 1838 1404 οὖν
1870 1353 1936 1422 τῇ

348 1441 416 1493 δι’
442 1439 687 1506 ἐνώσεως
732 1443 1105 1513 ὑποπατικῆς
1159 1445 1298 1516 πρὸς
1359 1443 1452 1497 τὸν
1487 1442 1648 1514 φύσει
1673 1443 1822 1509 Υἱὸν,
1857 1441 1938 1495 εἴ-

353 1533 720 1605 ρηταισαφῶς
747 1535 874 1600 Υἱὸς
903 1535 998 1588 τοῦ
1030 1534 1167 1590 Θεοῦ
1196 1536 1292 1590 τοῦ
1324 1535 1524 1602 ζῶντος
1552 1539 1580 1591 6
1601 1538 1937 1609 Μονογενής.

941 1734 1194 1790 suum.
1237 1739 1328 1805 φ.

433 1843 617 1910 Ἀλλὰ,
654 1847 839 1917 φασὶν,
880 1848 929 1902 εξ
981 1849 1058 1920 μὴ
1107 1849 1469 1921 οἰκονομικῶς
1506 1852 1742 1924 εἴρηται,
1770 1851 1848 1917 ὡς
1875 1851 1941 1906 ἂν

2040 694 2244 756 heroes
2274 704 2330 750 et
2385 694 2668 749 dmmones
2723 695 2856 750 olim
2912 694 3301 759 obtinuerunt,
3341 695 3407 750 ad
3462 711 3628 766 quam

2039 787 2333 843 delendam
2356 789 2586 843 omnino
2613 804 2778 843 verus
2813 788 2982 843 Filius
3014 789 3108 844 Dei
3141 789 3296 844 venit
3349 796 3408 845 et
3453 790 3630 845 multa

2039 880 2316 950 disposuit
2350 891 2475 952 post
2503 882 2806 936 adventum
2829 899 2843 934 :
2870 882 3054 936 nullus
3075 891 3160 936 est
3207 883 3358 936 enim
3381 881 3476 952 qui
3514 897 3631 936 ma-

2040 974 2158 1028 lum
2192 975 2337 1028 malo
2361 974 2572 1028 mederi
2599 974 2779 1028 dicat:
2815 974 2913 1029 sed
2941 982 2999 1029 et
3032 975 3212 1044 angeli
3248 983 3305 1029 et
3370 975 3629 1029 homines

2041 1067 2141 1122 ﬁlii
2184 1067 2302 1131 Dei,
2349 1076 2407 1122 et
2447 1067 2545 1121 lilii
2595 1067 2865 1122 Altissimi
2905 1083 3050 1138 saepe
3091 1069 3228 1123 dicti
3272 1078 3438 1123 sunt:
3492 1067 3627 1139 quid

2042 1161 2212 1232 igitur
2235 1161 2477 1231 amplius
2510 1161 2563 1215 in
2583 1161 2808 1216 Christo
2845 1161 3131 1232 unigenito
3158 1162 3298 1216 Filio
3326 1162 3466 1216 Dei?
3491 1177 3631 1232 quo-

2041 1251 2210 1307 modo
2229 1252 2380 1308 enim
2409 1252 2616 1308 dicitur
2634 1251 2990 1323 Unigenitus,
3018 1251 3063 1306 si
3091 1251 3236 1321 apud
3267 1251 3416 1321 ipsos
3429 1251 3628 1305 eadem

2042 1344 2116 1401 sit
2139 1345 2315 1416 gratia
2339 1361 2402 1400 ac
2422 1345 2567 1415 apud
2601 1346 2782 1415 ipsum
2803 1343 3172 1399 deiﬁcationis
3194 1351 3290 1397 aut
3310 1341 3630 1398 tiliationis?

2040 1439 2226 1494 Gratia
2258 1439 2426 1510 igitur
2456 1449 2690 1509 propter
2722 1437 2986 1492 unionem
3038 1435 3445 1507 hypostaticam
3501 1450 3630 1490 cum

2042 1529 2182 1586 Filio
2207 1531 2262 1586 in
2290 1540 2509 1595 natura,
2541 1530 2726 1584 dictus
2755 1538 2842 1586 est
2872 1529 3166 1584 manifeste
3210 1527 3386 1582 Filius
3415 1524 3513 1580 Dei
3544 1525 3629 1578 vi-

2042 1626 2227 1682 ventis
2257 1623 2599 1695 unigenitus.

2685 1737 2838 1796 CAP.
2901 1737 2992 1794 Vl.

2116 1857 2247 1922 Sed,
2277 1855 2574 1928 inquiunt,
2599 1854 2647 1910 si
2676 1869 2788 1910 non
2812 1853 3227 1910 accommodate
3260 1853 3471 1908 dictum
3522 1862 3630 1917 est,

348 1938 513 2003 εῐποι,
545 1939 703 2010 ὑμεῖς
744 1941 1040 2011 φεύγοντες
1061 1944 1162 2014 τὴν
1191 1943 1395 2016 ἀκριϐῆ
1437 1944 1548 1999 τῶν
1583 1946 1935 2017 σημαινομέ-

2041 1951 2276 2024 perinde
2323 1966 2386 2005 ac
2414 1951 2458 2006 si
2483 1964 2622 2004 voce
2674 1964 2774 2004 vos
2796 1959 3116 2005 accuratam
3149 1963 3339 2003 rerum
3369 1947 3631 2016 designa-

349 2049 457 2086 νων
489 2033 766 2098 ἐξέτασινο
797 2036 890 2089 καὶ
926 2039 974 2091 εἰ
1010 2037 1087 2110 μὴ
1113 2037 1213 2093 οὑκ
1260 2037 1376 2110 ἔχει
1421 2040 1619 2112 κυρίαν
1639 2041 1742 2112 τὴν
1767 2041 1937 2097 ἐκσα-

349 2143 434 2179 σιν
460 2127 492 2198 ἢ
528 2129 814 2202 παραδολῇ
861 2131 893 2204 ἢ
943 2131 1304 2205 ἅλληγορίᾳῆ
1333 2136 1603 2207 φαντασίᾳ
1628 2134 1660 2207 ἢ
1693 2135 1935 2207 δοκήσει,

346 2220 441 2274 καὶ
473 2223 616 2276 κατὰ
643 2223 804 2294 κενῆς
834 2227 1010 2279 κεῖται
1056 2227 1134 2289 ὼς
1167 2230 1306 2300 πρὸς
1336 2227 1593 2284 ὑπόνοιαν
1637 2229 1798 2300 μόνον
1825 2231 1937 2292 τοῖς

344 2315 646 2386 ἀκροαταῖς
679 2317 745 2370 τὰ
788 2318 1082 2390 λεγόμενα,
1131 2321 1220 2385 τίς
1274 2323 1477 2376 ἐστινὸ
1521 2324 1634 2388 υίὸς
1664 2323 1720 2386 ὃς
1764 2323 1936 2395 ἔμαθε

344 2407 439 2460 καὶ
479 2408 574 2478 ἀφ’
607 2401 682 2461 ὧν
739 2409 910 2462 ἔπαθε
964 2410 1064 2480 τὴν
1122 2411 1407 2485 ὑπακοήν;
1439 2431 1457 2463 ι
1490 2414 1548 2466 '0
1600 2414 1694 2468 καὶ
1723 2414 1939 2484 δεήσεις

343 2501 437 2552 καὶ
471 2501 752 2572 ἱκετηρίας
785 2503 922 2572 μετὰ
952 2507 1204 2574 κραυγῆς
1230 2504 1324 2558 καὶ
1356 2505 1608 2575 δακρύων
1641 2507 1938 2578 προσενέγ-

342 2610 468 2658 κας,
523 2597 616 2648 καὶ
668 2597 1047 2662 εἰσακουσθεὶς
1106 2599 1214 2652 ἀπὸ
1266 2599 1368 2669 τῆς
1421 2599 1732 2666 εὐλαϐείας,
1782 2621 1800 2654 ι
1842 2604 1937 2657 καὶ

341 2686 678 2752 τελειωθεὶς,
735 2689 830 2743 καὶ
891 2691 1250 2762 σταυρωθεὶς,
1297 2692 1394 2746 καὶ
1455 2694 1688 2762 ταφείς²
1724 2695 1820 2747 καὶ
1877 2694 1936 2748 ὃν

341 2779 566 2850 ἤγειρεν
587 2782 616 2834 6
641 2780 776 2845 Θεὸς
815 2782 880 2835 ἐκ
908 2781 1144 2853 νεκρῶν,
1179 2784 1273 2837 καὶ
1303 2785 1332 2836 ὁ
1360 2784 1595 2854 ὑψωθεὶς
1645 2787 1739 2840 καὶ
1780 2787 1937 2852 δοξει-

342 2873 514 2936 σθεὶς.
545 2876 638 2928 καὶ
673 2875 740 2930 τὰ
794 2876 959 2930 λοιπά.
981 2894 996 2907 ·
1033 2875 1156 2930 οὔτε
1199 2879 1310 2950 γὰρ
1346 2879 1453 2933 ἴδια
1483 2879 1577 2932 τοῦ
1613 2881 1784 2948 Λόγου
1809 2881 1934 2934 τάδε

339 2982 426 3029 τις
472 2967 737 3036 τολμήσει
796 2969 873 3040 μὴ
926 2967 1197 3038 δαιμονῶν
1233 2973 1634 3042 καταφάσκειν,
1665 2973 1787 3026 οὔτε
1837 2977 1934 3028 σὺν

343 3059 513 3130 ἐτέρῳ
545 3059 718 3125 ὄντος.
765 3061 904 3115 Ἀλλ’
939 3062 1040 3134 ἤδη
1085 3063 1348 3128 πολλάκις
1399 3065 1529 3135 ὑμῖν
1585 3066 1809 3138 ἐρρέθη,
1858 3067 1934 3130 ὡς

341 3153 453 3206 ἀπὸ
485 3154 687 3224 μέρους
722 3154 784 3208 τὸ
811 3155 932 3209 ὅλον
963 3153 1226 3221 πολλάκις
1249 3160 1663 3230 κατηγορεῖται,
1691 3159 1842 3230 νόμῳ
1874 3177 1932 3212 τε

339 3245 671 3319 διαλεκτικῷ
683 3248 869 3320 κοινῷ,
891 3249 984 3303 καὶ
1003 3251 1118 3322 ἰδίῳ
1135 3250 1356 3324 ἐθειτῆς
1373 3251 1534 3320 ἁγίας
1550 3251 1796 3322 Γραφῆς.
1820 3254 1934 3307 Οὐκ

341 3339 451 3410 ἄρα
467 3340 559 3394 οῦν
577 3341 798 3413 δοκήσει
821 3342 854 3413 ἢ
878 3344 1164 3416 παραϐολῇ
1183 3344 1218 3417 ἡ
1240 3362 1346 3400 τινι
1367 3344 1560 3417 τοιῷδε
1580 3347 1784 3417 τρόπῳ,
1807 3347 1938 3401 ταῦ-

340 3435 412 3489 τά
431 3437 567 3489 ἐστι·
598 3437 694 3490 σὺν
715 3435 947 3508 ἀληθείᾳ
965 3438 1042 3505 δέ,
1073 3439 1212 3510 μετὰ
1241 3437 1352 3492 τῶν
1397 3439 1582 3509 μέντοι
1613 3439 1936 3511 πρεπόντων

341 3527 704 3598 διανοητικῶν
740 3531 1183 3602 προσδιορισμῶν
1221 3532 1524 3604 ἐκληπτέον
1552 3533 1724 3587 αὑτά⁹
1750 3533 1937 3598 ἁπλῶς

341 3619 399 3674 δέ
418 3622 514 3675 καὶ
535 3621 714 3693 ὑμεῖς,
727 3623 775 3674 εί
793 3623 940 3694 μὴιέν
963 3623 1100 3694 τῷδε
1118 3625 1270 3696 αὑτῷ
1286 3627 1364 3697 τῷ
1381 3625 1567 3697 τοιῷδε
1585 3644 1937 3696 καταφασκο-

349 3713 501 3784 μένῳ
534 3714 612 3785 τῷ
644 3715 888 3786 Χριστῷ,
924 3717 1018 3770 καὶ
1043 3717 1072 3770 6
1103 3717 1266 3788 φύσει
1309 3719 1436 3784 Υἱὸς
1479 3719 1572 3772 τοῦ
1597 3717 1731 3773 Θεοῦ
1763 3719 1937 3789 Λόγος

345 3807 554 3858 νοεῖται
585 3805 715 3875 ὑμῖν
746 3807 1082 3878 ἐνυπάρχειν
1133 3808 1361 3873 ἀπαθῶς
1411 3810 1532 3880 μὲν,
1561 3810 1654 3864 καὶ
1685 3810 1849 3875 αὑτὸς
1879 3811 1938 3865 δὲ

339 3898 518 3952 τοῖσδε
547 3898 646 3969 τὴν
675 3898 839 3969 φύσιν
865 3899 1314 3972 ὑποϐεόλημένος
1339 3901 1426 3954 διὰ
1451 3902 1620 3970 μέσου
1646 3902 1739 3956 τοῦ
1759 3904 1935 3972 Λόγου

343 3993 444 4061 τῆς
497 3993 855 4056 ὑποστάσεως
913 3991 1117 4048 αὑτοῦ·
1152 3992 1255 4047 ποῦ
1292 3993 1567 4064 ζητοῦμεν
1607 3996 1699 4049 τὸν
1748 3995 1936 4068 ἓτερον

342 4083 472 4138 Υἱὸν
493 4083 590 4139 τοῦ
617 4085 779 4151 Θεοῦ,
803 4086 934 4157 περὶ
957 4082 1018 4140 οὑ
1049 4085 1262 4158 εἴρηται
1295 4087 1376 4141 ὅτι
1402 4106 1420 4138 ι
1459 4087 1548 4140 Ἐν
1582 4090 1765 4159 μορφῇ
1799 4087 1936 4141 Θεοῦ

344 4177 634 4250 ὑπάρχων,
684 4180 880 4233 ἐαυτὸν
927 4181 1186 4248 ἐκένωσε,
1236 4183 1333 4236 καὶ
1382 4183 1650 4254 αἰσχύνης
1702 4184 1936 4238 θανάτου

342 4277 578 4349 σταυροῦ
612 4279 1022 4348 κατεφρόνησε;
1050 4299 1069 4331 ι
1109 4279 1206 4334 καὶ
1256 4279 1359 4334 ποῦ
1403 4283 1430 4336 6
1455 4281 1584 4342 Υἱὸς
1606 4278 1702 4334 τοῦ
1733 4281 1870 4334 Θεοῦ
1911 4283 1939 4335 6

347 4372 665 4442 μονογενὴς,
691 4373 852 4437 αὐτὸς
881 4375 910 4426 6
942 4373 1082 4445 ὑπὲρ
1106 4372 1265 4444 ἡμῶν
1289 4376 1530 4438 ἐκδοθεὶς
1566 4374 1672 4428 ὑπὸ
1697 4375 1792 4428 τοῦ
1829 4373 1938 4428 [Ια-

342 4463 503 4535 τρός;
543 4483 561 4516 ι
593 4463 782 4531 Οὕτως
830 4465 962 4535 γὰρ,
1006 4468 1195 4537 φησὶν,
1229 4466 1521 4540 ἠγάπησεν
1571 4469 1600 4521 6
1655 4467 1788 4530 Θεὸς
1847 4467 1937 4521 τὸν

341 4558 570 4628 κόσμον,
600 4557 743 4612 ὥστε
770 4563 863 4613 τὸν
893 4558 1022 4612 Υἱὸν
1051 4559 1219 4616 αὑτοῦ
1241 4560 1334 4616 τὸν
1368 4561 1638 4632 μονογενῆ
1687 4561 1880 4618 ἔδωκε.
1911 4582 1929 4616 ι

411 4832 508 4898 Τίς
534 4851 592 4887 τε
618 4835 646 4888 6
677 4832 950 4901 πεμφθεὶς
974 4831 1267 4904 μονογενὴς
1305 4833 1430 4895 Υἱὸς
1459 4833 1553 4887 τοῦ
1593 4834 1800 4907 Κυρίου
1841 4833 1938 4889 τοῦ

342 4925 668 4998 ἀμπελῶνος
697 4927 836 4996 μετὰ
893 4927 1020 4989 τοὺς
1074 4926 1452 5000 προλαὸὀντας
1515 4926 1740 4991 δούλους
1777 4928 1940 4992 ὄντας

343 5019 553 5083 πάντας
583 5019 721 5089 πρὸς
754 5020 882 5083 τοὺς
924 5019 1132 5084 κακοὺς
1187 5020 1491 5090 γεωργοὺς,
1519 5019 1574 5073 εἴ
1613 5038 1731 5086 πως
1777 5021 1942 5074 αὑτὸν

344 5113 785 5184 ἐντραπήσονται
842 5129 857 5179 ;
924 5112 1020 5166 καὶ
1065 5112 1152 5176 τίς
1209 5113 1325 5166 ἐστι
1384 5103 1446 5164 οῦ
1501 5110 1798 5168 ἐθεάσαντο
1839 5113 1940 5185 τὴν

341 5205 500 5269 δόξαν
563 5203 639 5267 ὼς
693 5203 1015 5275 μονογενοῦς
1067 5203 1218 5275 παρὰ
1276 5203 1490 5273 Πατρὸς
1540 5203 1590 5257 οἱ
1643 5204 1936 5274 μαθηταί;

344 5296 425 5350 ἐτι
486 5296 594 5368 μὴν
638 5296 725 5360 τίς
775 5297 804 5350 6
853 5295 1095 5366 όρισθεὶς
1161 5297 1283 5359 Υἱὸς
1316 5295 1454 5350 Θεοῦ
1514 5296 1657 5349 κατά
1722 5295 1940 5367 πνεῦμα

343 5389 657 5461 ἁγιωσύνης
688 5407 703 5457 ;
732 5391 817 5454 τίς
834 5407 890 5444 τε
922 5392 951 5444 6
979 5388 1224 5453 καταϐὰς
1241 5389 1337 5443 καὶ
1359 5389 1660 5458 εἰσκριθεὶς
1680 5389 1758 5452 ὡς
1785 5390 1941 5453 ὑετὸς

342 5486 437 5539 ἐπὶ
486 5483 656 5538 πόκον
697 5475 805 5550 ;οῦ
839 5483 950 5552 πρὸ
975 5481 1070 5536 τοῦ
1127 5481 1280 5553 ἡλίου
1332 5481 1580 5552 διαμένει
1627 5481 1688 5536 τὸ
1762 5482 1934 5553 ὄνομα

344 5577 512 5632 αὑτοῦ
543 5577 639 5632 καὶ
678 5577 794 5648 πρὸ,
830 5577 930 5646 τῆς
965 5575 1195 5648 σελήνης
1242 5574 1438 5629 ἐστὶνό
1472 5575 1662 5647 θρόνος
1707 5594 1722 5643 ;
1754 5575 1839 5640 τίς
1869 5593 1932 5630 τε

339 5668 594 5738 όλέγων,
636 5669 804 5740 Σῶμα
858 5668 916 5722 δέ
950 5667 1266 5739 κατηρτίσω
1314 5684 1404 5738 μοι
1435 5669 1524 5734 ;εί
1572 5669 1656 5740 μὴ,
1682 5667 1794 5738 ἄρα
1841 5667 1937 5722 καὶ

344 5761 692 5834 προὺπαρξιν
734 5761 835 5830 τῆς
851 5759 1026 5830 Ἰησοῦ
1066 5759 1246 5830 ψυχῆς
1273 5759 1670 5832 όνειροπολεῖτε
1689 5776 1703 5791 ·
1738 5759 1852 5824 πῶς
1881 5759 1936 5813 δὲ

344 5854 507 5918 αὑτὸς
533 5856 591 5908 ἐν
609 5847 654 5922 ᾧ
679 5853 748 5906 τὰ
764 5853 938 5907 πάντα
966 5851 1234 5917 ἔκτισται,
1262 5851 1356 5906 καὶ
1381 5851 1724 5922 πρωτότοκος
1750 5854 1814 5906 ἐκ
1836 5852 1943 5905 τῶν

421 5997 462 6028 ⁸⁸
495 5996 662 6052 llcbr.
735 6014 784 6063 ν,
833 5998 884 6050 7.

2044 2054 2227 2100 tarum
2263 2043 2679 2115 inquisitionem
2731 2044 3003 2108 vitaretis,
3036 2051 3094 2098 et
3143 2042 3191 2097 si
3240 2041 3465 2112 praefata
3517 2055 3632 2094 non

2043 2137 2282 2192 habeant
2314 2136 2678 2207 principalem
2707 2136 3022 2208 digressum
3059 2144 3158 2190 aut
3209 2134 3498 2206 parabola,
3533 2141 3632 2188 aut

2040 2229 2330 2300 allegoria,
2358 2228 2884 2300 autimaginatione,
2909 2237 3008 2282 aut
3031 2227 3228 2299 ﬁgura,
3253 2235 3311 2282 et
3342 2227 3398 2280 in
3424 2242 3630 2280 vanum

2039 2338 2152 2377 non
2174 2322 2458 2393 jactentur
2484 2329 2746 2390 tanquam
2781 2321 2961 2373 solum
3004 2317 3074 2373 ad
3106 2317 3427 2372 illudendos
3469 2315 3632 2371 audi-

2040 2426 2209 2481 tores,
2238 2415 2366 2485 quis
2389 2425 2475 2469 est
2509 2413 2657 2468 [ilius
2689 2411 2784 2482 qui
2822 2411 3026 2466 didicit
3053 2425 3123 2466 ex
3174 2411 3245 2465 iis
3280 2425 3402 2479 quae
3433 2423 3632 2478 passus

2037 2517 2123 2566 est
2144 2507 2562 2564 obedientiam?
2595 2524 2612 2557 ι
2636 2504 2740 2572 Qui
2773 2515 2830 2559 ct
2867 2519 3064 2574 preces
3111 2511 3167 2559 et
3196 2501 3634 2573 supplicationes

2040 2619 2167 2660 cum
2196 2601 2439 2656 clamore
2476 2599 2661 2654 valido
2695 2610 2752 2653 et
2775 2597 3036 2668 lacrymis
3067 2595 3293 2656 obtulit.
3325 2596 3418 2666 qui
3465 2609 3636 2648 exau-

2040 2699 2192 2754 ditus
2231 2704 2317 2751 est
2349 2710 2451 2766 pro
2477 2710 2578 2750 sua
2605 2693 2926 2748 reverentia
2964 2692 3028 2757 η,
3063 2711 3080 2742 ι
3112 2702 3168 2746 et
3205 2698 3633 2746 consummatus

2039 2799 2097 2847 et
2153 2788 2478 2852 crucifixus,
2533 2795 2592 2842 et
2645 2788 2929 2857 Sepultus;
2989 2793 3045 2840 et
3103 2800 3271 2854 quem
3337 2782 3632 2838 suscitavit

2039 2885 2189 2938 Deus
2213 2899 2282 2937 ex
2317 2880 2574 2949 mortuis,
2600 2887 2656 2936 et
2672 2879 2780 2934 fuit
2809 2879 3086 2934 exaltatus
3102 2886 3159 2932 et
3185 2876 3544 2948 gloriﬁcatus.
3573 2885 3632 2929 et

2040 2976 2292 3044 reliqua:
2340 2988 2505 3028 nemo
2525 2972 2674 3028 enim
2697 2973 2816 3026 haec
2837 2987 2959 3026 esse
2989 2968 3155 3026 Verbi
3195 2969 3418 3038 pr0pria
3451 2966 3629 3020 audc-

2038 3067 2120 3121 bit
2147 3067 2251 3121 nisi
2298 3066 2584 3121 insaniens
2627 3063 2923 3128 afﬁrmare,
2978 3079 3083 3120 nec
3130 3062 3350 3118 etiamsi
3383 3060 3626 3116 Verbum

2038 3176 2166 3216 cum
2205 3161 2382 3214 altero
2403 3167 2575 3214 esset.
2604 3139 2712 3213 sed
2746 3159 2858 3228 jam
2898 3172 3042 3228 saepe
3083 3155 3244 3212 vobis
3297 3154 3511 3209 dictum
3543 3162 3630 3209 est

2037 3269 2139 3324 per
2163 3258 2376 3322 partem
2413 3258 2590 3306 totum
2621 3266 2766 3320 saepe
2791 3249 3073 3322 designari
3105 3259 3162 3305 et
3195 3250 3312 3320 lege
3337 3248 3630 3304 dialectica

2039 3344 2344 3410 communi.
2391 3353 2449 3400 et
2495 3345 2725 3415 proprio
2777 3360 2882 3400 usu
2933 3359 3106 3399 sacra:
3141 3341 3480 3414 Scriptum:
3519 3358 3629 3397 non

2036 3439 2292 3511 profecto
2321 3439 2490 3510 igitur
2519 3438 2636 3492 haec
2672 3446 2932 3493 constant
2988 3437 3160 3508 figura
3211 3444 3306 3490 aut
3365 3435 3632 3506 allegoria

2037 3541 2135 3589 aut
2159 3532 2424 3603 parabola
2450 3540 2547 3586 aut
2571 3531 2762 3601 aliquo
2796 3531 2966 3586 simili
2991 3539 3194 3600 tropo:
3228 3529 3323 3586 sed
3358 3546 3488 3584 vere
3513 3529 3631 3599 ipsa

2039 3623 2522 3694 interpretandum
2547 3633 2633 3678 est
2663 3639 2788 3676 cum
2825 3622 3296 3678 convenientibus
3325 3631 3383 3677 et
3421 3621 3632 3678 intelli-

2039 3717 2308 3791 gibilibus
2371 3717 2923 3773 modiﬁcationibus:
2985 3716 3081 3772 sed
3139 3732 3240 3772 vos
3296 3715 3633 3785 simpliciter

2039 3811 2232 3875 dicite,
2281 3810 2327 3866 si
2372 3825 2486 3865 non
2527 3810 2849 3880 concipitur
2887 3809 3048 3864 vobis
3075 3809 3131 3863 in
3184 3809 3304 3879 ipso
3356 3817 3632 3877 quatenus

2042 3907 2165 3962 talis
2193 3905 2498 3960 allirmatur
2535 3904 2762 3960 Christo
2781 3912 2998 3963 natura
3025 3903 3229 3958 Filium
3262 3902 3360 3957 Dei
3386 3900 3630 3956 Verbum

2041 3998 2388 4070 impassibile
2417 4013 2540 4054 esse
2570 4004 2628 4052 et
2657 3997 2906 4053 Verbum
2954 3983 3135 4068 ipsum
3193 3995 3505 4051 secundum
3537 4009 3634 4048 na-

2041 4103 2221 4148 turam
2244 4093 2401 4149 hisce
2424 4093 2741 4164 subjectum
2791 4091 3075 4146 mediante
3101 4089 3269 4146 Verbi
3301 4089 3476 4160 ipsius
3505 4104 3634 4160 per-

2039 4185 2328 4242 sona:ubi
2375 4200 2692 4256 quaeremus
2736 4183 2906 4239 alium
2959 4183 3162 4238 Filium
3216 4181 3338 4243 Dei,
3389 4180 3459 4237 de
3518 4197 3631 4251 quo

2039 4279 2248 4335 dictum
2299 4288 2386 4334 est
2430 4296 2444 4333 :
2487 4278 2670 4333 «Cum
2718 4277 2777 4332 in
2831 4275 3010 4332 forma
3058 4275 3155 4332 Dei
3202 4284 3373 4337 esset,
3422 4281 3628 4330 semet-

2039 4372 2220 4444 ipsum
2258 4370 2586 4433 exinanivit.
2634 4378 2692 4426 et
2753 4368 3139 4426 confusionem
3195 4365 3392 4424 mortis
3446 4368 3634 4423 crucis

2038 4465 2377 4534 contempsit
2413 4464 2488 4517 ”?
2519 4483 2536 4514 ι
2571 4463 2640 4518 Ει
2670 4462 2766 4517 ubi
2800 4463 2911 4517 erit
2945 4461 3120 4516 Filius
3173 4461 3269 4517 Dei
3306 4462 3634 4533 unigenitus

2040 4558 2160 4630 ipse
2191 4574 2290 4628 pro
2323 4555 2486 4610 nobis
2517 4554 2681 4608 datus
2711 4569 2740 4608 a
2775 4553 2974 4608 Patre?
3013 4573 3030 4604 ι
3058 4552 3153 4608 Sic
3181 4552 3358 4618 enim,
3393 4553 3494 4618 ait,
3543 4553 3632 4608 di-

1969 4651 2173 4713 Dlexit
2197 4651 2344 4706 Deus
2375 4647 2670 4713 mundum,
2712 4656 2776 4701 ut
2809 4645 3010 4701 Filium
3067 4661 3230 4702 suum
3282 4645 3634 4714 unigenitum

2034 4743 2194 4798 daret
2218 4743 2286 4795 ".
2313 4761 2332 4794 ι

2107 4834 2243 4902 Quis
2275 4841 2360 4890 est
2385 4832 2556 4889 etiam
2588 4831 2687 4904 qui
2719 4833 2926 4888 missus
2959 4831 3066 4887 fuit
3103 4830 3432 4902 unigenitus
3463 4831 3634 4885 Filius

2038 4925 2260 4982 Domini
2293 4925 2473 4980 vinea:
2504 4932 2632 4995 post
2655 4939 2852 4979 omnes
2891 4923 2988 4993 qui
3043 4923 3198 4976 illum
3232 4927 3636 4992 prazcesserant

2040 5035 2256 5084 servos,
2291 5017 2360 5073 ad
2402 5017 2576 5072 malos
2601 5016 2895 5089 agricolas,
2926 5025 2986 5070 ut
3024 5021 3312 5070 constaret
3349 5028 3420 5066 an
3475 5011 3632 5065 illum

2041 5120 2374 5170 vererentur
2395 5111 2482 5165 “?
2520 5109 2657 5178 Quis
2687 5117 2775 5165 est
2806 5108 2970 5178 cujus
2995 5105 3254 5175 discipuli
3289 5102 3473 5158 mirati
3503 5111 3636 5157 sunt

2037 5207 2273 5279 gloriam
2304 5204 2464 5275 quasi
2490 5201 2766 5274 unigeniti
2797 5217 2828 5256 a
2853 5200 3060 5256 Patre?
3081 5199 3216 5266 Quis
3248 5197 3435 5253 adhue
3489 5195 3634 5251 deli-

2037 5298 2190 5354 nitus
2216 5305 2302 5354 est
2324 5296 2498 5352 Filius
2519 5295 2615 5352 Dei
2649 5293 2958 5350 secundum
2993 5291 3251 5362 spiritum
3285 5288 3637 5346 sanctitatis?

2036 5390 2174 5458 Quis
2209 5397 2296 5444 est
2329 5387 2424 5456 qui
2461 5385 2760 5442 descendit
2783 5392 2840 5440 et
2875 5382 3199 5455 penetravit
3245 5383 3395 5439 sicut
3445 5383 3636 5452 pluvia

2041 5484 2099 5538 in
2133 5478 2536 5550 vellus?Cujus
2563 5494 2689 5534 cum
2719 5478 2835 5534 sole
2862 5484 3156 5547 permanet
3179 5492 3382 5531 nomen
3413 5484 3471 5530 et
3507 5483 3637 5529 ante

2041 5576 2232 5630 lunam
2267 5579 2352 5628 est
2375 5572 2620 5627 solium:
2659 5569 2797 5638 Quis
2828 5579 2918 5626 est
2966 5569 3062 5640 qui
3095 5568 3256 5635 dicit,
3305 5583 3514 5638 corpus
3546 5581 3638 5621 rc-

2043 5667 2268 5724 stituam
2333 5664 2511 5720 mihi?
2571 5665 2682 5719 nisi
2725 5673 2878 5719 certe
2936 5660 3442 5734 praccxsistentiam
3504 5659 3636 5715 Jesu

2046 5760 2247 5815 animae
2267 5757 2591 5814 somnietis:
2625 5756 2910 5828 quomodo
2940 5765 3130 5812 autem
3161 5756 3254 5811 ille
3280 5755 3398 5826 ipse
3437 5751 3493 5807 in
3525 5768 3638 5824 quo

2047 5853 2236 5907 omnia
2274 5864 2462 5908 creata
2514 5860 2666 5916 sunt,
2719 5858 2777 5905 et
2830 5848 3238 5922 primogenitus
3290 5863 3359 5903 ex
3399 5846 3639 5903 mortuis

965 5996 1006 6027 "
1048 5996 1288 6067 Philipp.
1315 6011 1372 6064 n,
1405 5997 1458 6062 7,
1491 5995 1544 6050 8.
1625 5994 1852 6051 “Joan.
1909 6010 1986 6062 ιιι,
2033 5994 2119 6050 16.
2200 5995 2241 6026 ³⁸
2279 5992 2470 6048 Matth.
2507 6007 2617 6058 xxi,
2659 5991 2729 6047 55
2767 6006 2923 6062 seqq.
