4116 6440
593 491 728 558 2619

1822 474 2134 555 LEONTII
2175 493 2580 554 BYZANTINI

3714 482 3834 548 162')

589 611 775 670 dictus
800 621 904 678 est,
943 612 998 666 in
1033 611 1296 668 omnibus
1359 613 1476 683 ipse
1517 611 1845 683 praecellens
1886 613 2170 683 primoge-

2277 612 2486 684 νεκρῶν
2539 611 2775 682 εἴρηται,
2810 610 2868 663 ὲν
2913 610 3082 663 πᾶσιν
3115 608 3278 671 αὑτὸς
3311 605 3626 676 πρωτεύων,
3690 624 3830 677 πρω-

588 708 736 762 nitus
757 705 937 759 omnis
965 707 1272 760 creatur-aa?
1313 703 1508 772 Qualis
1544 713 1633 760 est
1671 705 1767 776 qui
1811 714 1899 760 est
1929 703 1998 759 de
2028 704 2172 759 coelo

585 799 862 855 secundus
885 797 1056 853 homo
1092 807 1148 854 et
1176 797 1482 853 Dominus?
1515 797 1650 865 Quis
1680 799 1750 854 de
1772 814 1884 868 quo
1921 799 2174 868 loquitur

583 891 870 948 Joannes:
930 912 950 945 ι
993 893 1101 960 Qui
1165 893 1463 947 desursum
1515 893 1691 955 venit,
1745 907 1918 962 super
1975 907 2174 946 omnes

585 997 669 1043 est
695 989 739 1019 ¹¹
760 988 786 1041 ?
815 1007 833 1039 ›
876 987 1012 1054 Quis
1039 996 1126 1042 est
1149 987 1245 1057 qui
1281 986 1418 1041 dicit
1439 985 1671 1057 gloriam
1707 984 1912 1038 habere
1955 997 1986 1036 a
2008 982 2174 1037 Patre

584 1087 879 1150 antequam
937 1078 1179 1133 mundus
1239 1077 1420 1140 ﬁeret,
1471 1083 1527 1131 et
1583 1074 1882 1129 conﬁtetur
1938 1089 1997 1128 se
2045 1087 2174 1127 cum

585 1173 743 1226 Patre
773 1187 944 1225 unum
973 1172 1135 1226 esse?
1164 1171 1233 1224 Et
1263 1171 1390 1239 quis
1433 1179 1520 1224 est
1558 1168 1656 1238 qui
1706 1167 1875 1220 habet
1922 1174 2173 1236 potesta-

589 1273 693 1320 tem
726 1265 973 1336 ponendi
1003 1279 1161 1319 suam
1204 1263 1444 1317 animam
1482 1270 1538 1317 et
1585 1261 1842 1316 sumendi
1869 1261 1937 1324 ’³,
1990 1269 2047 1313 et
2074 1257 2171 1328 qui

586 1373 836 1413 eversum
865 1356 1156 1428 proprium
1201 1356 1469 1425 templum
1505 1363 1771 1424 tanquam
1801 1352 2058 1407 divinum
2109 1359 2170 1405 et

583 1467 696 1505 non
733 1451 957 1505 domum
1005 1450 1396 1519 particularem
1442 1448 1690 1510 dictum,
1751 1453 1875 1516 post
1919 1443 2170 1498 triduum

587 1541 921 1596 reacdiﬁcare
952 1549 1134 1609 potest
1161 1540 1250 1592 "‘3
1278 1537 1572 1604 Quomodo
1606 1545 1793 1590 autem
1842 1550 1910 1590 ex
1934 1533 2042 1591 ﬁde
2081 1533 2173 1603 ju-

586 1632 736 1686 stitia
769 1631 944 1686 dicit:
980 1649 1000 1683 ι
1025 1631 1103 1686 Ne
1134 1630 1346 1701 dixeris
1387 1630 1440 1685 in
1474 1629 1643 1685 corde
1678 1639 1796 1690 tuo,
1824 1627 1951 1697 quis
1978 1640 2174 1680 ascen-

585 1725 667 1780 dit
697 1725 752 1779 in
783 1725 1009 1790 caelum,
1032 1723 1086 1779 id
1121 1732 1208 1778 est
1264 1723 1557 1779 Christum
1619 1720 1901 1776 deducere
1950 1717 2021 1782 ”,
2055 1736 2073 1768 ι
2113 1715 2169 1771 Si

584 1833 694 1877 non
717 1819 999 1874 ccelestem
1038 1833 1160 1873 esse
1187 1817 1344 1872 illum
1384 1825 1440 1871 et
1469 1831 1582 1870 non
1613 1814 1828 1869 nudum
1877 1810 2169 1866 mortalem

582 1907 755 1962 dicit?
787 1907 920 1975 Quis
952 1917 1039 1963 est
1087 1908 1358 1963 Dominus
1388 1905 1580 1977 gloria:
1624 1920 1791 1976 quem
1856 1901 2170 1958 nescientes

2274 705 2497 768 τότοκος
2549 703 2732 774 πάσης
2755 700 2984 764 κτίσεως
3003 717 3018 766 ;
3040 698 3194 763 ποῖός
3219 699 3280 752 τέ
3302 699 3448 752 ἐστιν
3480 699 3510 750 ό
3550 697 3608 764 ἐξ
3621 696 3831 767 ούρανοῦ

2275 795 2526 867 δεύτερος
2555 795 2840 866 ἄνθρωπος
2869 793 2965 847 καὶ
2987 793 3190 863 Κύριος
3215 808 3229 857 ;
3255 792 3341 854 τίς
3358 808 3419 844 τε
3434 791 3493 844 όν
3515 806 3645 861 φησι
3672 790 3834 844 Ἰωάν-

2276 905 2424 959 νης,‹
2460 887 2520 939 '0
2541 885 2747 941 ἄνωθεν
2770 885 3086 956 ἐρχόμενος,
3107 883 3308 954 μείζων
3324 883 3542 936 πάντων
3563 880 3698 940 tati;
3721 900 3738 932 ι
3763 882 3835 943 τίς

2275 998 2336 1034 τε
2358 981 2386 1033 ὁ
2409 980 2583 1049 λέγων
2605 980 2763 1046 δόξαν
2785 977 2930 1048 ἔχειν
2947 977 3100 1048 παρὰ
3118 975 3196 1046 τῷ
3215 975 3390 1044 Harp!
3406 973 3512 1045 πρὸ
3533 972 3623 1026 τοῦ
3646 972 3733 1024 τὸν
3753 971 3834 1024 κό-

2278 1088 2415 1143 σμον
2447 1069 2722 1139 γενέσθαι,
2771 1070 2865 1122 καὶ
2900 1066 3181 1138 ὁμολογῶν
3211 1064 3403 1118 ἑαυτὸν
3444 1065 3541 1117 σὺν
3572 1063 3647 1133 τῷ
3679 1063 3834 1131 Πατρὶ

2276 1163 2335 1215 ἓν
2375 1156 2514 1213 εἶναι
2539 1159 2668 1226 ;κα“ι
2701 1158 2829 1220 τίςὸ
2851 1156 3100 1222 ἐξουσίαν
3131 1153 3270 1225 ἔχων
3301 1153 3479 1206 θεῖναι
3508 1153 3606 1221 τὴν
3649 1150 3836 1204 οἰκείαν

2276 1251 2442 1306 αὑτοῦ
2464 1251 2642 1322 ψυχὴν
2671 1251 2765 1304 καὶ
2778 1245 2930 1321 ἆραι,
2954 1251 3048 1302 καὶ
3067 1246 3298 1300 λυθέντα
3326 1245 3419 1298 τὸν
3461 1244 3592 1298 ἴδιον
3613 1243 3751 1304 ναὸν,
3773 1242 3838 1303 ὡς

2276 1346 2420 1400 θεῖον
2449 1344 2539 1397 καὶ
2560 1343 2660 1396 οὑκ
2686 1337 2833 1395 οἷκον
2874 1338 3143 1394 ἰδιωτικὸν
3185 1336 3505 1406 λεγόμενον,
3572 1335 3628 1386 ὲν
3671 1331 3830 1403 τρισὶν

2276 1439 2514 1511 ἡμέραις
2557 1437 2771 1506 ἐγεῖραι
2805 1432 3068 1499 δυνατός;
3097 1431 3214 1494 πῶς
3246 1430 3304 1484 δὲ
3335 1429 3431 1482 καὶ
3459 1429 3492 1498 ἡ
3524 1429 3589 1480 ὲκ
3625 1425 3838 1487 πίστεως

2274 1529 2589 1599 δικαιοσύνη
2607 1527 2780 1596 λέγει,
2813 1545 2832 1577 ι
2863 1525 2956 1596 Μὴ
2995 1524 3159 1594 εἴπης
3196 1523 3255 1574 ὲν
3279 1525 3345 1591 τῇ
3379 1519 3578 1590 καρδίᾳ
3616 1535 3726 1582 σου,
3757 1516 3839 1578 Τίς

2275 1623 2611 1695 ἀναϐήσεται
2659 1621 2738 1683 εἰς
2772 1619 2865 1672 τὸν
2895 1618 3155 1688 ούρανόν;
3185 1614 3435 1668 τούτὲστι
3465 1612 3695 1684 Χριστὸν
3722 1626 3839 1662 κατ-

2275 1718 2526 1785 αγαγεῖν,
2548 1733 2565 1765 ι
2593 1716 2641 1768 εί
2669 1713 2744 1784 μὴ
2770 1713 2864 1765 καὶ
2887 1709 3138 1782 οὑρόινιον
3160 1705 3300 1762 εἶναι
3331 1707 3498 1760 αὑτὸν
3517 1707 3612 1760 καὶ
3629 1704 3686 1756 οὑ
3702 1701 3840 1772 ψιλὸν

2274 1806 2519 1877 ἐπίγειόν
2549 1821 2713 1875 φησι;
2739 1803 2821 1865 τίς
2841 1819 2900 1856 τε
2921 1804 2949 1855 ό
2966 1800 3174 1872 Κύριος
3194 1800 3294 1870 τῆς
3318 1798 3503 1866 δόξης,
3525 1797 3583 1849 ὃν
3605 1791 3840 1862 ἀγνοούν-

2274 1919 2366 1966 τες
2418 1901 2773 1972 ἐσταύρωσαν
2816 1914 2831 1960 ;
2869 1895 2987 1959 πῶς
3029 1895 3087 1948 δὲ
3121 1894 3214 1948 καὶ
3267 1892 3428 1962 ὑμεῖς
3483 1889 3638 1944 αὐτοὶ
3667 1887 3756 1958 τὴν
3791 1885 3842 1936 ἐν

584 2001 982 2056 cruciﬁxerunt
1014 2001 1100 2053 πῖ
1145 1999 1438 2066 Quomodo
1491 2008 1548 2055 et
1581 2013 1684 2053 vos
1729 1996 1833 2066 ipsi
1889 1995 2168 2051 Nictenam

2278 1994 2487 2065 Νικαίᾳ.
2514 1993 2698 2047 πίστιν
2737 1991 2797 2044 οὐ
2844 1987 3275 2059 παραιτούμενοι
3317 1985 3412 2040 τὸν
3441 1987 3504 2038 ὲκ
3531 1981 3623 2036 τοῦ
3654 1978 3842 2049 Πατρός

587 2095 750 2150 ﬁdem
805 2111 917 2149 non
964 2092 1328 2157 abdicantes,
1375 2090 1724 2147 conﬁtemini
1768 2088 2052 2144 Christum
2103 2103 2171 2140 ex

585 2185 748 2240 Patre
786 2184 1035 2256 genitum
1074 2193 1201 2238 ante
1257 2181 1448 2237 omnia
1476 2181 1699 2245 saecula,
1761 2179 1857 2250 qui
1901 2179 2017 2249 ipse
2068 2177 2170 2232 de-

578 2277 802 2334 scendit
829 2277 898 2332 de
921 2277 1081 2332 cmlis
1113 2284 1170 2332 et
1191 2275 1614 2330 incarnatusest
1636 2269 1707 2328 ex'
1727 2272 1938 2342 Spiritu
1975 2278 2170 2326 sancto

577 2379 636 2426 et
667 2371 836 2426 Maria
856 2369 1105 2441 Virgine,
1126 2378 1183 2424 et
1211 2368 1380 2423 homo
1409 2365 1592 2420 factus
1617 2365 1745 2420 est?
1793 2372 1852 2418 et
1887 2362 2170 2433 quomodo

583 2463 891 2533 intelligitis
909 2461 1095 2516 omnia
1117 2461 1222 2515 alia
1242 2475 1364 2530 quae
1389 2475 1420 2514 a
1453 2459 1616 2512 nobis
1637 2474 1705 2511 ex
1728 2457 1902 2512 sacris
1921 2456 2170 2525 Eloquiis

583 2552 806 2622 praefata
831 2560 963 2606 sunt
988 2549 1056 2605 de
1078 2549 1300 2605 Christo
1319 2588 1334 2613 ,
1369 2556 1631 2616 tanquam
1656 2545 1797 2600 Filio
1820 2544 1939 2608 Dei,
1967 2553 2023 2598 et
2047 2560 2170 2613 qum

583 2644 761 2714 gratia
788 2651 844 2697 et
895 2651 1096 2696 natura
1126 2639 1327 2695 Filium
1368 2638 1468 2693 Dei
1507 2638 1665 2692 illum
1692 2643 2024 2707 praeponunt
2053 2636 2076 2688 ?
2110 2635 2168 2690 Si

579 2737 729 2792 enim
756 2736 873 2791 haec
892 2750 1004 2790 non
1030 2733 1202 2805 ﬁgura
1219 2741 1316 2787 aut
1333 2729 1734 2802 imaginatione
1752 2738 1848 2784 aut
1868 2729 1936 2784 ad
1952 2727 2169 2783 illusio-

581 2847 710 2888 nem
730 2838 826 2885 aut
847 2838 1075 2900 propter
1100 2826 1314 2897 aliquid
1332 2841 1528 2881 eorum
1540 2839 1664 2894 qua:
1681 2823 2004 2878 asseruistis
2018 2821 2169 2877 dicta

581 2923 793 2978 fuerint
820 2922 875 2975 in
901 2936 1058 2975 sacra
1107 2918 1418 2988 Scriptura,
1454 2931 1637 2986 neque
1685 2914 1915 2970 nomine
1971 2913 2168 2969 ﬁctitio

580 3018 766 3074 dictus
800 3014 972 3072 fuerit
988 3015 1137 3069 Deus
1171 3021 1227 3068 et
1249 3011 1424 3066 Filius
1453 3008 1574 3075 Dei,
1621 3016 1679 3063 et
1707 3007 1979 3063 Dominus
2018 3006 2168 3061 idem

579 3111 854 3171 Christus.
892 3105 1174 3179 quomodo
1204 3118 1318 3158 non
1345 3102 1494 3158 idem
1526 3101 1636 3156 erit
1680 3099 1813 3165 duo,
1857 3099 2065 3170 quippe
2100 3097 2168 3152 de

579 3201 776 3256 eodem
804 3208 1108 3266 utrumque
1134 3201 1425 3258 narratur,
1447 3188 1728 3262 quomodo
1753 3205 1902 3244 unus
1916 3197 1972 3243 et
1995 3186 2168 3242 Filius

578 3292 677 3348 Dei
708 3299 908 3344 natura
960 3296 1016 3342 et
1069 3285 1245 3340 Filius
1299 3282 1400 3338 Dei
1452 3281 1653 3353 gratia,
1709 3278 2068 3350 impassibilis
2112 3284 2169 3331 et

579 3384 884 3457 passibilis,
917 3383 1170 3439 exaltans
1224 3387 1282 3435 et
1319 3378 1619 3442 exaltatus,
1676 3383 1735 3430 et
1785 3373 2024 3444 reliqua,
2053 3386 2167 3426 non

583 3474 991 3535 aestimabitur?

652 3571 776 3627 Non
809 3570 958 3626 enim
983 3565 1347 3622 rationabiles
1391 3578 1522 3619 vere
1551 3561 1688 3618 estis
1724 3575 1848 3624 vos,
1887 3574 1922 3614 ο
1949 3555 2172 3614 verbosi

583 3666 680 3737 qui
710 3680 810 3736 per
844 3661 1225 3733 acceptionem
1249 3658 1438 3730 ﬁgura:
1473 3665 1531 3711 et
1574 3651 1997 3724 imaginationis
2046 3665 2173 3720 pas-

585 3756 771 3816 siones
803 3763 860 3809 et
915 3752 1196 3824 passibilis
1239 3749 1468 3805 nomina
1519 3745 1744 3817 proprie
1798 3743 2073 3813 recipitis,
2117 3749 2175 3797 ct

586 3857 852 3909 naturaet
871 3845 1126 3903 realiter:
1157 3841 1666 3913 impassibilitatem
1694 3851 1829 3891 vero
1847 3843 1902 3890 et
1927 3834 2170 3906 gloriam

585 3951 643 3997 et
671 3941 964 4005 honorem,
996 3945 1054 3992 et
1079 3951 1280 3992 nomen
1307 3929 1677 3990 deiﬁcationis
1711 3939 1767 3984 et
1797 3928 2000 3983 divina:
2038 3927 2177 3980 lilia-

587 4033 779 4099 tionis,
809 4048 924 4088 non
948 4039 1148 4088 natura
1181 4026 1543 4100 generaliter,
1575 4037 1681 4078 nec
1719 4037 1778 4078 re
1811 4035 1919 4076 nec
1951 4033 2082 4074 vere
2103 4017 2173 4072 de

584 4127 828 4192 Christo,
855 4125 952 4185 sed
972 4123 1171 4180 falsum
1195 4133 1397 4178 nomen
1419 4129 1476 4175 et
1493 4117 1724 4189 ﬁguram
1742 4122 1798 4171 et
1819 4112 2175 4185 imaginatio-

585 4235 714 4278 nem
735 4228 792 4274 et
809 4233 1005 4274 vanam
1023 4214 1450 4286 appellationem
1465 4209 1689 4265 habetis
1709 4226 1721 4261 :
1741 4207 1786 4262 si
1801 4208 1951 4262 enim
1967 4214 2175 4272 etvere

588 4312 852 4368 dicuntur
885 4309 955 4365 ab
979 4309 1103 4379 ipso
1131 4316 1188 4363 et
1228 4305 1656 4369 ﬁunthumana,
1688 4300 1785 4356 sed
1821 4298 2176 4355 considerate

587 4404 776 4461 studio
809 4401 1064 4460 veritatis
1118 4398 1234 4470 regi
1269 4396 1496 4468 quidem
1533 4393 1725 4448 dicere
1756 4389 2001 4465 propriis
2037 4385 2174 4443 su'b-

582 4496 771 4567 jectis,
791 4509 938 4549 unus
969 4509 1037 4549 ex
1081 4490 1241 4546 vobis
1272 4503 1418 4553 sum,
1466 4493 1524 4541 et
1561 4484 1759 4540 similis
1791 4482 1973 4548 vobis,
2006 4488 2064 4536 et
2093 4481 2176 4535 l‘a-

591 4603 716 4643 cere
745 4587 799 4641 in
831 4587 950 4641 acie
977 4586 1253 4639 instructa
1285 4597 1408 4651 quae
1447 4585 1579 4635 sunt
1609 4577 1804 4632 militis
1845 4574 1914 4630 ad
1963 4588 2172 4644 procu-

2279 2083 2611 2157 γεννηθέντα
2641 2083 2746 2156 πρὸ
2789 2082 3009 2135 πάντων
3028 2080 3138 2133 τῶν
3179 2076 3413 2140 αἰώνων,
3439 2076 3531 2129 τὸν
3553 2073 3709 2128 αὑτὸν
3728 2087 3842 2124 κατ-

2277 2179 2504 2233 ελθόντα
2532 2178 2597 2230 ὲκ
2626 2175 2735 2229 τῶν
2766 2173 3015 2246 οὐρανῶν
3072 2174 3166 2226 καὶ
3223 2167 3582 2242 σαρκωθέντα
3630 2161 3843 2235 Χριστὸν

2275 2271 2588 2344 ὁμολογεῖτε
2606 2273 2670 2324 ὲκ
2687 2267 2827 2324 Πνεύ
2837 2284 3004 2339 ματος
3019 2265 3172 2334 ἁγίου
3193 2263 3290 2318 καὶ
3305 2262 3528 2332 Μαρίας
3548 2260 3645 2328 τῆς
3663 2253 3843 2327 Παρθέ-

2276 2385 2390 2433 νου,
2405 2367 2500 2419 καὶ
2521 2362 3021 2434 ὲνανθρωπήσαντα
3045 2377 3060 2426 ;
3083 2359 3180 2412 καὶ
3200 2355 3272 2411 τὰ
3286 2355 3423 2410 ἄλλα
3433 2353 3512 2416 δὲ,
3534 2352 3650 2414 πῶς
3672 2351 3841 2408 νοεῖτε,

2277 2459 2377 2512 ὅσα
2405 2457 2736 2528 προείρηται
2765 2455 2900 2525 ἡμῖν
2927 2455 2992 2506 ὲκ
3013 2451 3124 2504 τῶν
3151 2447 3312 2521 ἱερῶν
3346 2446 3559 2516 Λογίων
3589 2441 3710 2515 περὶ
3732 2440 3845 2508 Χρι-

2279 2550 2430 2616 στοῦ,
2465 2549 2541 2612 ῶς
2582 2545 2716 2601 Υίοῦ
2759 2543 3062 2616 Θεοῠ,πρὸς
3106 2545 3171 2613 τῇ
3212 2541 3401 2612 χάριτι
3430 2537 3526 2592 καὶ
3561 2532 3843 2606 φύσειόντα

2276 2643 2404 2698 Υἱὸν
2437 2643 2595 2706 Θεοῦ,
2628 2638 2982 2710 παριστῶντα
3012 2635 3206 2699 αὑτόν;
3262 2635 3312 2686 εί
3377 2633 3488 2703 γὰρ
3523 2630 3598 2702 μὴ
3649 2625 3844 2710 δοκήσει

2275 2735 2309 2809 ἦ
2349 2731 2672 2806 φαντασίᾳῆ
2719 2709 2864 2801 πρὸς
2907 2729 3165 2782 ὑπόνοιαν
3209 2726 3243 2797 ἦ
3290 2742 3344 2778 τι
3395 2725 3505 2777 τῶν
3538 2720 3732 2776 λοιπῶν
3781 2709 3844 2768 ὧν

2276 2829 2444 2900 ἐφητε
2477 2825 2598 2881 οὑδὲ
2626 2822 2801 2878 ταῦτα
2829 2825 2979 2876 ἐστιν
3003 2820 3271 2892 εἰρημένα
3300 2820 3361 2872 ὲν
3390 2822 3458 2890 τῇ
3489 2817 3607 2886 θείᾳ
3654 2812 3841 2885 Γραφῇ.

2275 2920 2399 2975 οὔτε
2459 2919 2566 2992 μὴν
2615 2917 2986 2990 ψευδωνύμως
3042 2916 3259 2987 εἴρηται
3307 2915 3447 2978 Θεός
3489 2930 3549 2966 τε
3592 2911 3682 2964 καὶ
3731 2906 3839 2966 Υἱὸς

2274 3013 2434 3079 Θεοῦ,
2468 3013 2564 3067 καὶ
2589 3011 2840 3083 Κύριοςό
2863 3009 3026 3074 αὑτὸς
3053 3007 3311 3080 Χριστὸς,
3347 3007 3467 3068 πῶς
3501 3004 3618 3074 οὗχὶ
3646 3004 3672 3054 ό
3701 2996 3839 3056 αὐτὸς

2275 3109 2425 3162 ἔσται
2458 3106 2646 3176 ἄμφω,
2673 3103 2834 3176 εἴπερ
2867 3103 3010 3156 κατὰ
3034 3100 3129 3155 τοῦ
3165 3098 3334 3154 αὑτοῦ
3365 3099 3606 3166 ἑκάτερα
3649 3095 3842 3160 λέγεται

2275 3202 2371 3256 καὶ
2400 3195 2480 3262 εἷς
2511 3201 2540 3252 ὅ
2578 3216 2638 3252 τε
2672 3197 2831 3267 φύσει
2888 3195 3018 3259 Υἱὸς
3065 3193 3162 3248 τοῦ
3208 3191 3345 3246 Θεοῦ
3407 3191 3502 3246 καὶ
3526 3192 3553 3244 ό
3578 3187 3748 3260 χάριτι
3775 3224 3790 3250 ,
3819 3181 3842 3232 ὁ

2277 3291 2495 3358 ἀπαθής
2513 3306 2574 3343 τε
2603 3290 2698 3342 καὶ
2729 3286 2993 3357 παθητὸς,
3022 3283 3258 3338 ἁνιστῶν
3277 3300 3340 3337 τε
3370 3283 3466 3337 καὶ
3490 3278 3841 3346 ἀνιστάμενος.

2275 3386 2370 3440 καὶ
2396 3384 2466 3437 τὰ
2493 3380 2680 3448 λοιπὰ,
2704 3379 3101 3451 δοξασθήσεται
3137 3393 3152 3444 ;

2343 3576 2421 3629 Οὔ
2478 3571 2590 3646 γὰρ
2623 3570 2840 3639 εὑλογοι
2882 3567 3052 3630 ὅντως
3101 3563 3284 3632 ὑμεῖς,
3315 3553 3365 3614 ὦ
3406 3543 3842 3646 εὑρεσιλόγοιρδὲ

2274 3638 2570 3722 εὐλάϐειαν,
2617 3666 2716 3737 μὲν
2766 3638 3058 3732 δοκήσεως
3115 3656 3210 3711 καὶ
3244 3653 3569 3726 φαντασίας,
3615 3646 3680 3702 τὰ
3717 3638 3840 3737 πίονι

2273 3781 2334 3817 τε
2385 3761 2481 3815 καὶ
2525 3760 2596 3814 τὰ
2642 3756 2738 3812 τοῦ
2821 3751 3069 3824 παθητοῦ
3126 3749 3376 3821 ὀνόματα
3445 3744 3648 3816 κυρίως
3711 3733 3840 3790 ἐκδε-

2275 3855 2516 3925 κόμενοι,
2552 3851 2646 3904 καὶ
2679 3849 2842 3918 φύσει
2887 3845 2983 3901 xui.
3023 3839 3469 3916 πραγματιωδῶς
3488 3855 3504 3870 ⁸
3531 3837 3628 3905 τὴν
3646 3833 3697 3886 δὲ
3721 3825 3843 3925 ἀπεὶς

2277 3915 2427 4001 θείαν
2460 3915 2554 3998 καὶ
2583 3915 2742 4008 δόξαν
2780 3939 2876 3994 καὶ
2897 3939 3086 4010 τιμὴν,
3127 3936 3223 3988 καὶ
3253 3933 3314 3986 τὸ
3344 3933 3443 4000 τῆς
3489 3929 3731 3998 θεότητος
3767 3915 3843 4010 καὶ

2277 4037 2428 4100 θείας
2455 4035 2702 4105 υίὸτητος
2725 4031 2923 4102 ὄνομα,
2950 4030 3011 4083 οὗ
3045 4028 3208 4098 φύσει
3237 4025 3298 4078 τὸ
3333 4024 3592 4084 καθόλου,
3640 4018 3694 4072 οὐ
3728 4009 3844 4105 πράο

2277 4144 2484 4198 γμασιν
2528 4102 2653 4178 οὐδὲ
2684 4123 2854 4186 ὅντως
2883 4121 2978 4175 ἐπὶ
3009 4115 3274 4191 Χριστοῦ,
3311 4115 3451 4169 ἀλλὰ
3494 4102 3844 4183 ψευδωνυμίαν

2277 4220 2374 4272 καὶ¹
2410 4217 2634 4286 δόκησιν
2665 4214 2760 4269 καὶ
2802 4211 3099 4282 φαντασίαν
3150 4209 3249 4263 καῖ
3295 4207 3552 4275 διακενῆς
3601 4209 3844 4273 προσηγο-

2283 4306 2424 4376 ρίαν·
2459 4303 2510 4357 εἶ.
2533 4283 2650 4374 γὰρ
2681 4303 2774 4355 καὶ
2802 4301 2974 4364 ὅντως
2993 4299 3213 4368 λέγεται
3243 4297 3336 4352 ὑπ’
3369 4295 3537 4350 αὐτοῦ
3574 4293 3663 4346 καὶ
3698 4283 3844 4376 apti“?

2279 4371 2429 4450 τεται
2457 4393 2530 4446 τὰ
2557 4371 2921 4462 ἀνθρώπινα,
2959 4389 3097 4443 ἀλλὰ
3136 4388 3394 4441 σκοπεῖτε
3436 4379 3754 4462 φιλαλήθως,
3776 4371 3842 4462 5::-

2281 4486 2492 4557 βασιλεῖ
2550 4484 2648 4555 μὲν
2683 4458 2864 4552 λέγειν
2907 4483 3023 4544 τοῖς
3075 4479 3226 4542 ἰδίοις
3267 4477 3536 4546 ὑπηκόοις
3576 4473 3655 4526 ὅτι
3685 4460 3768 4526 Εἷς
3791 4458 3837 4557 ἐξ

2280 4579 2435 4651 ὑμῶν
2460 4579 2599 4647 εἰμι,
2635 4575 2730 4629 καὶ
2777 4576 2962 4644 ὅμοιος
3003 4574 3153 4642 ὑμῖν,
3190 4571 3286 4625 καὶ
3316 4570 3578 4641 πράττειν
3613 4565 3665 4616 ὲν
3693 4549 3842 4623 καιρῷ

590 4681 819 4735 randam
856 4675 1169 4733 communis
1209 4672 1492 4746 propriam
1529 4670 1859 4742 reipublica:
1914 4668 2172 4729 salutem,

2284 4671 2646 4744 παρατάξεως
2679 4669 2766 4734 τάξ
2791 4668 2886 4722 τοῦ
2925 4665 3282 4739 στρατιώτου,
3337 4660 3616 4735 προθυμίᾳ
3647 4655 3736 4722 τῆς
3767 4645 3840 4699 τοῦ

588 4790 700 4833 non
720 4773 899 4827 solum
929 4785 1037 4824 non
1076 4784 1198 4825 esse
1218 4764 1768 4838 reprehendendum,
1797 4762 1896 4818 sed
1918 4769 1976 4816 et
2005 4759 2175 4814 nimis

587 4868 925 4940 gloriosum:
970 4864 1204 4919 militem
1227 4876 1382 4927 vero,
1408 4860 1453 4916 si
1481 4859 1632 4931 regie
1670 4863 1949 4930 proponat
1981 4862 2037 4909 et
2069 4869 2173 4907 no-

588 4963 854 5026 minetur,
892 4976 1004 5016 non
1041 4972 1264 5028 parvam
1311 4956 1598 5011 incurrere
1643 4950 2095 5008 accusationem:
2126 4947 2173 5000 si

588 5055 758 5128 igitur
786 5054 886 5124 qui
913 5059 999 5108 est
1039 5049 1214 5108 Filius
1243 5049 1490 5105 hominis
1517 5055 1575 5103 et
1611 5047 1780 5102 homo
1811 5042 2014 5103 solum,
2048 5038 2168 5092 uni-

587 5149 810 5222 genitus
850 5147 949 5202 Dei
1006 5145 1204 5210 Filius,
1254 5152 1310 5199 et
1357 5138 1763 5214 primogenitus
1791 5135 1976 5191 omnis
2014 5148 2174 5188 crea-

589 5253 727 5298 turae
755 5241 820 5307 ⁵³⁷,
854 5250 911 5297 et
956 5256 1124 5310 super
1158 5253 1354 5294 omnes
1385 5239 1533 5292 Deus
1563 5236 1629 5301 ",
1663 5241 1721 5288 et
1768 5230 2008 5300 reliqua,
2063 5227 2173 5281 dici

589 5332 902 5389 consentiat
956 5338 1176 5386 etcum
1228 5337 1507 5400 potestate
1567 5331 1859 5396 praeponat
1913 5329 2174 5388 tanquam

588 5426 870 5490 dominus,
931 5425 990 5479 in
1048 5425 1220 5478 Deum
1281 5421 1604 5491 conspirare
1664 5413 2073 5472 convincitur:
2129 5411 2175 5466 si

587 5535 744 5587 vero,
768 5534 895 5574 cum
925 5517 997 5572 sit
1025 5517 1120 5572 Dei
1144 5516 1320 5572 Filius
1360 5523 1417 5570 et
1449 5515 1617 5577 Deus,
1648 5517 1840 5566 utatur
1876 5504 2177 5576 aliquando

588 5611 852 5667 humanis
888 5611 1121 5666 vocibus
1148 5624 1206 5665 et
1235 5609 1424 5676 rebus,
1470 5605 1706 5663 evidens
1735 5609 1823 5658 est
1861 5598 2013 5670 quod
2069 5615 2180 5668 prae

589 5705 830 5762 naturali
864 5703 1266 5776 magnitudine,
1294 5699 1743 5759 humiliationem
1773 5709 1842 5750 ex
1871 5690 2176 5747 dilectione

561 5797 875 5852 rostendat.

2279 4737 2462 4820 κοινοῦ
2499 4765 2601 4834 τῆς
2644 4761 2780 4826 ἰδίας
2835 4737 3110 4821 πολιτείας
3163 4756 3465 4827 σωτηρίας,
3526 4751 3584 4806 οὑ
3623 4750 3768 4819 μόνον
3792 4737 3840 4790 οὐ

2276 4856 2503 4927 ψεκτὸν,
2533 4855 2670 4910 ἀλλὰ
2707 4854 2798 4908 καὶ
2833 4853 2972 4922 ἄγαν
3006 4849 3218 4923 ’ἔνδοξον
3237 4866 3248 4878 ·
3274 4845 3614 4919 στρατιώτην
3641 4840 3693 4894 δὲ
3717 4836 3839 4927 ὄντα,

2281 4950 2578 5023 βασιλικῶς
2628 4947 2990 5020 προστάττειν
3037 4945 3070 5016 ἢ
3123 4941 3530 5014 ὀνομάζεσθαι,
3577 4936 3636 4990 οὑ
3689 4920 3842 5001 μικρῷ

2278 5044 2565 5116 περιϐαλεῖ
2594 5043 2928 5115 ἐγκλήματιο
2964 5042 3126 5111 εῐπερ
3162 5035 3256 5092 οὑν
3289 5037 3418 5099 Υἱὸς
3449 5034 3525 5088 ὣν
3560 5023 3838 5116 ἀνθρώπουί

2296 5107 2390 5193 καὶ
2447 5107 2788 5209 ἄνθρωπος’.
2827 5135 2990 5204 μόνον
3021 5176 3034 5200 ,
3191 5130 3488 5204 μονογενὴς
3556 5121 3645 5178 τοῦ
3727 5107 3840 5209 QEO?

2278 5233 2431 5298 Υίδς,
2487 5200 2583 5285 xui.
2634 5200 2984 5300 πρωτότοκος
3048 5200 3231 5295 πάσης
3284 5221 3538 5282 κτίσεως,
3587 5215 3675 5268 καὶ
3707 5210 3732 5261 ὁ

2279 5325 2497 5380 πάντων
2552 5323 2718 5388 Θεὸς,
2755 5320 2850 5374 καὶ
2889 5318 2958 5372 τὰ
3011 5318 3209 5380 λοιπὰ,
3241 5310 3538 5384 λεγόμενός
3581 5324 3636 5360 τε
3667 5292 3836 5356 ἀποδέ-

2279 5432 2455 5487 χεται,
2488 5413 2582 5466 καὶ
2617 5411 2840 5480 ἐξουσίᾳ
2880 5410 3222 5482 προστάσσει
3277 5408 3352 5471 ὡς
3401 5405 3620 5473 Κύριος,
3670 5397 3835 5458 ἀνταρ·

2283 5479 2407 5570 ἓίας
2437 5506 2582 5559 ἑάλω
2605 5505 2740 5576 πρὸς
2767 5479 2935 5556 θεάν(
2966 5504 3014 5557 ει
3062 5503 3119 5556 δὲ
3151 5501 3247 5556 καὶ
3292 5498 3428 5554 Θεοῦ
3463 5495 3586 5556 Υἱὸς
3619 5488 3704 5545 καὶ
3726 5479 3834 5576 θεὸς

2287 5598 2456 5661 ὅντως
2481 5595 2578 5660 ὢν,
2614 5595 2814 5666 χρῆταί
2847 5611 2980 5648 ποτε
3014 5597 3130 5657 τοῖς
3165 5591 3522 5664 ἁνθρωπείοις
3548 5587 3738 5657 ῥήμασι
3758 5568 3833 5625 καὶ

2287 5690 2602 5762 πράγμασι,
2636 5688 2796 5758 δῆλον
2829 5688 2902 5752 ῶς
2944 5688 3082 5757 πρὸς
3129 5687 3196 5757 τῇ
3235 5685 3435 5754 φυσικῇ
3469 5670 3829 5752 μεγαλειότητιν

2287 5784 2381 5838 καὶ
2409 5780 2817 5850 συγκατάθασιν
2854 5781 2912 5846 ἐξ
2943 5779 3279 5849 ἁγαθότητος
3311 5774 3682 5830 ἐπιδείκνυται.

664 5923 992 5986 “him-HI.
1025 5925 1114 5978 δῖ.
1195 5927 1241 5958 ⁸³
1270 5924 1429 5981 Joan.
1481 5940 1534 5990 ι,
1573 5921 1656 5975 18.
1737 5919 1781 5949 ³⁸
1823 5915 1979 5970 Joan.
2023 5931 2077 5979 ιι,
2140 5915 2172 5966 ιτ

2299 5915 2342 5945 ³⁵
2378 5912 2539 5970 Rom.
2587 5926 2642 5977 κ,
2681 5907 2735 5965 6.
2815 5909 2859 5940 ³⁸
2898 5907 3079 5964 lCor.
3144 5924 3201 5974 ιι,
3237 5907 3290 5963 8.
3368 5903 3413 5936 ³⁷
3439 5900 3638 5959 Colcss.
3671 5908 3706 5958 l,
3757 5879 3825 5936 ‘5-

599 5989 644 6028 ³⁸
675 5992 882 6064 Ephcs.
911 6007 982 6057 tv,
1016 5994 1066 6046 ﬁ.
