4116 6478
419 433 546 500 1821

1356 442 1752 507 ADVERSUS
1788 437 2341 505 NESTORIANOS.
2381 462 2451 475 --
2488 438 2636 499 LIB.
2679 435 2796 497 III.

3562 431 3702 498 1622

485 550 550 604 Ei
575 548 632 602 δὲ
665 546 741 621 μὴ
776 548 918 603 κατὰ
957 548 1051 603 τοῦ
1087 550 1254 606 αὑτοῦ
1281 552 1412 608 Υίοῦ
1453 555 1486 626 ἢ
1522 555 1841 627 προσώπου,
1872 555 2008 611 ἀλλὰ

2183 550 2242 608 Si
2274 559 2460 607 autem
2494 565 2608 606 non
2637 548 2704 605 de
2750 546 2950 605 eodem
2984 545 3130 603 Filio
3172 555 3269 602 aut
3327 545 3524 602 eadem
3574 565 3703 618 ρετ-ι
3733 547 3741 552 ”

417 641 538 696 καθ’
561 639 749 713 ἑτέρου
771 642 866 696 καὶ
887 643 1075 714 ἑτέρου
1097 645 1217 698 υἱοῦ
1236 646 1306 700 τὰ
1328 647 1566 721 διάφορα
1593 653 1785 716 νοεῖτε,
1809 650 1928 714 πῶς
1944 649 2006 704 οὐ

414 734 510 789 δύο
540 736 692 798 υἱοὺς
722 737 910 807 σαφῶς
953 736 1242 806 δοξάζετε;
1293 739 1409 804 πῶς
1441 742 1499 794 δὲ
1537 744 1596 796 οὐ
1636 742 1866 814 θάτερον
1907 742 2008 814 μὲν

417 828 550 882 Θεδν
582 828 736 882 οὐδὲν
780 831 860 892 είς
890 827 1213 899 ἀνθρώπους
1259 833 1382 885 κατ’
1435 833 1628 887 οὐσίαν
1675 833 2004 898 κενωθέντα,

417 919 556 972 ἀλλὰ
590 920 751 990 μόνον
789 920 932 974 κατὰ
981 919 1082 991 τὴν
1119 920 1177 989 ἐξ
1209 921 1423 976 αἰώνων
1449 923 1818 997 προνοητικὴν
1840 921 2006 978 αὐτοῦ

416 1012 723 1083 ἐνέργειαν,
770 1013 838 1066 δι’
866 1012 1058 1084 ἑτέρου
1087 1015 1188 1086 τὴν
1222 1015 1499 1086 ἡμετέραν
1541 1016 1816 1088 σωτηρίαν
1866 1017 2012 1069 0le-

415 1103 690 1174 νομοῦντέι
747 1121 923 1174 φατες
984 1105 1062 1169 ὡς
1109 1105 1248 1176 μηδὲ
1318 1105 1606 1178 ἀληθεύειν
1650 1107 1838 1160 λοιπὸν
1886 1106 2009 1162 καθ’

414 1194 559 1263 ὑμᾶς
583 1194 663 1259 τὸ,
701 1195 775 1248 Οὐ
816 1195 1056 1266 πρέσϐυς
1097 1195 1206 1250 οὐδ’
1223 1196 1480 1266 ἄγγελος,
1509 1196 1625 1251 ἀλλ’
1655 1197 1817 1260 αὐτὸς
1837 1199 1866 1251 ό
1897 1197 2012 1250 Κύ-

417 1303 551 1357 ριως
609 1287 816 1340 ἔσωσεν
863 1289 1032 1359 ἡμᾶς,
1063 1289 1156 1343 τὸν
1204 1289 1263 1343 δὲ
1315 1289 1506 1358 ἓτερον
1549 1290 1685 1356 υἱὸν,
1721 1289 2011 1361 ἄνθρωπον

414 1378 596 1448 ψιλὸν,
643 1379 764 1433 κατ’
798 1380 955 1434 οὐδὲν
997 1380 1119 1451 Θεῷ
1163 1383 1528 1436 κοινωνοῦντα
1557 1381 1591 1453 ἦ
1617 1382 1918 1453 ἡνωμένον,
1946 1382 2010 1434 οὐ

419 1470 602 1540 φύσει,
638 1472 736 1543 οὐχ
762 1473 1066 1528 ὑποστάσει
1087 1473 1340 1539 δοξάζετε
1368 1491 1385 1542 ;
1416 1476 1464 1528 εί
1501 1473 1597 1546 μὴ,
1627 1473 1702 1538 ὥς
1731 1491 1890 1544 φατε,
1916 1474 2014 1545 μό-

416 1579 493 1632 νῳ
530 1563 609 1634 τῷ
633 1565 856 1635 ὀνόματι
891 1565 1033 1620 κατὰ
1077 1566 1170 1620 τὸν
1216 1565 1327 1620 τῶν
1367 1566 1678 1638 ὁμωνύμων
1701 1565 1883 1635 λόγον’
1925 1566 2012 1636 ἐφ’

416 1647 492 1708 ὧν
521 1655 584 1708 τὸ
616 1657 715 1727 μὲν
759 1657 932 1729 ὄνομα
985 1658 1187 1725 κοινὸν,
1216 1659 1246 1711 6
1275 1659 1332 1712 δὲ
1376 1659 1520 1713 κατὰ
1564 1657 1804 1731 τοῦνομα
1853 1659 2013 1729 λόγος

416 1747 519 1818 τῆς
556 1748 767 1814 οὐσίας,
819 1749 1008 1821 ἕτερός
1037 1752 1188 1804 ἐστιν
1239 1751 1350 1804 ἀεί·
1398 1745 1511 1805 οἷον
1539 1751 1567 1803 ὅ
1595 1768 1656 1803 τε
1697 1750 1756 1804 ὲν
1782 1750 2014 1824 ἀληθείᾳ

416 1838 725 1910 ἄνθρωπος,
756 1842 850 1895 καὶ
880 1843 908 1895 ὁ
933 1842 992 1896 ἐν
1020 1844 1209 1914 Γραφῇ
1232 1842 1400 1912 ἄμφω
1414 1841 1706 1913 λεγόμενος
1739 1843 2012 1905 ὡσαύτως

2111 664 2266 715 sona,
2294 646 2394 703 sed
2432 646 2503 703 de
2537 661 2652 701 uno
2675 656 2732 701 et
2764 645 2944 700 altero
2969 642 3084 699 ﬁlio
3108 642 3332 699 diversa
3378 641 3698 714 concipitis,

2110 739 2391 809 quomodo
2417 737 2695 803 nonfduos
2709 751 2831 792 esse
2862 735 3010 790 ﬁlios
3036 735 3327 791 manifeste
3350 735 3703 806 opinamini?

2111 828 2392 900 quomodo
2422 843 2556 883 vero
2588 827 2826 882 alterum
2847 825 3074 896 quidem
3096 827 3270 880 Deum
3296 825 3528 880 minime
3554 826 3704 880 inter

2112 921 2370 977 homines
2405 920 2713 976 secundum
2764 909 3136 974 substantiam
3191 927 3546 981 evacuatum,
3604 916 3702 972 sed

2112 1012 2293 1068 solum
2314 1012 2470 1082 juxta
2523 1010 2905 1080 operationem
2947 1007 3124 1076 ipsius
3158 1023 3226 1062 ex
3268 1007 3488 1062 saeculis
3518 1005 3707 1077 provi-

2113 1106 2365 1169 dentem,
2396 1117 2512 1173 ope
2554 1100 2792 1156 alterius
2838 1100 2907 1155 de
2949 1109 3138 1155 nostra
3174 1099 3352 1154 salute
3401 1098 3708 1168 disponen-

2112 1204 2228 1250 tem
2295 1208 2410 1248 non
2445 1191 2672 1247 dicitis?
2706 1189 2791 1246 sic
2829 1188 2980 1259 apud
3007 1204 3108 1243 vos
3167 1204 3282 1243 non
3340 1203 3469 1244 esse
3501 1202 3700 1242 verum

2113 1287 2289 1354 istud,
2322 1301 2428 1342 nec
2454 1283 2725 1349 nuntius,
2772 1297 2956 1351 neque
3001 1281 3258 1351 angelus,
3296 1280 3392 1335 sed
3422 1280 3542 1350 ipse
3592 1279 3705 1333 Do-

2115 1381 2305 1437 minus
2352 1378 2589 1435 salvavit
2630 1392 2757 1440 nos,
2813 1375 3056 1430 alterum
3090 1389 3227 1429 vero
3259 1373 3459 1438 ﬁlium,
3516 1372 3704 1427 homi-

2113 1491 2244 1530 nem
2279 1474 2519 1539 nudum,
2575 1471 2807 1527 minime
2835 1470 2950 1524 Deo
2982 1469 3422 1539 participantem
3447 1476 3544 1522 aut
3576 1467 3706 1521 uni—

2116 1577 2258 1632 tum,
2301 1583 2408 1622 nec
2446 1576 2646 1621 natura
2694 1580 2798 1620 nec
2850 1565 3140 1636 bypostasi
3194 1560 3552 1634 opinamini?
3585 1560 3706 1616 Nisi

2115 1661 2317 1716 dicatis
2348 1661 2423 1715 ita
2455 1674 2582 1714 esse
2608 1658 2728 1714 solo
2759 1659 3010 1723 nomine,
3059 1657 3380 1714 secundum
3425 1654 3576 1726 quod
3605 1654 3709 1708 ha-

2117 1753 2282 1808 betur
2322 1769 2425 1823 pro
2451 1752 2641 1808 verbis
2670 1752 3061 1824 homonymis:
3097 1749 3280 1821 quoad
3335 1749 3439 1803 ista
3464 1761 3705 1818 quorum

2116 1861 2321 1901 nomen
2349 1860 2648 1900 commune
2705 1853 2812 1911 est,
2841 1845 3091 1900 Verbum
3147 1841 3460 1898 secundum
3497 1853 3704 1893 nomen

415 1931 558 1982 τισὶν
587 1932 1048 2004 ἀπαρατηρήτως
1095 1933 1401 2006 ἄνθρωπος.
1433 1933 1592 1989 Οὕτω
1627 1935 1729 2005 μὲν
1776 1932 1872 1988 οῦν
1919 1933 2013 1988 καὶ

2118 1938 2468 2003 substantiae,
2491 1937 2729 1992 alterum
2759 1945 2846 1993 est
2874 1951 3134 2006 semper;
3162 1943 3224 1990 ut
3248 1933 3308 1988 in
3333 1932 3576 1988 veritate
3601 1930 3705 1985 bc-

419 2023 550 2077 τάδε
601 2026 735 2095 παρ’
764 2025 923 2096 ἡμῶν
953 2025 1334 2081 ἀποδέδεικται
1355 2041 1369 2056 ο
1405 2028 1492 2080 ἵνα
1534 2027 1592 2081 δὲ
1625 2027 1763 2098 πρὸς
1793 2027 2016 2096 ἔλεγχον

414 2115 514 2185 τῆς
563 2113 759 2186 λοιπῆς
801 2116 983 2171 αὐτῶν
1029 2118 1284 2182 ἀσεϐείας
1340 2119 1540 2184 αὐτοὺς
1589 2119 2013 2190 κατασύρωμεν,

415 2206 573 2258 αὐτοὶ
606 2205 917 2275 λεγέτωσαν
951 2209 1105 2280 ἡμῖν’
1139 2209 1231 2263 τὸν
1260 2211 1382 2265 κατ’
1407 2212 1607 2273 αὐτοὺς
1634 2210 1869 2282 θάτερον
1904 2209 2016 2264 τῶν

416 2298 551 2351 υἱῶν
589 2299 847 2370 Χριστὸν,
875 2299 967 2354 τὸν
996 2300 1291 2357 ἀσύνθετον
1340 2302 1420 2369 τῷ
1477 2303 1662 2375 Λόγῳ,
1718 2303 1827 2356 τίνι
1848 2303 2016 2373 φασὶν

413 2388 740 2458 ὁμοούσιον;
771 2393 819 2444 εί
845 2391 955 2463 γὰρ
977 2393 1177 2458 οὐδενὶ,
1205 2395 1327 2448 οὐδὲ
1365 2394 1499 2449 Υίὸν
1543 2395 1702 2459 ὅλως,
1730 2395 1877 2459 τίνος
1907 2394 2016 2466 άρα

419 2482 706 2550 εἷποισανς
750 2484 875 2538 ἐπεὶ
906 2487 1020 2549 τοῖς
1061 2485 1314 2540 τεκοῦσιν
1353 2484 1421 2558 ἦν
1465 2487 1859 2557 ἀνομοούσιος·
1897 2487 2017 2541 οὐδὲ

415 2574 755 2645 γεννηθέντα
793 2573 910 2640 οῦν,
953 2576 1076 2630 οὐδὲ
1107 2575 1249 2640 ζῶον
1274 2577 1428 2632 ἔσται
1471 2582 1617 2632 νοεῖν
1645 2577 1832 2643 αὑτὸν,
1872 2577 2018 2632 καθά

416 2668 512 2722 καὶ
559 2668 716 2722 αὐτοὶ
749 2670 810 2722 ἐν
838 2671 954 2734 τοῖς
1004 2669 1200 2742 πρώην
1230 2669 1555 2725 δεδώκασιν·
1598 2671 1649 2724 εί
1693 2671 1751 2724 δὲ
1783 2669 1862 2742 τῷ
1898 2669 2018 2742 Θεῷ

419 2760 606 2830 μόνον,
633 2761 744 2832 ἄρα
774 2777 839 2830 γε
881 2763 976 2816 καὶ
1005 2761 1100 2816 δύο
1141 2764 1274 2816 θεῖοι
1316 2763 1422 2816 υἱοί
1453 2766 1581 2827 εἰσι,
1619 2763 1716 2818 καὶ
1751 2761 1952 2835 τετρὰς
1981 2765 2016 2834 ἡ

414 2852 547 2918 ἁγία
575 2853 769 2924 Τριάς·
793 2853 889 2906 καὶ
917 2851 1077 2908 τοῦτο
1114 2854 1172 2908 δὲ
1199 2855 1472 2923 λέγοντες,
1497 2854 1530 2926 ἢ
1561 2853 1622 2907 ού
1653 2854 1746 2908 τὸν
1776 2856 1842 2908 ὲκ
1867 2855 2020 2924 Παρ-

416 2944 570 2999 θένου
609 2946 775 3016 φασιν
815 2945 956 3001 εἶναι
1008 2947 1182 3013 τόνδε,
1220 2947 1254 3018 ἢ
1294 2949 1390 3002 καὶ
1421 2947 1520 3018 τὴν
1554 2947 1857 3016 Παρθένον,
1885 2947 2020 3000 Θεὸν

418 3039 568 3092 ἴσασι
604 3040 791 3108 φύσει·
828 3040 990 3112 εἴπερ
1021 3039 1308 3108 ὁμοούσιος
1353 3042 1449 3093 καὶ
1480 3040 1615 3110 αὐτῇ
1657 3042 1686 3094 ὁ
1722 3041 2019 3111 ὁμοούσιος

415 3129 558 3201 Θεῷ·
587 3132 668 3185 διὸ
699 3133 764 3204 δὴ
787 3133 884 3186 καὶ
905 3135 1052 3205 ἡμᾶς
1087 3133 1299 3196 πάντας
1332 3133 1460 3196 τοὺς
1492 3132 1819 3203 ὀμοουσίους
1848 3133 2015 3204 αὐτῇ,

419 3223 576 3287 θεοὺς
619 3224 686 3278 ἂν
735 3225 944 3279 εἴποιεν
1001 3225 1246 3288 εἰκότως·
1318 3224 1415 3278 καὶ
1473 3224 1838 3294 ἁπειροθεῖαν
1902 3225 2019 3277 είσ-

2118 2050 2210 2089 mo
2229 2035 2331 2099 ,'et
2355 2033 2413 2088 in
2441 2031 2735 2104 Scriptura
2763 2032 2929 2088 ambo
2962 2032 3148 2088 dictus
3178 2028 3516 2101 quibusdam
3541 2028 3712 2084 homo

2117 2125 2254 2196 quin
2275 2125 2460 2180 animo
2495 2125 2564 2180 ad
2601 2126 2709 2180 hoc
2737 2123 3062 2180 attendatur
3107 2141 3119 2178 :
3151 2123 3225 2178 ita
3255 2120 3486 2192 quidem
3539 2119 3710 2190 igitur

2117 2227 2174 2274 et
2205 2218 2324 2273 haec
2357 2233 2390 2272 a
2438 2217 2604 2272 nobis
2653 2217 3038 2272 demonstrata
3076 2221 3246 2269 sunt:
3280 2197 3368 2267 .ut
3416 2219 3606 2266 autem
3641 2210 3710 2264 ad

2118 2311 2506 2381 probationem
2560 2310 2794 2380 reliqua:
2851 2323 3048 2363 eorum
3112 2304 3420 2376 impietatis
3447 2303 3599 2374 ipsos
3628 2313 3713 2357 at-

2120 2403 2430 2467 trahamus,
2458 2400 2562 2472 ipsi
2595 2401 2784 2457 dicant
2817 2400 3014 2456 nobis:
3046 2399 3228 2456 Unum
3259 2397 3416 2468 juxta
3465 2396 3618 2466 ipsos
3645 2410 3715 2449 ex

2122 2492 2256 2548 ﬁliis
2287 2491 2576 2548 Christum
2611 2507 2724 2546 non
2738 2490 3114 2562 compositum
3139 2487 3349 2554 Verbo,
3391 2487 3485 2543 cui
3517 2486 3715 2541 dicunt

2121 2583 2704 2639 consubstantialem?
2726 2583 2785 2638 Si
2807 2583 2958 2636 enim
2978 2581 3140 2646 nulli,
3159 2595 3266 2635 nec
3285 2579 3460 2634 lilium
3483 2577 3714 2633 omnino

2127 2675 2368 2744 alicujus
2402 2672 2658 2743 profecto
2694 2673 2912 2728 dicanti
2966 2671 3186 2728 Etenim
3217 2686 3328 2726 non
3388 2669 3471 2724 illi
3520 2669 3716 2725 eadem

2121 2785 2188 2825 ac
2210 2768 2543 2839 parentibus
2565 2775 2714 2822 esset
2740 2767 3051 2822 substantia
3077 2784 3090 2820 :
3124 2781 3309 2836 neque
3334 2764 3508 2836 igitur
3558 2763 3714 2834 geni-

2125 2873 2262 2928 tum,
2326 2877 2510 2932 neque
2556 2862 2750 2916 vivum
2802 2860 3031 2914 dabitur
3070 2858 3226 2919 illum
3284 2857 3606 2929 concipere,
3657 2865 3722 2911 ut

2121 2955 2228 3027 ipsi
2267 2970 2446 3025 nuper
2507 2961 2953 3009 concesserunt:
3003 2951 3049 3006 si
3081 2961 3271 3005 autem
3339 2951 3454 3005 Dco
3513 2949 3693 3003 solum

2120 3045 2374 3118 profecto
2408 3045 2635 3116 quidem
2661 3053 2717 3099 et
2748 3045 2860 3099 duo
2889 3043 3064 3098 divini
3091 3043 3189 3098 lilii
3222 3052 3374 3106 sunt,
3402 3050 3458 3096 et
3484 3049 3718 3112 quater-

2120 3139 2270 3194 nitas
2289 3146 2602 3194 autsancta
2627 3137 2922 3192 Trinitas:
2965 3144 3022 3191 et
3064 3135 3204 3190 illud
3239 3143 3560 3190 asserentes
3620 3141 3720 3188 aut

2122 3245 2235 3284 non
2257 3246 2327 3284 ex
2376 3229 2600 3300 Virgine
2639 3229 2797 3283 illum
2854 3243 2978 3284 esse
3012 3227 3231 3292 dicunt,
3281 3235 3381 3281 aut
3436 3226 3719 3296 Virginem

418 3315 614 3385 άγουσι
650 3318 1099 3389 προφανέστατα·
1137 3318 1186 3370 εί
1225 3317 1283 3371 δὲ
1341 3318 1476 3388 ἡμῖν
1507 3293 1670 3388 μόνον
1723 3316 2013 3387 όμοούσιόν

2121 3323 2297 3378 Deum
2336 3331 2538 3378 natura
2580 3329 2901 3376 noverunt:
2955 3320 3164 3391 quippe
3226 3319 3300 3374 sit
3337 3319 3708 3373 consubstan-
3815 3332 3824 3341 ‘

417 3427 552 3480 φασι
581 3412 674 3466 τὸν
713 3413 975 3484 Χριστὸν,
1014 3412 1143 3466 Υἰὸν
1179 3408 1316 3464 Θεοῦ
1345 3411 1660 3479 λεγόμενον,
1689 3411 1742 3464 τί
1766 3411 2014 3482 διαφέροι

421 3505 487 3556 ἂν
523 3497 678 3567 οὗτος
708 3504 818 3558 τῶν
857 3504 1062 3559 λοιπῶν
1097 3504 1230 3558 υίῶν
1259 3503 1355 3558 τοῦ
1392 3503 1528 3557 Θεοῦ
1555 3503 1884 3575 εἰρημένων,
1928 3503 2016 3556 λε-

416 3596 682 3664 γέτωσαν·
707 3598 835 3664 περὶ
854 3590 929 3650 ὧν
967 3596 1183 3668 εἴρηται
1214 3595 1319 3650 ὐπὸ
1348 3596 1442 3649 τοῦ
1473 3595 1630 3649 Θεοῦ·
1659 3614 1677 3644 ι
1707 3595 1819 3650 Καὶ
1858 3596 2014 3648 ἔσον-

413 3687 506 3742 ταί
539 3705 629 3760 μοι
653 3689 734 3752 είς
765 3690 913 3754 υἱοὺς
945 3689 1042 3743 καὶ
1072 3689 1378 3760 θυγατέρας
1400 3701 1414 3722 '
1449 3688 1564 3754 καὶ,
1592 3706 1612 3740 ι
1654 3687 1798 3757 Ἐγὼ
1825 3683 2012 3741 εἷπον·

415 3779 538 3833 Θεοί
561 3782 681 3833 ἐστε
734 3783 829 3834 καὶ
859 3782 965 3834 υἱοὶ
1001 3781 1258 3850 Ὑψίστου
1287 3781 1508 3845 πάντες,
1546 3799 1564 3833 ι
1596 3781 1689 3833 καὶ
1710 3781 1782 3834 τὰ
1802 3780 2003 3835 τοιάδε.

2125 3415 2273 3469 tialis
2314 3423 2373 3470 et
2418 3413 2524 3484 ipsi
2579 3411 3079 3469 consubstantialis
3123 3413 3257 3468 Deo.
3317 3411 3444 3465 Ideo
3503 3420 3559 3465 et
3617 3421 3720 3463 nos

2121 3521 2320 3560 omnes
2371 3505 2883 3561 consubstantiales
2935 3504 3170 3575 Virgini,
3225 3503 3361 3558 deos
3409 3503 3609 3557 merito
3641 3501 3715 3556 di.

2125 3607 2350 3654 cerent:
2408 3606 2466 3653 et
2518 3597 2990 3669 inexperieutiam
3047 3598 3322 3653 exhibent
3377 3595 3719 3651 manifestis-

2127 3693 2298 3748 sime:
2332 3692 2376 3747 si
2414 3707 2552 3747 vero
2589 3692 2754 3748 nobis
2811 3692 2990 3747 solum
3040 3689 3576 3747 consubstantialem
3633 3687 3722 3742 di-

2118 3793 2256 3840 cunt
2282 3785 2594 3843 Christum.
2631 3784 2816 3839 Flium
2847 3783 2946 3840 Dei
2973 3783 3211 3848 dictum,
3253 3783 3311 3838 in
3355 3798 3466 3853 quo
3499 3780 3724 3835 diﬂ'erat

418 3875 522 3929 iste
555 3890 586 3928 a
639 3873 854 3929 cretei-is
885 3874 1012 3930 liliis
1040 3874 1128 3928 dei
1163 3874 1517 3944 nuncupatis,
1580 3873 1789 3938 dicant,
1823 3872 1891 3928 de
1923 3873 2127 3944 quibus
2165 3879 2444 3948 prolatum
2477 3887 2563 3934 est
2589 3895 2621 3934 a
2648 3879 2803 3935 Deo:
2847 3895 2867 3930 ι
2904 3879 2972 3933 Ει
2999 3887 3166 3934 erunt
3210 3875 3348 3932 mihi
3399 3876 3454 3931 in
3505 3875 3650 3930 ﬁlios
3667 3883 3725 3931 et

417 3965 631 4020 ﬁlias?»
666 3965 734 4019 Et
781 3985 798 4017 ι
840 3965 953 4035 Ego
981 3965 1095 4018 dixi
1127 3983 1140 4019 :
1167 3964 1253 4018 Dii
1280 3964 1415 4020 estis
1438 3972 1494 4019 et
1526 3963 1627 4018 ﬁlii
1654 3960 2082 4023 excelsi‘omnes
2112 3970 2178 4037 ”,
2207 3988 2225 4021 ι
2257 3977 2316 4025 et
2345 3969 2571 4025 similia.

1022 4081 1276 4135 ΚΕΦΑΛ.
1317 4082 1398 4134 Z'.

489 4173 619 4227 Υἱὺν
676 4173 798 4245 μὲν,
831 4172 987 4245 φησὶ,
1018 4172 1110 4227 τοῦ
1145 4171 1306 4236 Θεοῦ,
1341 4170 1504 4242 φύσει
1533 4171 1627 4226 τὸν
1668 4171 1806 4227 Θεὸν
1835 4173 2010 4242 Λόγον

421 4265 601 4344 μόνον,
630 4264 723 4318 τὸν
746 4265 1036 4336 ὁμοούσιον
1066 4263 1145 4335 τῷ
1177 4263 1356 4337 Πατρί
1389 4281 1572 4335 φαμεν
1602 4281 1616 4296 ·
1653 4265 1746 4319 τὸν
1770 4265 1828 4319 δὲ
1873 4266 2011 4338 Χρι-

421 4359 562 4423 στὸν,
596 4357 726 4412 Υἱδν
757 4358 856 4429 μὲν
899 4355 1041 4412 Θεοῦ
1087 4357 1601 4428 προσαγορεύεσθαι
1629 4359 1814 4428 χάριτι
1851 4358 2023 4428 λέγοοὲ

421 4467 544 4521 μεν,
579 4451 767 4522 ὅμοιον
815 4449 874 4503 δὲ
908 4444 1052 4504 εἶναι
1101 4451 1166 4521 τῇ
1209 4449 1372 4518 φύσει
1403 4465 1420 4481 ·
1448 4449 1508 4503 ού
1535 4447 1626 4504 διὰ
1655 4449 1775 4504 τόδε
1815 4450 1872 4504 δὲ
1911 4451 2008 4505 καὶ

417 4544 682 4615 ὁμότιμον
703 4542 870 4597 αὑτὸν
886 4544 1018 4613 ἡμῖν
1033 4542 1135 4614 ήδη
1157 4542 1569 4613 παριστάνομεν
1593 4542 1742 4597 Υἰόν·
1769 4544 1894 4597 ἐπεὶ
1914 4545 2009 4598 καὶ

2762 4082 2917 4140 CAP.
2959 4082 3075 4138 νη.

2193 4175 2394 4230 Filium
2417 4175 2665 4247 quidem,
2689 4175 2891 4245 inquit,
2917 4174 3035 4239 Dei,
3057 4181 3257 4228 natura
3276 4172 3450 4226 Deum
3471 4169 3719 4224 Verbum

2110 4269 2315 4333 solum,
2354 4267 2892 4325 consubstantialem
2923 4266 3074 4321 Patri
3105 4265 3384 4320 dicimus:
3429 4263 3720 4320 Christum

2089 4376 2246 4436 _vero
2275 4360 2478 4415 Filium
2513 4359 2614 4414 Dei
2643 4357 2919 4430 appellari
2955 4356 3129 4429 gratia
3167 4365 3445 4420 tenemus,
3478 4355 3720 4410 similem

2110 4468 2246 4508 vero
2291 4468 2417 4508 esse
2462 4461 2706 4507 natura:
2744 4466 2855 4506 non
2912 4458 3101 4504 autem
3151 4447 3280 4503 ideo
3325 4450 3508 4518 ipsum
3558 4447 3726 4501 nobis

2111 4548 2327 4602 honore
2379 4561 2570 4617 parem
2619 4545 2821 4599 Filium
2865 4544 2977 4615 jam
3024 4540 3394 4612 proponimus
3439 4557 3616 4595 :uam
3667 4548 3726 4596 et

418 4637 586 4708 ἡμεῖς
631 4634 881 4707 χάρισμα
906 4634 1180 4698 υἱοθεσίας
1220 4634 1486 4704 ἐλάϐομεν
1531 4636 1683 4706 παρὰ
1717 4634 1854 4688 Θεοῦ
1875 4677 1890 4702 ,
1924 4636 2013 4690 καὶ

2124 4640 2229 4710 ipsi
2257 4639 2466 4695 donum
2494 4637 2870 4694 deiﬁcationis
2889 4637 3209 4707 accepimus
3241 4651 3272 4689 a
3302 4635 3440 4699 Deo,
3465 4642 3523 4689 et
3549 4635 3726 4705 gratia

417 4730 604 4800 χάριτί
645 4730 816 4798 ὲσμεν
849 4728 1017 4781 τέκνα
1045 4724 1204 4794 Θεοῦ,
1235 4727 1330 4781 καὶ
1359 4727 1688 4799 κληρονόμοι
1718 4727 1877 4790 Θεοῦ,
1917 4728 2014 4781 καὶ

422 4822 860 4894 συγκληρονόμοι
894 4820 1060 4876 αὑτοῦ
1103 4820 1341 4892 Χριστοῦ
1369 4837 1382 4852 ·
1415 4821 1512 4875 καὶ
1540 4821 1650 4874 τῶν
1675 4822 1878 4891 ὁμοίως
1909 4821 2018 4894 γὰρ

419 4915 734 4986 λεγομένων
781 4914 1048 4978 πολλάκις
1071 4954 1086 4980 ,
1118 4913 1327 4982 ἄφατος
1358 4913 1678 4984 εὑρίσκεται
1728 4913 1972 4984 διαφορά
1999 4930 2014 4946 ⁶

428 5009 641 5080 κυρίως
673 5006 775 5080 γὰρ
807 5008 902 5061 καὶ
931 5008 1212 5079 κτίσματα
1244 5007 1273 5061 δ
1297 5023 1360 5059 τε
1386 5005 1588 5076 κώνωψ
1607 5007 1702 5060 καὶ
1723 5008 1751 5060 6
1783 5007 2018 5075 ἄγγελος

421 5101 590 5170 ἄμφω
620 5100 822 5172 ὁμοίως
856 5100 1078 5170 λέγεται
1096 5117 1110 5131 ο
1143 5101 1239 5154 καὶ
1272 5099 1334 5153 οὐ
1361 5100 1513 5172 παρὰ
1534 5099 1652 5154 τόδε
1679 5101 1845 5170 ὅμοιά
1872 5103 2012 5155 ἐστι·

421 5193 558 5248 πολὺ
590 5193 700 5266 γὰρ
750 5194 812 5248 τὸ
841 5195 1101 5266 διάφορον
1153 5194 1368 5248 αὐτῶνθ
1407 5192 1584 5256 οὕτως
1635 5190 1730 5248 οὖν
1776 5194 1872 5248 καὶ
1918 5195 2014 5249 ἐπὶ

420 5286 531 5340 τῶν
559 5286 707 5340 θέσει
733 5287 1007 5358 διαφόρων
1034 5287 1169 5340 υἱῶν
1195 5284 1332 5340 Θεοῦ
1378 5286 1472 5339 καὶ
1500 5285 1686 5356 χάριτι
1742 5287 1966 5358 νοητέον
1992 5304 2006 5318 ο

426 5376 678 5441 πλείονος
734 5377 842 5449 γὰρ
875 5377 1044 5448 τιμῆς
1079 5376 1308 5446 ἠξίωται
1353 5378 1381 5430 ὁ
1413 5377 1647 5450 Χριστὸς
1709 5379 1805 5450 καὶ
1861 5379 2013 5448 παρὰ

423 5469 638 5540 Μωῦσῆ
667 5469 760 5523 τὸν
811 5470 986 5539 μέγαν
1019 5471 1076 5522 ἐν
1134 5471 1468 5540 προφήταις,
1513 5470 1747 5524 καθόσον
1788 5471 2013 5524 πλείονα

422 5559 590 5630 τιμὴν
620 5560 736 5631 ἔχει
766 5559 864 5613 τοῦ
903 5561 1055 5615 οἴκου
1086 5563 1112 5614 ὁ
1138 5561 1563 5625 κατασκευάσας
1594 5560 1777 5615 αὐτόν.

497 5652 560 5705 Ei
592 5649 688 5705 οὖν
726 5653 802 5724 μὴ
849 5654 943 5706 καὶ
985 5651 1158 5707 ταῦτα
1208 5654 1615 5724 προσποιεῖσθε,
1676 5653 1791 5707 ἀλλ’
1843 5654 2014 5719 ὄντως

427 5746 533 5800 κᾶν
583 5749 753 5818 τιμῆς
806 5747 899 5802 καὶ
957 5747 1116 5813 ἀξίας
1147 5747 1261 5801 ἴστε
1307 5749 1602 5820 πρῦκρισιν
1647 5749 1738 5802 ἐπὶ
1771 5748 2012 5820 Χριστοῦ

504 5903 548 5934 ³⁸
579 5902 724 5968 l’sal.
766 5919 944 5968 Lxxxr,
976 5902 1029 5959 6.
1119 5904 1164 5936 ³⁸
1202 5904 1358 5957 Ιὶοιιι.
1396 5918 1516 5968 νιιι,
1562 5902 1648 5956 l7.

2124 4746 2320 4786 sumus
2353 4730 2450 4785 lilii
2476 4730 2594 4795 Dei,
2625 4738 2682 4785 et
2706 4729 2958 4786 haerech
2985 4729 3104 4794 Dci,
3125 4737 3182 4783 et
3202 4727 3526 4784 cohaeredes
3548 4727 3724 4797 ipsius

2121 4823 2333 4880 Christi
2350 4824 2416 4879 ³⁸.
2435 4823 2497 4879 In
2519 4823 2607 4880 his
2629 4833 2812 4879 tamen
2833 4839 2956 4894 qua:
2976 4838 3119 4894 saepe
3147 4821 3408 4877 similiter
3429 4820 3718 4886 dicuntur,

2123 4916 2351 4973 infanda
2379 4918 2660 4988 reperitur
2694 4917 3052 4974 differentia:
3106 4915 3333 4986 proprie
3375 4915 3525 4969 enim
3562 4929 3723 4968 crea—

2121 5015 2265 5065 tura:
2291 5016 2346 5065 et
2373 5009 2538 5063 culex
2567 5016 2623 5063 et
2654 5008 2886 5078 angelus
2916 5006 3082 5061 ambo
3115 5004 3373 5061 similiter
3414 5003 3680 5057 dicuntur
3707 5020 3721 5056 :

2118 5111 2175 5157 et
2198 5118 2311 5157 non
2347 5101 2478 5157 ideo
2508 5101 2722 5157 similes
2757 5109 2924 5155 sunt:
2951 5099 3191 5152 multum
3233 5095 3380 5150 enim
3414 5094 3722 5148 diﬂ‘ernnt:

2118 5196 2193 5250 ita
2222 5195 2396 5266 igitur
2435 5193 2505 5249 de
2536 5192 2776 5249 diversis
2821 5190 2949 5244 ﬁliis
2978 5189 3079 5244 Dei
3123 5186 3422 5257 adoptione
3453 5193 3512 5240 et
3546 5183 3724 5254 gratia

2121 5285 2527 5343 sentiendum:
2588 5283 2874 5354 amplioris
2931 5280 3082 5336 enim
3136 5279 3327 5351 gloriae
3378 5277 3580 5348 dignus
3636 5284 3724 5329 est

2121 5379 2343 5433 habitus
2385 5377 2666 5442 Christus,
2713 5383 2770 5429 et
2802 5389 2917 5443 prae
2947 5371 3130 5442 Moyse
3161 5385 3361 5441 magno
3408 5369 3553 5424 inter
3587 5382 3719 5437 pro-

2121 5472 2341 5541 phetas,
2383 5478 2595 5540 quanto
2629 5467 2955 5537 ampliorem
2993 5464 3267 5519 honorem
3301 5461 3474 5516 habet
3524 5459 3727 5514 domus

2123 5562 2218 5633 qui
2248 5560 2541 5616 fabricavit
2561 5559 2735 5613 illam.

2196 5653 2257 5708 Si
2306 5652 2475 5722 igitur
2517 5666 2626 5705 uou
2675 5660 2733 5704 et
2785 5648 2906 5702 haec
2953 5645 3318 5709 admiseritis,
3347 5642 3446 5700 sed
3490 5655 3622 5696 vere
3665 5648 3724 5694 et

2125 5745 2358 5803 honoris
2379 5753 2437 5801 et
2457 5743 2746 5817 dignitatis
2771 5741 3041 5798 noveritis
3060 5737 3392 5798 electionem
3415 5736 3482 5792 de
3499 5733 3722 5792 Cbristo
