4116 6462
432 410 571 487 εδει

1690 417 2000 487 LEONTII
2040 418 2417 491 ΒΥΖΑΝΤΙΝ
2424 432 2450 489 Ι

3576 439 3599 496 1
3610 432 3721 498 624

427 551 598 609 supra
643 542 875 589 caeteros
924 532 1199 599 homines,
1252 548 1366 587 non
1418 541 1606 589 autem
1661 535 2010 603 substantiae,

2129 538 2270 610 ιταρά
2328 542 2456 604 τοὺς
2506 539 2729 604 λοιποὺς
2769 538 3119 611 ἀνθρώπους,
3152 541 3203 593 εί
3238 540 3335 594 καὶ
3385 541 3461 613 μὴ
3500 543 3718 609 οὐσίας,

428 627 708 702 quomodo
732 627 896 696 paulo
920 634 1047 681 ante
1075 627 1423 682 vocationem
1458 628 1633 698 ipsius
1668 638 1723 684 et
1748 630 2018 687 honorem

429 740 596 796 quem
645 722 863 792 accepit
892 737 924 775 a
956 722 1068 776 Deo
1120 721 1361 777 similem
1404 723 1682 779 vocationi
1720 734 1777 780 et
1817 726 2019 781 honori

430 816 614 872 Aaron
633 814 942 879 affirmatis,
959 815 1090 885 quia
1106 816 1252 870 sicut
1272 824 1329 871 et
1348 816 1553 881 Aaron,
1575 817 1650 871 ita
1668 824 1727 872 et
1764 816 2023 874 Christus

432 908 643 961 dictum
700 907 833 961 est?
882 906 1015 974 Qu.e
1042 908 1268 977 quidem
1318 909 1488 981 igitur
1536 912 1757 965 tandem
1789 923 2022 981 prazler-

433 1001 741 1054 mittamus.
766 1000 842 1055 De
872 1001 1128 1069 exemplo
1152 1010 1338 1056 autem
1372 1012 1556 1057 vestro
1584 1004 1856 1068 dicemus,
1890 1020 2019 1074 per-

433 1089 561 1144 inde
609 1105 675 1146 ac
704 1093 1000 1160 saperetis,
1023 1110 1056 1146 ο
1077 1094 1361 1162 sophistae.
1401 1095 1865 1152 creatio‘diversa
1894 1114 2024 1168 pro—

432 1180 591 1236 ducit
621 1189 679 1235 et
717 1191 869 1237 creat
920 1184 1229 1238 secundum
1271 1186 1674 1241 substantiam:
1706 1189 1936 1259 insuper
1970 1199 2025 1245 et

435 1275 570 1330 facit
600 1284 666 1331 ut
696 1293 764 1333 ex
793 1293 906 1332 non
948 1279 1347 1335 exsistentibus
1390 1280 1521 1347 sint,
1558 1290 1617 1335 ut
1641 1282 1934 1349 dicebatis,
1968 1296 2025 1340 et

437 1370 667 1440 angelus
694 1378 750 1424 et
785 1372 966 1436 culex,
1007 1388 1129 1441 qua:
1162 1372 1390 1442 quidem
1426 1382 1625 1430 natura
1656 1376 1944 1441 differunt,
1970 1386 2027 1432 et

438 1462 514 1517 ila
567 1462 709 1518 facta
756 1472 886 1517 sunt
918 1464 1104 1519 divina
1152 1464 1467 1520 creatione:
1501 1467 1633 1536 quid
1665 1484 1796 1538 ergo
1840 1469 2029 1525 dicitis

435 1556 672 1625 gratiam
702 1556 886 1611 datam
904 1556 1138 1612 Chi-ister
1159 1556 1537 1613 differentiam
1569 1560 1638 1614 ab
1662 1561 1783 1631 ipso
1817 1562 2028 1619 fecisse

440 1648 747 1703 secundum
794 1650 1164 1705 substantiam
1212 1650 1267 1705 in
1300 1651 1481 1721 aliqua
1518 1667 1601 1717 re,
1628 1664 1726 1709 aut
1772 1657 1925 1710 non?
1969 1656 2027 1711 Si

439 1739 666 1796 minime
696 1742 945 1811 quidem,
995 1743 1275 1813 quomodo
1330 1747 1539 1814 pariter
1594 1762 1658 1802 ac
1710 1747 2028 1804 differentia

438 1842 777 1898 creatorum,
806 1833 1124 1890 differentia
1162 1836 1216 1890 in
1261 1836 1440 1906 gratia
1471 1839 1851 1907 perspicitur?
1888 1841 2026 1897 Cum

437 1925 533 1979 illa
582 1926 809 1995 quidem
855 1928 1259 1984 exsistentibus
1303 1928 1467 1985 faciat
1514 1929 1879 1997 differentias,
1921 1933 2029 1988 ista

437 2017 701 2073 minime:
739 2019 975 2074 multum
1005 2022 1156 2076 enim
1195 2037 1325 2077 vere
1356 2023 1494 2077 illud
1533 2023 1710 2093 ipsum
1735 2040 1766 2080 a
1793 2015 2029 2082 diversis

437 2109 741 2165 diversum.
769 2111 827 2167 Si
880 2112 1105 2178 fecerit,
1146 2114 1380 2170 evidens
1426 2125 1511 2171 est
1562 2116 1709 2185 quod
1739 2119 2026 2173 meliorem

435 2200 607 2257 efficit
634 2204 939 2258 secumlum
972 2214 1227 2260 naturam
1263 2207 1419 2261 illum
1463 2224 1629 2276 quem
1672 2210 2025 2278 gratificavit.

436 2294 651 2365 Quippe
709 2297 881 2367 igitur
924 2298 1217 2353 cxsistenti
1269 2299 1481 2369 aliquid
1535 2301 1841 2355 secundum
1892 2303 2029 2357 sub-

438 2386 698 2441 stantiam
732 2388 921 2442 datum
956 2399 1061 2451 est,
1100 2405 1210 2445 non
1246 2392 1396 2445 enim
1448 2393 1678 2448 minime
1739 2396 2026 2450 exsistenti

437 2476 609 2545 gratia
666 2476 851 2541 datur,
903 2494 1005 2532 nec
1036 2480 1182 2548 quod
1235 2481 1388 2535 nullo
1445 2482 1611 2537 modo
1659 2492 1764 2550 est,
1807 2500 1875 2539 cx
1916 2502 2026 2541 non

441 2568 844 2624 exsistentibus
871 2569 963 2635 sit,
992 2571 1107 2640 ipsa
1128 2572 1283 2636 facit,
1315 2572 1479 2627 aliter
1503 2583 1653 2629 esset
1675 2575 1793 2645 ipsa
1820 2580 2032 2633 creatio

441 2669 498 2713 et
532 2676 643 2715 non
679 2663 878 2733 gratia,
916 2664 1049 2732 quid
1085 2663 1331 2729 Christo,
1381 2682 1505 2720 cum
1544 2667 1647 2723 iste
1689 2678 1837 2724 esset
1869 2680 2029 2725 antea

443 2751 753 2806 secundum
806 2754 1194 2816 substantiam,
1245 2756 1403 2811 dedit
1453 2757 1570 2827 ipsa
1624 2761 1840 2829 gratia?
1886 2762 2029 2827 Quid

444 2842 576 2898 fecit
601 2846 837 2915 amplius
872 2847 925 2901 in
950 2848 1043 2900 illo
1074 2856 1273 2902 natura
1307 2849 1609 2906 efl‘ormans
1639 2860 1694 2906 et
1719 2854 2027 2910 secundum

443 2936 812 2991 substantiam
864 2937 1150 2991 meliorem
1198 2937 1481 2994 efficiens?
1527 2940 1584 2996 Si
1618 2943 1768 2997 enim
1815 2945 2031 3000 homini

442 3026 593 3081 nudo
622 3027 812 3081 datum
852 3036 957 3090 est,
1003 3028 1245 3096 primum
1283 3029 1509 3097 quidem
1564 3031 1659 3084 ubi
1706 3041 1762 3085 et
1806 3034 2033 3102 quando

440 3127 560 3173 erat
583 3118 696 3182 ille,
723 3116 920 3171 dicite:
942 3126 1131 3187 postea
1162 3118 1336 3187 gratia
1374 3118 1514 3187 ipsa,
1553 3133 1680 3173 cum
1702 3135 1833 3174 vere
1853 3122 2029 3190 gratia

443 3210 730 3264 meliorem
789 3210 944 3263 illum
995 3206 1510 3265 eflicit'secundum
1567 3220 1821 3266 naturam
1865 3230 2030 3283 quem

444 3301 795 3372 gratificavit,
821 3301 867 3356 si
898 3309 1047 3357 esset
1088 3301 1276 3365 homo,
1311 3301 1602 3357 evidenter
1644 3304 1898 3373 angelum
1937 3313 2034 3358 aut

443 3394 652 3465 aliquid
679 3394 858 3449 simile
892 3394 1198 3448 secundum
1232 3402 1484 3448 naturam
1510 3404 1606 3449 aut
1632 3395 1805 3450 Deum
1837 3412 2034 3451 neces-

443 3485 590 3540 sario
614 3484 781 3539 fecit:
816 3485 958 3539 nihil
984 3484 1132 3539 enim
1176 3484 1325 3539 aliud
1371 3501 1541 3556 super
1575 3486 1692 3541 haec
1732 3488 1919 3557 potius
1951 3497 2035 3543 est

442 3566 669 3631 homine
700 3576 1003 3632 secundum
1035 3577 1437 3633 substantiam:
1463 3578 1509 3633 si
1534 3594 1666 3634 vero
1696 3579 1829 3633 illud
1852 3580 2033 3650 ipsum

444 3666 723 3725 hominem
782 3670 959 3739 ipsum
1028 3672 1337 3726 secundum
1411 3671 1778 3727 substantiam
1829 3675 2029 3729 melius

442 3762 655 3818 faciens
681 3764 855 3833 gratia
885 3762 1091 3829 effecit,
1122 3764 1355 3819 evidens
1387 3764 1537 3834 quod
1565 3764 1773 3835 aliquid
1804 3768 2027 3822 volatile

442 3866 539 3909 aut
570 3870 739 3924 pecus
779 3862 875 3908 aut
924 3854 1115 3923 reptile
1144 3863 1273 3910 ante
1313 3856 1545 3926 gratiam
1580 3864 1701 3912 erat
1730 3857 1833 3912 iste
1861 3874 2029 3927 quem

442 3947 773 4018 gratificavit
808 3947 948 4017 ipsa.
983 3946 1113 4014 Qua:
1140 3947 1364 4018 quidem
1398 3948 1567 4018 igitur
1595 3949 1817 4005 videtur
1837 3950 2025 4005 dicere

442 4038 511 4093 de
539 4038 763 4093 Christo
801 4058 814 4094 :
852 4039 1014 4093 aliter
1048 4039 1119 4093 ita
1149 4049 1206 4095 et
1252 4056 1446 4094 omnes
1492 4040 1747 4094 homines
1775 4042 2025 4111 ejusdem

441 4132 633 4202 gratiae
680 4139 738 4185 et
782 4140 909 4186 ante
958 4132 1136 4202 ipsum
1163 4141 1372 4187 etcum
1409 4133 1527 4203 ipso
1571 4142 1629 4188 et
1678 4143 1802 4203 post
1845 4135 2026 4204 ipsum

441 4224 739 4296 participes
764 4234 969 4280 erunt:
1003 4234 1057 4280 et
1093 4226 1317 4295 quidem
1350 4227 1590 4295 amplius
1629 4242 1693 4281 ac
1734 4226 1872 4295 ipse,
1899 4242 2025 4281 cum

2124 633 2242 696 πῶς
2280 637 2388 705 πρδ
2419 631 2619 704 μικροῦ
2651 631 2750 704 τὴν
2780 632 2978 703 κλῆσιν
3006 632 3174 687 αὐτοῦ
3207 634 3305 687 καὶ
3335 634 3436 705 τὴν
3462 635 3629 707 τιμὴν
3652 637 3724 706 ῆν

2125 726 2283 780 ἔλαϐε
2337 726 2489 796 παρά
2515 726 2674 792 Θεοῦ,
2706 727 2898 797 ὁμοίαν
2930 721 3071 779 εἶναι
3107 727 3207 796 τῆς
3253 726 3471 799 Ἀαρὼν
3510 728 3725 798 διισχυ-

2128 820 2365 893 ρίζεσθε,
2392 821 2481 874 διὰ
2522 822 2584 873 τὸ
2642 820 2900 891 καθάπερ
2934 821 3028 873 καὶ
3077 819 3326 891 Ἀαρὼν,
3350 820 3535 883 »οὕτως
3563 822 3658 873 καὶ
3692 822 3724 874 ό

2124 913 2360 984 Χριστὸς
2394 913 2649 984 εἰρῆσθαι
2675 930 2690 978 ;
2725 914 2836 965 Καὶ
2857 913 3019 967 τοῦτο
3050 916 3147 983 μὲν
3167 913 3261 967 οὖν
3287 915 3427 977 τέως
3450 914 3722 983 ἀφείσθω⁸

2125 1006 2258 1076 περὶ
2280 1006 2335 1059 δέ
2361 1006 2457 1059 τοῦ
2490 1006 2940 1076 παραδείγματος
2967 1005 3124 1075 ὑμῶν
3154 1006 3418 1077 ἐροῦμεν,
3439 1006 3516 1069 ὡς
3541 1008 3591 1059 εἰ
3622 1024 3727 1059 κα-

2125 1102 2393 1163 τανοεϊτε,
2426 1092 2474 1152 ὦ
2509 1100 2783 1167 σοφισταὶ,
2813 1100 2847 1170 ἡ
2870 1098 3048 1163 κτίσις
3080 1099 3322 1170 διάφορα
3356 1099 3594 1169 προάγει
3625 1098 3725 1150 καὶ

2126 1193 2304 1257 κτίζει
2355 1191 2478 1245 κατ’
2505 1191 2695 1245 οὐσίαν
2720 1207 2733 1219 ·
2764 1190 2844 1244 ἔτι
2902 1190 2962 1245 δὲ
3007 1193 3104 1245 καὶ
3158 1193 3223 1244 ἐκ
3273 1193 3349 1262 μὴ
3385 1190 3555 1243 ὄντων
3578 1183 3728 1244 εἶναι

2128 1287 2294 1351 ποιεῖ,
2323 1283 2515 1354 ὥσπερ
2549 1283 2715 1354 ἕερητε
2735 1325 2751 1350 ,
2777 1286 2874 1335 καὶ
2906 1284 3000 1335 τὸν
3033 1280 3268 1352 ἄγγελον
3320 1281 3418 1335 καὶ
3468 1280 3559 1335 τὸν
3612 1279 3729 1335 κώο

2127 1394 2307 1443 νωπα,
2343 1378 2470 1432 τάδε
2502 1377 2571 1430 τὰ
2602 1378 2836 1449 διάφορα
2866 1376 2997 1430 ὄντα
3015 1379 3085 1448 τῇ
3115 1375 3301 1445 φύσει,
3334 1374 3434 1429 καὶ
3461 1375 3607 1429 οὕτω
3629 1391 3728 1442 γε-

2126 1469 2330 1537 νόμενα
2363 1467 2470 1521 ὑπὸ
2494 1467 2593 1535 τῆς
2615 1466 2767 1530 θείας
2796 1465 3047 1529 κτίσεως
3074 1467 3127 1519 τί
3158 1457 3254 1519 οὖν
3283 1481 3458 1534 φατε;
3495 1464 3592 1517 καλ⁸
3621 1465 3729 1533 τὴν

2128 1561 2375 1615 δοθεῖσαν
2404 1562 2566 1631 χάριν
2594 1558 2818 1630 Χριστῷ
2847 1558 3115 1630 διαφορὰν
3142 1557 3312 1613 αὐτοῦ
3351 1557 3580 1626 ποιῆσαι
3598 1556 3727 1609 κατ’

2128 1653 2320 1705 οὐσίαν
2364 1652 2501 1722 πρός
2555 1650 2698 1721 τι,ἢ
2761 1651 2929 1721 οὐχίς
2971 1653 3020 1703 εί
3078 1650 3177 1719 μέν
3237 1649 3349 1720 γὰρ
3409 1646 3568 1719 οὐχὶ,
3602 1646 3730 1710 πῶς

2129 1745 2335 1813 ὁμοίως
2360 1747 2461 1812 τῆς
2503 1743 2773 1814 διαφορᾶς
2801 1742 2911 1796 τῶν
2943 1741 3201 1807 κτιστῶν,
3234 1743 3267 1811 ὴ
3299 1741 3357 1794 ἐν
3384 1740 3570 1810 χάριτι
3602 1738 3730 1792 δια-

2132 1837 2273 1906 φορά
2298 1836 2490 1905 ὁρᾶται
2522 1849 2537 1899 ;
2578 1834 2737 1903 εἴπερ
2766 1834 2952 1904 ἐκείνη
2989 1832 3087 1904 μὲν
3118 1833 3264 1884 ποιεῖ
3299 1829 3581 1892 οὐσιῶδεις
3605 1828 3733 1881 δια-

2064 1894 2102 1948 B
2131 1894 2341 1998 (po-pag,-
2363 1925 2503 1996 αὓτη
2523 1894 2532 1899 ﬁ
2552 1925 2608 1979 δὲ
2663 1894 2784 1995 οίιχί
2808 1942 2822 1956 ·
2856 1894 3001 1977 πολὺ,
3047 1924 3155 1995 γὰρ
3188 1922 3264 1985 ὡς
3314 1919 3532 1990 ἀληθῶς
3564 1918 3735 1972 τοῦτο

2129 2020 2265 2073 αὐτὸ
2296 2019 2357 2071 τὸ
2404 2018 2515 2071 τῶν
2566 2018 2841 2089 διαφόρων
2862 2016 3121 2087 διάφορον
3150 2029 3166 2044 ⁸
3204 2013 3253 2066 εί
3308 2011 3369 2065 δὲ
3426 2009 3730 2078 πεποίηκε,

2129 2112 2373 2181 δηλονότι
2426 2113 2671 2181 κρειττοῖ
2722 2110 2910 2162 τοῦτον
2944 2107 3087 2161 κατὰ
3130 2106 3231 2176 τὴν
3266 2105 3429 2173 φύσιν
3456 2099 3649 2165 αὐτοῦ,
3682 2090 3735 2167 ᾧ

2130 2206 2458 2275 κεχάρισται
2481 2219 2494 2232 ·
2520 2202 2642 2254 ἐπεὶ
2691 2196 2788 2254 οὖν
2842 2200 2958 2252 ὄντι
3001 2215 3054 2250 τι
3086 2198 3187 2266 τὴν
3216 2195 3409 2250 οὐσίαν
3440 2194 3602 2263 ἐδόθη
3641 2188 3734 2261 (οὐ

2129 2300 2239 2370 γὰρ
2267 2296 2344 2368 τῷ
2368 2296 2442 2368 μὴ
2470 2295 2582 2348 ὄντι
2601 2296 2635 2363 ἠ
2660 2293 2843 2365 χάρις,
2873 2290 2995 2344 οὐδὲ
3029 2290 3135 2361 μὴν
3162 2288 3221 2343 τὸ
3243 2288 3423 2358 πάντη
3459 2288 3534 2358 μὴ
3560 2287 3644 2348 ὃν,
3662 2290 3733 2341 ἐκ

2136 2392 2209 2463 μὴ
2241 2391 2410 2444 ὄντων
2444 2387 2581 2443 εἶναι
2620 2387 2761 2458 αὕτη
2800 2388 2945 2439 ποιεῖ
2967 2403 2979 2415 ·
3010 2384 3164 2438 ἔσται
3198 2383 3309 2454 γὰρ
3355 2383 3422 2436 ἂν
3455 2381 3601 2435 οὕτω
3629 2382 3733 2435 καὶ

2131 2483 2268 2555 αὕτη
2302 2484 2479 2547 κτίσις
2509 2482 2604 2536 καὶ
2637 2482 2699 2534 οὐ
2730 2480 2938 2552 χάρις),
2968 2480 3020 2533 τί
3050 2478 3163 2534 ὄντι
3189 2478 3366 2549 τούτῳ
3394 2476 3471 2546 τῷ
3504 2471 3736 2546 Χριστῷ

2131 2580 2254 2631 κατ’
2285 2576 2474 2629 οὐσίαν
2503 2574 2697 2646 πρώην
2731 2574 2889 2641 ἐδόθη
2919 2574 2951 2643 ὴ
2984 2573 3145 2643 χάρις
3170 2570 3312 2638 αὕτη
3340 2588 3354 2633 ς
3388 2570 3484 2623 καὶ
3532 2569 3585 2620 τί
3627 2586 3732 2620 πει

2134 2670 2364 2740 ποίηκεν
2396 2667 2561 2721 αὑτὸν
2591 2662 2731 2719 εἶναι
2761 2668 2826 2736 τῇ
2861 2659 3380 2733 φύσειὲγγενομένη
3416 2661 3511 2715 καὶ
3539 2677 3733 2725 κρειτ-

2132 2761 2355 2815 τώσασα
2408 2759 2569 2814 αὐτὸν
2616 2760 2739 2810 κατ’
2773 2757 2966 2810 οὐσίαν
2994 2774 3007 2821 ;
3040 2758 3089 2808 εἰ
3154 2755 3254 2825 μὲν
3297 2754 3408 2822 γὰρ
3451 2752 3737 2821 ἀνθρώπῳ

2133 2854 2275 2925 ψιλῷ
2330 2854 2515 2920 ἐδόθη,
2543 2850 2738 2920 πρῶτα.
2772 2850 2870 2919 μὲν
2900 2848 3005 2901 ποῦ
3044 2865 3105 2901 τε
3146 2848 3243 2900 καὶ
3273 2850 3405 2899 πότε
3432 2841 3504 2916 ἦν
3545 2838 3730 2908 οὗτος,

2135 2948 2328 3001 εἴπατε
2359 2962 2372 2977 ο
2409 2941 2531 2997 εἶτα
2584 2943 2701 3013 δέἡ
2741 2942 2899 3012 χάρις
2930 2938 3092 3008 αὕτη,
3120 2938 3281 3009 εἴπερ
3332 2938 3505 3000 ὄντως
3565 2937 3734 3006 χάρις

2136 3039 2255 3091 ἐστὶ
2285 3033 2615 3107 κρειττοῦσα
2634 3031 2826 3085 τοῦτον
2849 3031 2991 3085 κατά
3022 3030 3183 3099 φύσιν
3214 3022 3259 3097 ᾧ
3289 3028 3644 3099 κεχάρισται,
3677 3028 3731 3078 εί

2140 3129 2427 3199 ἄνθρωπος
2450 3123 2541 3199 ἦν,
2577 3124 2733 3196 δῆλον
2756 3124 2838 3177 ὃτι
2868 3122 3102 3191 ἄγγελον
3137 3120 3170 3192 ἧ
3203 3139 3255 3174 τι
3308 3118 3554 3174 τοιοῦτον
3584 3114 3734 3170 εἶναι

2059 3250 2103 3308 ο
2136 3223 2233 3293 τὴν
2277 3219 2475 3291 φύσιν,
2505 3219 2537 3290 ἢ
2577 3217 2710 3271 Θεὸν
2757 3217 2817 3281 ἐξ
2858 3217 3107 3283 ἀνάγκης
3138 3213 3303 3266 αὐτὸν
3338 3206 3477 3308 εἶναι
3505 3210 3733 3308 δείκνυι

2138 3330 2226 3367 σιν
2256 3328 2270 3342 ·
2300 3310 2453 3365 οὐδὲν
2482 3308 2590 3381 γὰρ
2613 3308 2744 3363 ἀλλο
2778 3306 2930 3377 παρά
2960 3305 3112 3369 τάδε,
3149 3306 3401 3375 κρεῖττον
3430 3299 3735 3370 ἀνθρώπου

2132 3405 2230 3476 τὴν
2286 3403 2477 3457 οὐσίαν
2534 3401 2650 3453 ἐστί
2671 3417 2686 3434 ν
2720 3402 2767 3453 εί
2794 3398 2851 3452 δὲ
2886 3398 3017 3451 αὐτὸ
3043 3396 3201 3452 τοῦτο
3244 3394 3534 3467 ἄνθρωπον
3564 3392 3737 3445 αὐτὸν

2133 3496 2255 3552 κατ’
2289 3496 2481 3550 οὐσίαν
2506 3493 2836 3566 κρειττοῦσα
2866 3494 2899 3561 ἡ
2934 3491 3096 3563 χάρις
3152 3489 3409 3559 ἐποίησε,
3440 3488 3604 3557 δῆλον
3652 3485 3735 3548 ὡς

2133 3587 2383 3641 πετεινόν
2414 3604 2467 3639 τι
2502 3586 2535 3657 ἦ
2575 3585 2771 3654 κτῆνος
2804 3582 2837 3654 ἢ
2874 3582 3075 3653 νηκτὸν
3102 3578 3135 3651 ἢ
3166 3578 3403 3651 ἑρπετὸν
3463 3576 3570 3646 πρὸ
3629 3576 3736 3645 τῆς

2134 3680 2357 3750 χάριτος
2409 3674 2475 3751 ἦν
2528 3673 2683 3740 οὗτος
2808 3674 3135 3746 κεχάρισται
3169 3672 3336 3741 αῦτη.
3367 3666 3517 3741 *Λρά
3544 3686 3609 3737 γε
3637 3663 3736 3720 οὖν

2134 3769 2311 3823 ταῦτα
2353 3769 2451 3838 μὲν
2472 3767 2619 3820 δοκεί
2644 3767 2823 3831 λέγειν
2851 3767 2979 3835 περὶ
3009 3763 3249 3834 Χριστοῦ
3282 3781 3297 3822 :
3325 3762 3501 3823 ἄλλως
3542 3777 3601 3811 τε
3635 3757 3732 3810 οὖ-

2135 3879 2244 3924 τως
2299 3861 2396 3914 καὶ
2449 3861 2649 3921 πάντες
2710 3858 2990 3929 ἄνθρωποι
3030 3856 3132 3924 τῆς
3164 3856 3337 3925 αὐτῆς
3369 3854 3593 3924 χάριτος
3636 3852 3736 3905 καὶ

2138 3954 2245 4026 πρὸ
2267 3950 2435 4007 αὐτοῦ
2476 3953 2570 4004 καὶ
2619 3952 2717 4005 σὺν
2745 3950 2893 4021 αὑτῴ
2916 3950 3012 4003 καὶ
3041 3948 3159 4020 μετ’
3191 3948 3355 4001 αὑτὸν
3380 3947 3599 3999 ἔσονται
3635 3944 3737 4013 μὲ-

2138 4062 2284 4115 τοχοι
2319 4063 2333 4077 ο
2371 4043 2506 4097 ἀλλά
2548 4043 2644 4096 καὶ
2682 4042 2885 4113 μᾶλλον
2931 4043 3122 4103 αὐτοῦ,
3150 4043 3215 4094 ἐκ
3251 4039 3466 4109 φύσεως
3504 4036 3738 4108 πρώτης

2137 4138 2353 4208 ἔχοντες
2381 4137 2479 4205 τὴν
2501 4136 2656 4204 ἀξίαν
2673 4136 2772 4206 τῆς
2790 4136 3211 4206 ἀνθρωπότητος
3230 4177 3243 4198 ,
3294 4130 3363 4205 ἦς
3394 4133 3559 4196 αὐτὸς
3589 4131 3738 4184 κατὰ

2135 4230 2297 4299 χάριν
2316 4227 2525 4300 ἠξιώθη
2564 4228 2653 4281 διὰ
2683 4228 2922 4298 φυσικῆς
2954 4227 3357 4298 κρειττώσεως.

442 4332 510 4373 ex
557 4328 749 4373 natura
786 4320 961 4389 prima
996 4318 1235 4374 habeant
1280 4319 1605 4391 dignitatem
1663 4319 2022 4375 humanitatis
2059 4338 2168 4391 qua
2230 4323 2411 4392 ipsum
2478 4321 2654 4393 gratia
2688 4321 2917 4393 dignata
2942 4330 3028 4377 est
3060 4321 3354 4376 meliorem
3400 4317 3740 4374 naturaliter

443 4410 751 4469 efﬁciendo.

1074 4505 1226 4561 CAP.
1260 4502 1399 4561 VIII.

512 4599 652 4667 Quid
694 4614 848 4669 ergo,
889 4599 1088 4669 inquit,
1118 4599 1172 4653 in
1208 4597 1776 4654 consubstantialibus
1810 4615 1918 4653 non
1942 4605 2034 4654 est

445 4692 761 4749 differentia
786 4692 975 4746 forsan
1004 4691 1122 4746 auri
1154 4691 1361 4746 metalli
1384 4707 1413 4746 a
1436 4690 1665 4762 plumbo
1689 4698 1784 4744 aut
1807 4707 1836 4745 a
1869 4702 2029 4754 testa,

442 4792 499 4839 et
539 4782 797 4849 Baptistae
842 4781 1071 4837 Joannis
1122 4798 1153 4837 a
1184 4783 1468 4853 proditore
1503 4781 1685 4837 Juda?
1710 4780 1817 4836 Sed
1848 4798 1911 4837 ea
1946 4790 2033 4836 est

2744 4503 2997 4557 ΚΕΦΑΛ-
3040 4499 3122 4557 H'.

2207 4593 2272 4649 Τί
2308 4590 2422 4659 οὖν,
2456 4594 2611 4665 φησὶ,
2642 4596 2699 4647 ἐν
2728 4598 2841 4657 τοῖς
2873 4593 3187 4663 ὁμοουσίοις
3240 4593 3342 4647 οὐκ
3380 4592 3497 4647 ἔστι
3549 4594 3739 4663 διαφοο

2136 4688 2205 4758 ρὰ
2264 4687 2467 4760 χρυσοῦ
2524 4686 2685 4758 τυχδν
2745 4687 2840 4740 τοῦ
2897 4685 3166 4757 μετάλλου
3210 4686 3350 4755 πρὸς
3417 4686 3735 4758 μόλιϐδονῆ

2136 4782 2275 4853 πρὸς
2323 4781 2590 4851 ὄστρακον
2618 4822 2632 4843 ,
2665 4780 2759 4833 καὶ
2796 4778 2892 4832 τοῦ
2954 4778 3263 4832 Βαπτιστοῦ
3307 4780 3560 4832 Ἰωάννου
3596 4781 3737 4849 πρὸς

442 4875 680 4931 istorum
738 4873 1091 4939 differentia,
1143 4876 1373 4945 optimi;
1432 4876 1525 4930 illa
1580 4884 1665 4930 est
1720 4875 2028 4930 secundum

2134 4875 2226 4928 τὸν
2286 4876 2553 4947 προδότην
2597 4874 2837 4941 Ἱούδαν;
2887 4872 3049 4927 Ἀλλά
3114 4872 3319 4926 τούτων
3371 4874 3403 4943 ἡ
3474 4873 3730 4942 διαφορὰ.

442 4966 701 5023 accidens
750 4965 1126 5038 inseparabile
1156 4983 1187 5023 a
1214 4968 1448 5039 pulchro
1478 4968 1666 5024 colore
1695 4966 1879 5021 forsan
1916 4976 1971 5021 et
2000 4984 2031 5021 a

440 5059 778 5130 quibusdam
817 5060 945 5116 aliis
975 5072 1213 5131 quorum
1246 5061 1539 5118 habendus
1584 5069 1672 5115 est
1706 5066 2030 5129 respectus:

440 5165 545 5207 nec
600 5151 930 5223 simpliciter
974 5168 1078 5209 nec
1111 5168 1333 5225 semper
1361 5168 1465 5210 nec
1491 5151 1799 5209 secundum
1847 5150 2034 5205 omnia

439 5253 669 5315 superat
709 5247 941 5301 alteram
983 5265 996 5299 :
1051 5260 1163 5303 non
1228 5248 1377 5306 enim
1429 5257 1486 5305 et
1542 5258 1704 5302 tauro
1752 5244 2034 5315 potentius

440 5335 683 5402 videtur,
707 5354 812 5393 nec
842 5340 955 5394 Deo
980 5341 1280 5409 pretiosius
1298 5356 1531 5396 aurum:
1569 5339 1755 5393 adhuc
1786 5337 2034 5406 reperire

440 5438 525 5483 est
555 5429 759 5500 quibus
796 5441 854 5485 et
886 5433 1107 5501 quando
1143 5442 1200 5489 et
1238 5433 1307 5489 de
1351 5433 1556 5503 quibus
1597 5440 1654 5485 et
1691 5428 1806 5495 ubi,
1860 5428 2033 5499 magis

440 5522 752 5577 necessaria
809 5523 920 5577 sint
972 5534 1029 5579 et
1091 5525 1318 5580 utiliora
1375 5523 1666 5594 plumbum
1728 5529 1786 5574 et
1850 5526 2025 5574 testa:

441 5609 624 5666 haecce
652 5611 971 5669 differentia
1019 5630 1264 5679 rursum,
1299 5614 1608 5669 secundum
1656 5610 1945 5672 virtutem,
1978 5617 2031 5662 et

442 5716 512 5755 ex
542 5702 688 5758 facto
740 5713 796 5759 et
844 5706 1107 5775 Opinione
1155 5708 1387 5764 alterius
1417 5721 1546 5776 erga
1576 5704 1812 5759 alterum
1861 5699 2034 5768 respi—

444 5792 626 5847 citur:
677 5798 957 5864 quomodo
994 5798 1160 5869 igitur
1207 5800 1398 5871 gratia:
1448 5794 1761 5852 differentia
1809 5793 1916 5847 erit
1963 5793 2031 5847 de

445 5880 685 5953 Ghrisw,
717 5888 762 5942 si
802 5889 955 5959 iusta
1005 5892 1211 5963 aliquid
1262 5907 1434 5948 unum
1478 5907 1546 5946 ex
1584 5889 1704 5944 istis
1732 5887 1909 5941 solum
1944 5894 2029 5942 cst

2137 4967 2488 5039 βέλτιστοι,ή
2527 4967 2628 5038 μὲν
2660 4968 2803 5021 κατά
2852 4965 3208 5036 συμϐεϐηκὸς
3235 4966 3546 5037 ἀχώριστον
3596 4962 3733 5019 οὖσα

2136 5059 2391 5131 εὐχροίας
2423 5061 2585 5131 τυχὸν
2617 5059 2713 5114 καὶ
2763 5059 2934 5113 ποιῶν
2977 5058 3182 5130 ἐτέρων
3216 5059 3428 5127 λόγων,
3462 5059 3603 5127 πρὸς
3650 5059 3733 5122 τὸ,

2136 5150 2320 5203 δοκεῖ·
2364 5153 2456 5204 καὶ
2504 5152 2603 5221 οὐχ
2654 5150 2843 5214 ἁπλῶς
2879 5148 3002 5203 οὐδὲ
3049 5150 3137 5204 ἀεὶ
3185 5149 3309 5203 οὐδὲ
3354 5150 3496 5203 κατὰ
3550 5148 3734 5202 πάντα

2137 5242 2395 5313 ὑπερέχει
2450 5242 2690 5314 θατέρας
2720 5258 2735 5272 ·
2768 5244 2829 5297 οὐ
2861 5243 2968 5314 γὰρ
2990 5242 3057 5314 δὴ
3091 5243 3188 5298 καὶ
3236 5243 3428 5314 ταύρῳ
3464 5242 3733 5312 κρείττων

2134 5333 2315 5398 δοκεῖ,
2347 5332 2460 5385 ἀλλ’
2508 5334 2633 5387 οὐδὲ
2674 5333 2795 5403 Θεῷ
2825 5332 3157 5405 τιμιώτερος
3184 5336 3213 5387 ό
3254 5335 3458 5405 χρυσός
3493 5352 3508 5365 ο
3544 5334 3626 5387 ἔτι
3671 5333 3732 5385 δὲ

2134 5420 2215 5490 οἷς
2248 5443 2307 5477 τε
2339 5426 2432 5478 καὶ
2452 5427 2540 5479 ὅτε
2574 5427 2668 5479 καὶ
2703 5428 2788 5496 ἐφ’
2814 5420 2888 5480 ὧν
2921 5427 3015 5481 καὶ
3036 5422 3120 5493 οἷ,
3154 5428 3586 5499 ἀναγκαιότερος
3635 5426 3731 5479 καὶ

2135 5515 2553 5588 χρησιμώτερος
2580 5520 2607 5572 ὃ
2647 5536 2706 5572 τε
2742 5520 2991 5588 μόλιϐδος
3031 5521 3127 5575 καὶ
3156 5521 3216 5574 τὸ
3250 5520 3525 5592 ὄστρακον
3562 5535 3577 5550 ο
3608 5520 3641 5589 ἡ
3669 5519 3729 5572 δὲ

2138 5612 2300 5683 ἑτέρα
2343 5611 2579 5683 διαφορὰ
2634 5614 2821 5676 πάλιν,
2856 5614 2999 5668 κατά
3070 5616 3298 5686 ἀρετὴν,
3329 5616 3426 5668 καὶ
3468 5613 3527 5679 ἐξ
3559 5613 3730 5685 ἔργου

2137 5703 2229 5755 καὶ
2277 5702 2501 5773 γνώμης
2558 5704 2674 5757 ἐστὶ
2727 5704 2955 5774 Θατέρου
2991 5705 3129 5775 πρὸς
3161 5703 3390 5775 θάτερον
3414 5704 3673 5774 ὁρωμένη
3707 5719 3725 5734 ’

2136 5792 2251 5855 πῶς
2277 5788 2369 5845 οὖν
2400 5792 2621 5862 χάριτος
2652 5792 2806 5846 ἔσται
2834 5795 3069 5865 διαφορά
3093 5796 3186 5848 ἐπὶ
3217 5794 3483 5866 Χριστοῦ,
3508 5796 3555 5847 εἰ
3582 5794 3728 5848 κατά

2133 5903 2185 5938 τι
2218 5885 2388 5942 τῶνδέ
2436 5886 2643 5958 ἐστινή
2683 5887 2928 5961 ὑπεροχὴ
2957 5887 3125 5944 αὐτοῦ
3160 5887 3297 5959 πρὸς
3326 5890 3478 5959 ἡμᾶς
3513 5887 3723 5958 μόνονὲ
