4116 6444
346 427 486 492 1625

1261 411 1660 480 ADVERSUS
1699 404 2340 474 NESTORIANOS.—'
2369 402 2517 465 LIB.
2563 403 2677 462 lll.

3491 390 3633 455 169.6

339 541 420 612 τῷ
453 541 563 610 γὰρ
613 536 970 608 ἐργαζομένῳ
1030 533 1234 588 δίδοται
1287 532 1388 603 μὲν
1438 531 1648 602 μισθὸς,
1682 529 1744 582 οὐ
1785 527 1930 581 κατὰ

2036 538 2201 593 supra
2241 537 2344 576 nos
2372 519 2548 589 ipsius
2577 515 2947 572 excellentia?
2972 512 3235 581 Operanti
3275 510 3425 566 enim
3463 509 3628 565 datur

341 636 502 704 χάριν
530 631 608 695 δὲ,
639 629 776 684 ἄλλά
804 629 924 682 κατ’
954 626 1234 698 ὀφείλημα
1263 641 1278 657 °
1319 641 1337 675 ι
1367 624 1431 677 Εἰ
1462 623 1518 677 δὲ
1552 621 1696 676 κατά
1727 621 1890 692 χάριν
1909 661 1923 687 ,

340 727 441 780 οῦκ
465 724 524 789 ἐξ
547 724 725 796 ἔργων
757 739 770 752 ·
811 721 934 774 ἐπεὶ
962 724 995 792 ή
1024 720 1184 792 χάρις
1244 717 1429 772 οὐκέτι
1464 716 1669 784 γίνεται
1694 718 1877 788 χάρις,
1903 734 1921 766 ι

340 819 416 881 ὡς
474 818 692 888 εἴρηται
713 831 726 844 ⁸
759 814 936 877 ἄλλως
983 813 1040 866 δὲ
1104 813 1152 864 εί
1185 813 1219 882 ὴ
1249 811 1410 881 χάρις
1442 809 1580 879 αῦτη
1612 807 1762 878 καὶὴ
1795 805 1927 876 τιμὴ

343 905 406 981 ἧς
436 909 668 979 ἠξίωται
701 905 939 978 Χριστὸς
969 903 1234 974 διαφορὰν
1261 904 1405 955 ποιεῖ
1435 903 1528 954 καὶ
1563 901 1698 971 πρὸς
1729 899 1820 952 τὸν
1869 900 1928 952 ὲν

340 1001 654 1070 προφήταις
710 996 988 1066 ἐξαίρετον
1038 993 1272 1063 Μωῦσῆ,
1315 991 1549 1044 καθόσον
1578 989 1809 1043 πλείονα
1843 1007 1926 1042 τι-

344 1093 451 1162 μὴν
505 1089 619 1160 ἔχει
655 1087 749 1142 τοῦ
795 1088 947 1142 οἴκου
979 1087 1008 1138 ὁ
1058 1083 1484 1148 κατασκευάσας
1545 1083 1736 1151 αὐτὸν,
1767 1082 1929 1153 δῆλον

338 1180 421 1238 ὅτι
451 1183 674 1238 κτίστου
708 1181 846 1253 πρὸς
873 1181 1103 1250 κτίσμα,
1151 1176 1394 1246 τοσαύτη
1450 1177 1600 1229 ἐστὶν
1629 1177 1664 1245 ἡ
1696 1175 1931 1248 διαφορὰ

337 1279 372 1347 ἠ
405 1276 500 1330 ἀπ’
534 1276 708 1345 αὐτῆς
741 1274 1076 1346 ἐγγινομένη
1111 1273 1224 1336 τοῖς
1259 1271 1512 1341 μετόχοις
1550 1269 1755 1338 αὐτῆς,
1792 1269 1932 1340 πρὸς

340 1368 467 1429 τοὺς
517 1365 711 1437 πρώην
748 1359 972 1436 ὁμοίους
1017 1361 1230 1417 αὐτῶν⁶
1261 1363 1364 1416 οὐκ
1416 1362 1527 1433 ἄρα
1560 1361 1723 1432 ἀρκεῖ
1749 1360 1930 1431 οὒδὲή

340 1455 434 1510 τοῦ
478 1455 716 1525 ἀγγέλου
752 1455 890 1527 πρὸς
919 1452 1160 1508 κώνωπα
1208 1451 1435 1517 διένεξις
1467 1451 1693 1523 φυσικὴ,
1730 1449 1764 1522 ἢ
1795 1468 1930 1522 χρυ-

343 1549 437 1604 σοῦ
497 1549 634 1622 πρὸς
692 1547 993 1621 ὄστρακον,
1047 1547 1214 1619 ἄμφω
1282 1545 1518 1602 κτιστῶν
1573 1542 1763 1609 ὄντων,
1827 1543 1934 1599 κᾶν

341 1641 603 1712 ὑπερέχοι
616 1640 913 1712 τιθάτερον
932 1639 1186 1710 θατέρου,
1205 1640 1284 1702 είς
1303 1638 1662 1708 παράδειγμα
1673 1637 1771 1707 τῆς
1791 1636 1934 1691 κατὰ

340 1732 575 1800 Χριστὸν
589 1732 849 1804 διαφόρου
879 1728 1176 1803 πρὸςήμᾶς
1201 1731 1444 1802 χάριτος·
1474 1730 1647 1801 είγάρ
1681 1728 1756 1801 μὴ
1772 1729 1934 1799 ὅμοια

342 1819 483 1879 εἶναι
545 1826 699 1878 ποιεῖ
749 1824 844 1878 καὶ
872 1824 906 1895 ή
941 1825 1020 1888 είς
1056 1826 1205 1894 ἡμᾶς
1231 1823 1336 1878 ὑπὸ
1363 1821 1501 1877 Θεοῦ
1536 1824 1670 1893 τιμὴ
1702 1822 1797 1875 καὶ
1830 1821 1933 1892 χά-

2028 614 2255 685 quidem
2289 627 2528 675 merces,
2571 625 2682 666 non
2715 623 2849 663 vero
2894 607 3199 663 secundum
3247 604 3502 675 gratiam,
3529 601 3629 656 sed

2025 706 2336 763 secundum
2371 704 2660 760 debitum:
2705 721 2722 753 ι
2760 701 2817 756 Si
2840 708 3026 755 autem
3061 714 3128 754 ex
3157 697 3352 769 gratia,
3374 697 3486 766 jam
3514 711 3628 749 non

2027 819 2097 858 ex
2131 801 2421 872 operibus:
2448 797 2692 866 alioquin
2717 795 2895 866 gratia
2913 796 3026 865 jam
3059 808 3170 846 non
3198 799 3286 846 est
3306 789 3483 861 gratia
3506 789 3572 852 ³¹,
3602 807 3620 839 ι

2029 892 2239 950 dictum
2291 902 2413 949 est:
2443 891 2605 946 aliter
2651 897 2874 943 autem:
2911 886 2967 942 Si
3001 885 3176 957 gratia
3208 885 3324 954 ipsa
3360 891 3416 937 et
3446 883 3627 936 honor

2029 990 2188 1059 cujus
2247 987 2452 1054 dignus
2507 983 2734 1037 habitus
2790 989 2877 1036 est
2925 979 3182 1035 Christus
3258 973 3627 1031 differentiam

2026 1080 2196 1137 efficit
2248 1095 2280 1135 a
2319 1079 2503 1150 Moyse
2552 1076 2700 1130 inter
2754 1073 3056 1144 prophetas
3109 1069 3434 1140 conSpicuo,
3476 1075 3532 1123 et
3555 1066 3627 1121 sit

2030 1174 2268 1244 amplior
2311 1178 2521 1242 quanto
2551 1167 2878 1238 ampliorem
2915 1166 3180 1219 honorem
3229 1162 3399 1217 habet
3428 1163 3632 1214 domus

2032 1266 2129 1337 qui
2175 1264 2468 1320 fabricavit
2519 1262 2693 1325 illam,
2721 1259 2954 1314 evidens
2986 1267 3072 1313 est
3104 1254 3255 1326 quod
3299 1253 3530 1308 artificis
3559 1251 3628 1306 ab

2031 1374 2201 1430 opere
2239 1365 2390 1412 tanta
2436 1355 2508 1411 sit
2555 1349 2877 1408 differentia
2915 1357 3118 1420 quanta
3169 1346 3358 1418 gratiae
3401 1343 3630 1415 partici—

2036 1451 2293 1523 pantium
2321 1449 2390 1504 ab
2429 1446 2541 1502 illis
2567 1445 2664 1517 qui
2691 1452 2854 1499 antea
2898 1441 3047 1497 inter
3089 1455 3148 1494 se
3183 1437 3396 1493 similes
3429 1445 3629 1489 erant:

2035 1559 2143 1600 non
2175 1552 2325 1599 certe
2347 1540 2551 1597 sufficit
2573 1552 2755 1608 neque
2783 1534 2962 1606 angeli
2999 1548 3030 1587 a
3054 1531 3234 1588 culice
3261 1528 3633 1598 discrepantia

2035 1635 2331 1699 naturalis,
2361 1641 2458 1688 aut
2487 1631 2608 1687 auri
2653 1645 2686 1684 a
2729 1634 2890 1693 testa,
2921 1640 3042 1696 qua:
3068 1622 3232 1677 ambo
3269 1628 3455 1674 creata
3480 1625 3633 1683 sunt,

2033 1727 2254 1784 etiamsi
2296 1727 2534 1781 alterum
2571 1723 2747 1777 altero
2786 1717 2997 1788 aliquid
3057 1719 3306 1785 superet,
3341 1711 3397 1766 in
3448 1724 3636 1764 exem-

2035 1823 2187 1892 plum
2221 1813 2416 1890 gratia}
2443 1829 2568 1887 quae
2597 1813 2743 1885 apud
2789 1810 3078 1866 Christum
3117 1805 3308 1861 differt
3346 1820 3376 1859 a
3427 1802 3628 1857 nobis:

344 1932 452 1986 ρις,
488 1917 604 1971 ἀλλ’
634 1916 666 1988 ἢ
702 1917 828 1970 ὅσον
882 1894 1105 1970 κτίστου
1139 1915 1274 1987 πρὸς
1324 1915 1534 1984 κτίσμα
1561 1912 1800 1985 διαφορά
1829 1931 1930 1984 φυ-

2036 1913 2081 1968 si
2128 1912 2278 1967 enim
2321 1925 2435 1964 non
2465 1906 2668 1963 similia
2707 1904 2912 1960 faciant
2961 1903 3142 1957 honor
3183 1908 3240 1955 et
3272 1896 3449 1969 gratia
3471 1894 3567 1965 qui
3602 1910 3635 1948 a

341 1998 596 2061 λάττεται
621 2006 681 2060 ὲν
712 2007 846 2076 ἡμῖν
876 2007 970 2060 καὶ¹
1012 2005 1164 2076 αὑτῷ
1220 2006 1316 2058 ἐπὶ
1344 2007 1465 2069 ταῖς
1499 2005 1673 2068 θείαις
1714 2004 1927 2077 χάρισι,

344 2099 575 2168 κτίστην
608 2098 828 2170 ἀληθῶς
855 2100 952 2152 καὶ
980 2100 1040 2153 οὐ
1071 2099 1280 2170 κτίσμα
1309 2100 1546 2171 Χριστὸν
1576 2101 1738 2172 μόνον
1785 2118 1930 2172 παρ-

345 2191 559 2262 ίστησιν
587 2187 729 2247 εἶναι
755 2194 788 2262 ἡ
815 2189 1146 2264 ἐγγινομένη
1183 2189 1335 2264 αὐτῷ
1385 2193 1548 2264 χάρις
1579 2209 1594 2225 ⁸
1629 2192 1757 2248 οὒτε
1807 2194 1928 2247 καθ’

344 2285 493 2354 ἡμᾶς
536 2279 651 2349 οὖν,
709 2282 833 2337 οὔτε
870 2283 1012 2337 κατά
1037 2283 1250 2354 Μωῦσῆ
1281 2283 1374 2336 τὸν
1407 2283 1585 2354 μέγαν
1611 2283 1740 2337 ὄντα
1771 2283 1933 2354 μόνον

342 2372 621 2426 δείκνυσιν
659 2373 844 2440 αὑτὸν,
873 2373 1013 2426 ἀλλὰ
1047 2371 1139 2426 καὶ
1187 2371 1320 2426 Θεὸν
1365 2373 1552 2444 σαφῶς
1577 2385 1591 2402 ⁶
1628 2374 1792 2444 μόνου
1822 2375 1933 2446 γὰρ

342 2465 478 2518 Θεοῦ
525 2465 585 2518 τὸ
625 2464 831 2529 κτίζειν
859 2465 953 2518 καὶ
999 2461 1440 2528 κατασκευάζειν
1467 2465 1533 2518 ὲκ
1566 2464 1640 2536 μὴ
1665 2464 1838 2519 ὄντων
1865 2464 1934 2518 τά

344 2555 564 2608 πάντα·
621 2554 840 2608 πάντων
892 2553 950 2608 δὲ
1004 2553 1113 2608 τῶν
1163 2553 1304 2625 μετά
1360 2554 1516 2619 Θεὸν,
1546 2555 1608 2608 τὸ
1650 2555 1933 2619 κτίζεσθαι

345 2646 476 2701 ἴδιον
507 2663 520 2677 ·
553 2647 662 2700 τῶν
694 2647 794 2719 μὲν
850 2647 956 2700 ὑπὸ
986 2647 1124 2701 Θεοῦ
1158 2648 1404 2718 ἀμέσως,
1444 2647 1554 2701 τῶν
1589 2647 1646 2703 δὲ
1699 2650 1795 2703 καὶ
1845 2649 1936 2704 διά

341 2756 488 2804 τινος
523 2741 691 2811 μέσου
712 2739 822 2793 τῶν
847 2742 913 2793 ἐκ
931 2739 1067 2795 Θεοῦ
1092 2741 1537 2812 προκτισθέντων
1559 2758 1573 2772 ·
1613 2740 1811 2796 οὐκοῦν
1836 2759 1933 2795 σα-

345 2831 462 2902 φῶς
491 2834 518 2885 ό
549 2831 774 2902 χάριτος
812 2832 907 2885 κα)⁴
935 2832 1104 2904 τιμῆς
1130 2831 1387 2898 ἀξιωθεὶς
1417 2834 1657 2898 τοιᾶσδε,
1687 2835 1784 2888 καλ⁵
1811 2835 1932 2888 κτί-

346 2936 480 2994 στης
508 2924 630 2976 ἐστι
652 2924 747 2976 καὶ
775 2923 932 2987 Θεὸς,
961 2924 1056 2976 καὶ
1085 2923 1194 2977 τῶν
1230 2923 1369 2977 ὅλων
1426 2923 1680 2994 Χριστὸς,
1718 2923 1822 2977 κᾶν
1859 2923 1934 2994 μὴ

348 3014 603 3089 βούλεσθε
625 3032 637 3044 ·
671 3016 786 3068 ἀλλ’
813 3007 889 3068 ὧν
913 3033 1049 3084 φατε
1082 3014 1284 3083 λογίων
1313 3015 1472 3085 ὑμεῖς
1503 3015 1602 3087 τὴν
1634 3015 1868 3085 δύναμιν
1897 3015 1930 3087 ἢ

345 3109 440 3162 τὸν
496 3107 699 3160 σκοπόν
755 3108 854 3177 οὐχ
912 3108 1099 3178 ὁρᾶτε,
1131 3106 1182 3160 οἱ
1231 3105 1517 3170 δοκοῦντες
1550 3104 1682 3178 παρ’
1716 3107 1932 3170 ἑαυτοῖς

346 3199 596 3269 ἀκριϐεῖς
625 3195 767 3252 εἶναι
801 3198 908 3251 τῶν
934 3197 1146 3268 νοητῶν
1170 3196 1571 3269 διαγνώμονες.

429 3483 596 3538 Ἀλλά
623 3483 717 3537 νῦν
746 3486 795 3536 οἱ
830 3482 1033 3554 κομψοὶ
1067 3481 1256 3553 ὥσπερ
1291 3481 1517 3552 χάριτος
1547 3479 1814 3551 διαφορὰς
1847 3478 1953 3538 καὶ,

348 3579 538 3648 τιμῆς,
575 3577 745 3640 οὕτως
773 3577 868 3629 καὶ
897 3575 1183 3630 υίοθεσιῶν
1228 3575 1507 3646 βούλονται
1545 3571 1716 3638 δεῖξαι
1749 3574 1815 3626 ἐκ
1841 3574 1940 3644 τῆς

353 3671 514 3739 ἁγίας
539 3670 764 3742 Γραεῆς
789 3684 804 3698 ⁸
843 3670 931 3722 ’ίνα
957 3671 1006 3722 εί
1029 3669 1122 3723 καὶ
1149 3669 1217 3722 τὰ
1240 3669 1378 3722 αὐτά
1407 3669 1538 3739 ἡμῖν
1566 3669 1660 3722 καὶ
1689 3667 1783 3722 ἐπὶ
1806 3669 1940 3734 Χρι-

355 3763 483 3816 στοῦ
516 3763 759 3830 λέγουσι,
795 3760 998 3827 δόξοιὲν
1024 3777 1077 3813 τι
1107 3760 1365 3832 περισσὸν
1397 3757 1545 3829 αὺτῷ
1573 3758 1771 3813 διδόναι
1799 3758 1940 3829 ὑπὲρ

350 3857 384 3926 ἡ
395 3857 522 3926 μᾶς,
555 3854 650 3906 καλ⁸
676 3853 750 3924 μὴ
779 3853 954 3924 πάντη
986 3855 1150 3907 πᾶσιν
1182 3854 1369 3923 ὅμοιον
1398 3850 1610 3905 οἴεσθαι
1644 3868 1657 3882 ·
1687 3852 1853 3921 ἡμεῖς
1881 3849 1938 3904 δὲ

352 3947 434 4001 ὅτι
461 3946 562 4016 μὲν
599 3948 706 3999 είσὶ
733 3946 996 4015 διαφοραὶ
1027 3945 1138 3999 τῶν
1171 3943 1434 4008 ὡσαύτως
1463 3943 1777 4014 λεγομένων
1797 3985 1810 4006 ,
1837 3942 1941 3995 οὐκ

351 4037 688 4110 ἀντεροῦμεν
719 4056 733 4070 ·
771 4037 886 4091 ἀλλ’
919 4039 1002 4092 ὅτι
1025 4038 1075 4090 εί
1104 4037 1182 4121 μὴ
1211 4037 1311 4106 τὴν
1353 4035 1430 4100 ὡς
1461 4034 1680 4089 κτίστου
1714 4033 1850 4104 πρὸς
1878 4032 1941 4086 τὸ

353 4133 560 4202 κτίσμα
614 4131 780 4186 αὐτοῦ
821 4130 966 4184 κατά
1023 4129 1086 4184 τὸ
1143 4129 1343 4198 λόγιον,
1374 4129 1719 4199 παραστήσει
1751 4128 1785 4197 ἡ
1846 4126 1940 4179 ἐπὶ

353 4224 594 4292 Χριστοῦ
643 4225 778 4295 πρὸς
837 4224 986 4293 ἡμᾶς
1041 4222 1311 4292 λεγομένη
1351 4219 1605 4291 διαφορὰ,
1633 4220 1734 4273 οὐκ
1769 4217 1938 4281 ὅντως

351 4315 492 4385 αὕτη
529 4315 647 4368 ἐστὶ
705 4313 827 4367 καθ’
857 4313 926 4384 ἢν
971 4313 1110 4383 ὑπὲρ
1175 4311 1418 4381 Μωῦσῆν
1447 4311 1680 4382 ἠξίωται
1728 4311 1936 4379 τιμῆς·

351 4407 514 4460 τοῦτο
571 4408 681 4477 γὰρ
731 4400 844 4459 οἷον
896 4405 1154 4475 γνώμονὰ
1187 4422 1309 4458 τινα
1355 4405 1453 4457 καὶ
1488 4402 1690 4457 κανόνα
1717 4402 1940 4471 τίθεμεν

352 4500 452 4568 τῆς
487 4499 620 4570 πρὸς
647 4499 796 4568 ἡμᾶς
824 4497 1102 4568 ὑπεροχῆς
1122 4495 1288 4550 αὐτοῦ
1317 4493 1588 4549 δεικτικόν
1616 4509 1628 4523 '
1661 4493 1850 4564 ἐπειδὴ
1882 4491 1940 4544 δὲ

2031 2006 2145 2062 Deo
2177 2006 2231 2060 in
2261 2018 2366 2058 nos
2405 2002 2660 2064 veniunt,
2720 1998 2818 2053 sed
2857 2003 3128 2066 quantum
3176 1991 3444 2047 artificem
3493 1989 3637 2042 inter

2037 2105 2094 2156 et
2151 2114 2311 2168 opus,
2361 2093 2681 2150 differentia
2725 2099 2980 2146 servetur
3032 2103 3136 2142 nos
3183 2086 3331 2140 inter
3357 2091 3414 2138 et
3452 2082 3636 2151 ipsum

2035 2189 2220 2260 quoad
2279 2187 2500 2242 divinas
2558 2183 2787 2255 gratias,
2847 2180 3171 2236 Creatorem
3223 2189 3357 2229 vere
3410 2181 3468 2227 et
3522 2186 3635 2224 non

2034 2291 2346 2339 creaturam
2401 2278 2633 2334 exhibet
2671 2274 2847 2346 gratia
2892 2272 2997 2342 ipsi
3029 2272 3207 2326 facta:
3251 2281 3436 2336 neque
3468 2263 3640 2334 igitur

2035 2371 2345 2429 secundum
2401 2385 2526 2431 nos,
2583 2380 2766 2434 neque
2818 2360 3126 2418 secundum
3177 2357 3399 2429 Moysen
3457 2353 3637 2407 solum

2035 2477 2296 2536 magnum
2343 2459 2591 2516 ostendit
2632 2458 2837 2527 ipsum,
2875 2455 2972 2510 sed
3011 2465 3069 2508 et
3099 2452 3275 2505 Deum
3303 2445 3634 2502 manifeste:

2036 2559 2210 2613 solius
2239 2555 2388 2611 enim
2421 2553 2518 2608 Dei
2557 2564 2748 2606 creare
2785 2556 2842 2604 et
2885 2545 3168 2600 fabricare
3212 2557 3280 2596 ex
3317 2556 3428 2596 non
3489 2539 3639 2593 exsi-

2037 2649 2316 2705 stentibus
2334 2645 2556 2708 omnia;
2579 2642 2831 2698 omnium
2855 2653 2988 2694 vero
3002 2653 3125 2707 quae
3146 2643 3273 2690 sunt
3296 2641 3421 2703 post
3439 2632 3636 2694 Deum,

2037 2738 2214 2796 creari
2242 2736 2554 2807 proprium,
2581 2733 2817 2787 aliorum
2843 2727 3069 2799 quidem
3092 2741 3120 2779 a
3145 2725 3259 2778 Deo
3295 2719 3636 2782 immediate,

2035 2831 2273 2885 aliorum
2337 2841 2476 2881 vero
2541 2821 2920 2878 mediantibus
2989 2833 3058 2872 ex
3133 2815 3248 2870 Deo
3310 2812 3638 2883 procreatis.

2035 2918 2209 2990 Igitur
2259 2913 2555 2968 manifeste
2609 2911 2705 2980 qui
2764 2907 2954 2980 gratiae
3003 2913 3060 2960 et
3112 2901 3344 2958 honoris
3403 2901 3640 2971 hujusce

2035 3011 2240 3082 dignus
2265 3008 2492 3062 habitus
2517 3013 2625 3068 est,
2657 3009 2714 3057 et
2756 2999 2988 3055 Creator
3013 3002 3181 3051 estet
3214 2995 3380 3056 Deus,
3423 2999 3481 3048 et
3519 3007 3639 3046 om-

2035 3102 2187 3155 nium
2224 3098 2508 3158 Christus,
2567 3095 2700 3150 licet
2741 3087 3107 3145 dissentiatis.
3145 3086 3252 3142 Sed
3285 3084 3639 3154 eloquiorum

2039 3192 2109 3248 de
2138 3191 2343 3262 quibus
2369 3205 2467 3244 vos
2499 3183 2820 3257 loquimini,
2852 3181 3115 3236 virtutem
3162 3187 3261 3234 aut
3306 3178 3474 3234 finem
3523 3195 3638 3234 non

2044 3289 2269 3354 videtis,
2293 3286 2390 3357 qui
2441 3295 2625 3341 tamen
2656 3278 3070 3349 vobismetipsis
3097 3275 3366 3332 videmini
3393 3275 3638 3330 accuratl

2039 3397 2162 3436 esse
2193 3377 2628 3450 intelligibilium
2650 3371 2990 3443 cognitores.

2115 3473 2224 3528 Sed
2254 3486 2406 3527 nunc
2438 3468 2650 3525 versuti
2698 3462 3163 3536 quemadmodum
3213 3459 3447 3531 gratiam
3496 3459 3649 3514 inter—

2039 3574 2096 3621 et
2144 3565 2434 3627 honorem,
2491 3560 2566 3614 ita
2617 3558 2858 3612 filiorum
2921 3555 3068 3610 inter
3127 3551 3459 3621 adoptiones
3515 3563 3641 3606 esse

2042 3655 2414 3713 differentiam
2460 3652 2657 3707 volunt
2696 3647 2994 3703 ostendere
3027 3660 3094 3700 ex
3125 3659 3282 3699 sacra
3311 3641 3642 3712 Scriptura;

2044 3761 2104 3808 ut
2135 3752 2181 3807 si
2212 3749 2407 3806 eadem
2433 3763 2556 3803 esse
2599 3762 2664 3801 ac
2697 3743 2862 3799 nobis
2908 3742 2978 3797 de
3027 3739 3252 3797 Christo
3305 3737 3515 3802 dicant,
3554 3737 3641 3792 vis

2042 3846 2282 3901 deantur
2315 3839 2525 3911 aliquid
2553 3838 2795 3909 amplius
2830 3835 2936 3906 ipsi
2967 3833 3281 3890 concedere
3313 3845 3486 3901 super
3515 3843 3647 3894 nos,

2041 3951 2098 3997 et
2128 3957 2238 3995 non
2266 3937 2586 3994 omnimode
2635 3933 2898 3989 omnibus
2929 3930 3168 3987 similem
3195 3927 3471 3984 aestimare
3496 3943 3512 3992 ;
3539 3941 3650 3980 nos

2043 4044 2228 4090 autem
2251 4041 2374 4087 esse
2405 4028 2755 4084 differentias
2786 4028 2933 4082 inter
2958 4040 3022 4080 ea
3048 4039 3171 4094 qua:
3199 4022 3414 4091 pariter
3453 4019 3646 4074 nomi»

2041 4138 2264 4190 nantur,
2293 4141 2402 4179 non
2428 4136 2716 4193 negamus.
2742 4118 2852 4175 Sed
2880 4118 2926 4173 si
2953 4115 3336 4172 differentiam
3375 4121 3643 4181 tanqu-am

2040 4220 2322 4278 Creatoris
2348 4219 2416 4273 ab
2438 4219 2558 4288 ipso
2581 4212 2845 4271 Creatore
2875 4210 3182 4268 secundum
3213 4207 3498 4276 eloquium
3527 4218 3645 4258 non

2043 4319 2402 4384 reprmsentet
2445 4304 2765 4363 diﬂ'erentia
2816 4303 2964 4358 dicta
3006 4301 3073 4356 de
3109 4299 3334 4355 Christo
3378 4313 3410 4351 a
3453 4296 3646 4359 nobis,

2041 4420 2153 4460 non
2214 4418 2343 4458 vere
2409 4401 2526 4471 ipsa
2581 4406 2669 4453 est
2725 4393 3032 4450 secundum
3087 4406 3251 4461 quam
3299 4405 3413 4460 pra:
3451 4388 3646 4459 Moyse

2043 4496 2246 4566 dignus
2278 4502 2364 4549 est
2401 4491 2627 4545 habitus
2658 4485 2921 4541 honoris:
2951 4482 3089 4538 illud
3124 4481 3274 4537 enim
3300 4488 3361 4536 ut
3384 4495 3644 4534 normam-

351 4591 621 4660 δεινότητι
681 4591 968 4661 σοφιστικῇ
1030 4589 1129 4652 τὰς
1182 4588 1476 4660 προτάσεις
1527 4585 1622 4640 τοῦ
1670 4585 1933 4655 παρόντος

2043 4588 2281 4657 aliquam
2321 4591 2378 4639 et
2426 4581 2673 4652 regulam
2704 4576 3094 4650 preponimus,
3142 4588 3252 4644 qua
3313 4587 3483 4642 super
3538 4586 3648 4625 nos

354 4684 607 4753 ὲπιχειρή
618 4699 787 4752 ματος
811 4685 868 4736 ἐν
901 4682 1140 4752 πλείστῳ
1167 4680 1293 4751 ῦφει
1321 4681 1722 4746 καταξάναντες
1751 4679 1826 4743 ὡς
1860 4679 1937 4752 μὴ

352 4777 526 4848 ἔχοιεν
580 4775 802 4846 εὔδηλον
834 4774 898 4829 τὸ
927 4773 1123 4837 ἀσεϐὲς
1180 4775 1293 4836 τοῖς
1324 4775 1645 4844 ἀκροαταῖς,
1677 4772 1818 4842 μηδὲ
1848 4771 1938 4825 εῦ-

352 4869 510 4924 κολον
541 4867 638 4940 τὴν
666 4865 978 4938 ἀνατροπὴν
1007 4867 1122 4929 τοῖς
1152 4865 1493 4932 ἀντιλέγουσι
1517 4903 1533 4927 ,
1567 4862 1936 4934 μεσολαϐοῦν-

351 4979 442 5025 τες
475 4961 574 5024 τάς
604 4960 744 5031 ὑπὲρ
775 4953 850 5013 ὧν
881 4956 1244 5027 ὲγκαλοῦνται
1282 4955 1582 5024 ἀπολογίας
1605 4997 1620 5020 ,
1655 4954 1937 5026 μεθυπερ-

351 5053 534 5118 σατῶς
582 5054 680 5108 καὶ
732 5051 1158 5123 συγκεχυμένως
1209 5050 1736 5115 κατασκευάζουσιν,
1771 5049 1938 5119 ἡμεῖς

350 5145 531 5202 αὐτῶν
582 5147 675 5199 τὸν
725 5145 928 5200 σκοπὸν
967 5144 1087 5198 ὅλον
1120 5142 1214 5198 τοῦ
1261 5141 1692 5213 ἐπιχειρήματος
1741 5139 1934 5194 συλλέ-

352 5241 565 5306 ξαντες,
599 5238 874 5309 ἐχομένως
902 5238 1200 5308 ἐθήκαμεν,
1231 5235 1327 5289 καὶ
1350 5231 1934 5301 ὲπικατεσκευάσαμεν

350 5333 418 5404 ἢν
451 5331 728 5404 βούλονται
765 5329 1033 5401 διαφορὰν
1094 5323 1236 5382 εἶναι
1289 5326 1398 5381 τῶν
1448 5323 1729 5378 υἱοθεσιῶν
1763 5323 1822 5377 ὲν
1865 5325 1933 5394 τῇ

352 5425 485 5498 ἁγίᾳ
518 5426 711 5498 Γραφῇ
745 5424 979 5494 καθεξῆς
1010 5422 1281 5492 λέγοντες.

437 5603 783 5675 Ἔρῥήθησαν
844 5602 974 5673 γὰρ,
1033 5600 1218 5671 φασὶν,
1256 5600 1365 5654 υἱοὶ
1399 5598 1493 5654 τοῦ
1527 5599 1663 5654 Θεοῦ
1686 5644 1700 5666 ,
1737 5599 1942 5662 πάντες

351 5697 655 5771 ἄνθρωποι·
672 5699 729 5752 ὲν
747 5697 848 5769 τῷ,
872 5696 1046 5766 (Ἐγὼ
1063 5693 1239 5762 εἷπον,
1258 5695 1382 5750 Θεοί
1399 5697 1522 5750 ἐστε
1548 5697 1641 5750 καὶ
1659 5695 1766 5750 υἱοὶ
1783 5694 1942 5765 Ὑψί-

424 5874 469 5910 ³⁸
507 5877 665 5934 llom.
701 5892 773 5940 χι,
810 5875 861 5931 6.
941 5875 982 5908 ³³
1018 5875 1160 5932 Psal.
1204 5891 1385 5940 LSXXI,
1413 5874 1466 5930 6.

2038 4680 2221 4752 ipsius
2251 4674 2580 4732 excellentia
2614 4670 2982 4726 ostendatur:
3020 4664 3476 4737 quandoquidem
3505 4679 3646 4717 vero-

2038 4770 2341 4826 calliditate
2423 4763 2726 4835 sapliistica
2796 4758 3278 4831 prepositionibus
3349 4755 3640 4826 prazseutis

2038 4861 2346 4936 argumenti
2395 4858 2727 4914 densissimo
2776 4855 2900 4910 velo
2948 4851 3254 4922 conpertis,
3290 4865 3361 4904 ne
3407 4846 3640 4902 evidens

2039 4965 2189 5014 esset
2240 4954 2495 5024 impietas
2546 4947 2938 5010 auditoribus,
2989 4954 3088 4998 aut
3139 4941 3320 4997 facilis
3374 4939 3637 4994 refutatio

2039 5046 2584 5109 contradicentibus,
2647 5028 2979 5109 interruptis
3031 5036 3283 5106 ipsorum
3328 5031 3398 5087 de
3434 5031 3645 5100 quibus

2034 5152 2410 5215 provocantur
2431 5135 2771 5208 argumentis
2801 5147 2902 5202 per
2930 5138 3294 5184 transennam
3317 5133 3375 5178 et
3404 5122 3636 5178 confuse

2035 5241 2296 5306 arguunt,
2341 5247 2446 5286 nos
2484 5226 2828 5300 pr0positum
2879 5232 3055 5278 totum
3093 5233 3283 5274 eorum
3325 5216 3636 5287 argumenti

2035 5328 2382 5398 colligentes,
2414 5321 2605 5377 subito
2641 5319 2931 5391 posuimus
2962 5323 3020 5370 et
3064 5310 3424 5384 probavimus
3469 5324 3634 5378 quam

2035 5421 2210 5476 velint
2258 5415 2630 5472 differentiam
2669 5427 2793 5467 esse
2833 5410 2978 5464 inter
3029 5404 3361 5476 adeptiones
3396 5403 3452 5457 iu
3479 5416 3638 5456 sacra

2049 5513 2336 5582 Scriptura
2363 5508 2626 5576 deinceps
2657 5507 2927 5577 legentes.

2120 5601 2264 5658 Dicti
2296 5606 2426 5656 sunt
2452 5598 2624 5662 enim,
2648 5596 2828 5659 aiunt,
2854 5593 2951 5648 filii
2981 5590 3102 5655 Dei,
3128 5602 3323 5645 omnes
3349 5583 3633 5640 homines:

2051 5708 2282 5764 nempe:
2313 5688 2604 5761 «Egodixi,
2629 5687 2704 5741 «lii
2729 5685 2863 5741 estis
2881 5693 2935 5739 et
2958 5683 3050 5738 filii
3072 5679 3286 5738 Excelsi
3309 5677 3584 5734 omnes“.
3613 5692 3632 5726 ι
