4116 6454
573 450 707 516 ῙίΤΞἸ

1840 443 2153 506 LEONTII
2191 443 2563 504 BYZANTIN
2571 445 2598 504 Ι

3691 447 3803 513 1628

568 573 782 627 scilicet
815 563 1124 622 secundum
1159 561 1456 632 imaginem
1496 558 1642 626 Dei;
1691 558 1872 613 vocati
1929 564 2060 613 sunt
2096 565 2154 611 et

2263 573 2383 608 που
2416 557 2636 621 πάντες
2664 575 2682 608 ι
2709 554 2872 610 διὰτὸ
2905 555 3024 611 κατ’
3045 557 3228 613 είκόνα
3254 558 3390 615 Θεοῦ
3418 577 3432 592 ο
3456 559 3739 634 ἐκλήθησαν
3759 567 3806 618 ιέ

569 664 668 719 lilii
695 662 790 716 Dei
823 662 1024 715 iterum
1067 665 1125 711 et
1171 654 1368 717 Judaei,
1401 667 1636 723 nempe:
1677 670 1694 702 ι
1725 651 1895 706 Filios
1923 651 2155 705 mutrivi

569 769 626 812 ct
651 754 910 817 exaltavi,
941 753 1045 823 ipsi
1079 760 1266 806 autem
1301 753 1632 818 spreverunt
1652 760 1740 799 me
1763 745 1885 798 ³⁸⁸.»
1922 745 2160 813 Propter

570 851 870 905 amicitiam
923 846 1019 900 Dei
1061 853 1117 899 et
1149 859 1315 914 supra
1357 848 1586 896 caeteras
1617 837 1873 893 nationes
1903 836 1969 890 ad
2000 839 2160 891 innoo

569 943 809 997 centiam
865 939 1084 994 formati
1133 947 1190 991 et
1235 937 1496 1006 pietatem
1549 933 1781 988 edocti:
1829 931 1954 986 ideo
2007 931 2159 984 enim

569 1035 782 1090 credita
834 1041 964 1087 sunt
1018 1030 1262 1101 eloquia,
1311 1048 1328 1078 ι
1383 1037 1440 1082 et
1501 1035 1891 1081 testamentum
1959 1023 2156 1094 ipsius,

570 1126 772 1196 inquit,
803 1137 864 1179 ut
899 1123 1288 1178 manifestetur
1321 1120 1532 1185 illis”;
1568 1137 1586 1168 ι
1632 1147 1697 1157 -
1745 1137 1763 1168 ι
1797 1118 2021 1171 lucerna
2061 1131 2160 1186 pe-

569 1221 738 1274 dibus
787 1217 926 1272 meis
968 1219 1060 1272 lex
1091 1225 1183 1270 tua
1207 1215 1286 1279 υς
1320 1235 1338 1266 ι
1369 1221 1465 1266 et:
1505 1230 1523 1262 ι
1563 1211 1668 1277 Qui
1703 1209 1997 1264 annuntiat
2031 1224 2159 1263 ver-

569 1314 700 1367 bum
732 1327 893 1365 suum
911 1309 1102 1372 Jacob,
1129 1306 1374 1378 justitias
1393 1303 1666 1375 etjudicia
1695 1318 1793 1357 sua
1819 1301 2018 1356 Israel:
2048 1315 2159 1354 non

568 1405 703 1459 fecit
725 1405 909 1458 taliter
939 1403 1088 1455 omni
1112 1399 1322 1454 nationi
1348 1398 1412 1452 ³⁸.
1446 1416 1464 1448 ι
1487 1396 1619 1451 Inde
1650 1395 1797 1451 enim
1828 1393 1930 1448 etsi
1961 1395 2160 1448 timore

571 1497 712 1568 legis
734 1506 791 1551 et
820 1511 927 1550 non
955 1494 1306 1563 beneplacito
1337 1490 1612 1560 justitiam
1651 1489 1929 1551 colebant,
1955 1487 2163 1557 pariter

572 1589 784 1643 auxilio
807 1587 996 1642 debito
1035 1587 1184 1657 juste
1217 1583 1535 1637 viventibus
1564 1580 1922 1635 fruebantur:
1945 1588 2002 1633 et
2025 1579 2160 1634 sim-

570 1683 792 1752 pliciter
829 1680 884 1734 in
925 1688 1072 1734 terra
1095 1675 1340 1747 quandiu
1383 1675 1588 1730 imitari
1616 1675 1789 1728 Deum
1813 1671 2158 1741 quaerebant,

571 1775 640 1828 ab
685 1789 773 1838 eo,
815 1780 1044 1842 prepter
1084 1771 1292 1841 justam
1326 1777 1382 1823 et
1429 1769 1785 1822 innocentem
1832 1767 2022 1828 vitam,
2064 1763 2161 1816 ﬁlii

2259 649 2366 702 uioi.
2417 648 2553 702 Θεοῦ
2606 649 2768 702 πάλιν
2822 650 2917 703 καὶ⁸
2951 652 3001 703 οἱ
3041 651 3283 706 Ἰουδαῖοι
3313 653 3457 723 κατά
3494 655 3572 719 τὸ,
3612 673 3630 706 ι
3670 656 3808 722 Υίοὺς

2257 741 2526 809 ἐγέννησα
2581 743 2677 795 καὶ
2719 741 2949 809 ῦψωσα,
3010 743 3169 796 αὐτοὶ
3208 744 3265 798 δέ
3329 763 3399 815 με
3465 747 3759 816 ἠθέτησαν,
3789 768 3805 801 ι

2257 835 2350 888 ἐπὶ
2403 833 2674 888 οἰκειώσει
2721 835 2856 888 Θεου
2911 837 3007 889 καὶ
3064 836 3220 907 παρᾶ
3263 837 3333 889 τά
3359 838 3521 892 λοιπά
3550 839 3669 910 ἔθνη
3696 840 3810 906 πρὸς

2257 925 2675 996 ἀναμαρτησέαν
2710 926 3250 996 παιδαγωγούμενοι,
3285 928 3381 980 καὶ
3415 927 3654 981 εὐσεϐεῖν
3686 929 3810 982 διδα-

2260 1017 2536 1087 σκόμενοι·
2569 1018 2648 1082 είς
2679 1017 2836 1072 τοῦτο
2870 1020 2982 1090 γὰρ
3009 1021 3107 1074 καὶ
3130 1021 3531 1091 ἐπιστεύθησαν
3557 1021 3621 1075 τὰ
3642 1022 3808 1088 Λόγια.

2265 1128 2284 1160 ι
2349 1109 2412 1162 Ἦ
2441 1107 2677 1179 διαθήκη
2729 1109 2840 1180 γὰρ
2891 1109 3266 1181 αύτοῦ,φησὶ,
3300 1111 3396 1164 τοῦ
3451 1111 3680 1180 δηλῶσαι
3731 1114 3811 1164 αὖ·

2257 1204 2372 1266 τοῖς
2398 1218 2414 1234 ο
2458 1221 2476 1253 ι
2507 1202 2623 1267 καὶ,
2659 1220 2677 1252 ι
2705 1201 2914 1272 Λύχνος
2949 1205 3063 1266 τοῖς
3103 1204 3232 1256 ποσί
3269 1221 3373 1274 μου
3408 1205 3436 1257 ό
3465 1204 3626 1273 νόμος
3657 1220 3760 1256 σου·
3789 1222 3805 1256 ι

2260 1296 2374 1358 καὶ,
2388 1315 2406 1346 ι
2432 1293 2488 1348 '0
2508 1293 2891 1363 ἀπαγγέλλων,
2909 1296 3063 1367 φησὶ,
3078 1294 3169 1348 τὸν
3188 1295 3348 1364 λόγον
3360 1295 3519 1349 αὑτοῦ
3531 1297 3604 1366 τῷ
3625 1297 3811 1360 Ἰακὼϐ,

2259 1386 2604 1457 δικαιώματα
2665 1386 2760 1439 καὶ
2823 1387 3073 1457 κρίματα
3134 1387 3304 1442 αὐτοῦ
3341 1387 3420 1458 τῷ
3459 1388 3668 1459 Ἰσραήλ
3693 1404 3706 1416 ·
3733 1389 3814 1442 οὐκ

2263 1481 2525 1549 ἐποίησεν
2579 1479 2752 1542 οὕτως
2785 1482 2948 1533 παντὶ
2975 1480 3136 1534 έθνει.
3174 1500 3192 1532 ι
3241 1482 3522 1534 Ἐντεῦθεν
3545 1483 3647 1551 γὰρ
3670 1484 3714 1534 εί
3739 1482 3815 1534 καὶ

2262 1576 2414 1646 φόϐῳ
2443 1574 2538 1629 τοῦ
2577 1575 2744 1644 νόμου
2778 1577 2872 1630 καὶ
2905 1577 2968 1630 ού
2993 1579 3320 1648 προαιρέσει
3356 1578 3808 1648 ἐδικαιοπράγουν,

2262 1669 2378 1722 ἀλλ’
2417 1668 2568 1738 ὅμως
2596 1667 2699 1738 τῆς
2732 1667 2894 1735 ἀξίας
2924 1670 3252 1739 ἐπικουρίας
3277 1669 3390 1722 τῶν
3419 1670 3640 1733 δικαίως
3669 1670 3817 1740 βιούνς

2263 1779 2370 1814 των
2396 1761 2677 1832 ἀπήλαυον
2708 1776 2722 1792 ·
2750 1761 2848 1814 καὶ
2879 1761 3068 1826 ἁπλῶς
3090 1761 3186 1816 ἐπὶ
3207 1762 3313 1832 γῆς
3335 1763 3410 1827 ώς
3439 1759 3549 1816 οἷόν
3569 1781 3626 1816 τε
3659 1766 3819 1834 μιμεῖ-

571 1868 665 1922 Iiei
697 1865 880 1931 vocati
919 1871 1084 1920 sunt:
1118 1863 1214 1918 sed
1257 1861 1466 1932 pariter
1491 1861 1581 1916 isti
1616 1870 1673 1914 et
1712 1875 1941 1930 peccare
1973 1874 2161 1928 caepe-

2267 1855 2392 1909 σθαι
2442 1854 2578 1907 Θεὸν
2631 1854 3048 1925 μεθοδευόμενοι
3099 1855 3194 1908 ὑπ’
3223 1855 3392 1908 αὐτοῦ
3426 1855 3503 1926 τῷ
3536 1855 3716 1923 δικαίῳ
3742 1855 3820 1908 καὶ

572 1965 702 2010 runt
730 1956 956 2019 iterum,
984 1954 1302 2008 versatilem
1343 1952 1527 2007 adhuc
1563 1959 1818 2005 naturam
1848 1950 2118 2004 habentes
2145 1965 2160 2002 :

2264 1945 2635 2015 ἀναμαρτήτῳ
2688 1944 2787 2014 βίῳ
2821 1985 2836 2007 ,
2906 1944 3015 1998 υἱοὶ
3094 1944 3234 1998 Θεοῦ
3315 1946 3621 2018 ἐκλήθησαν
3653 1965 3665 1979 ·
3722 1947 3819 2001 ἀλλ’

2264 2037 2415 2105 ὅμως
2449 2030 2596 2090 οὗτοι
2631 2035 2728 2088 καὶ
2755 2035 2818 2088 τὸ
2850 2037 3121 2106 ἁμαρτεῖν
3155 2036 3476 2108 ἐπεδέχοντο
3510 2037 3683 2100 πάλιν,
3717 2054 3822 2108 τρε-

2266 2127 2410 2197 πτῆς
2439 2127 2519 2179 ἔτι
2549 2125 2762 2194 φύσεως
2793 2128 3162 2198 ὑπάρχοντες
3186 2129 3327 2201 ὅπερ
3353 2127 3448 2183 οὖν
3474 2132 3565 2184 καὶ
3594 2129 3822 2191 πολλάκις

2266 2219 2447 2289 ἔργοις
2477 2217 2846 2290 ἠλέγχθησάν,
2872 2221 3014 2274 κατά
3041 2222 3102 2275 τὸ
3132 2223 3450 2292 εἰρημένονο
3475 2241 3494 2275 ι
3512 2223 3667 2278 Αὐτοὶ
3689 2223 3738 2276 δέ
3766 2240 3822 2292 με

2267 2311 2561 2382 ἠθέτησαν.
2603 2331 2623 2366 t
2659 2313 2769 2366 Καὶ
2797 2311 3014 2383 θανάτῳ
3050 2313 3107 2367 δὲ
3150 2313 3356 2386 δηλαδὴ
3382 2315 3473 2369 καὶ
3499 2317 3718 2387 πληγαῖς
3748 2317 3824 2368 καὶ

2265 2405 2560 2476 τιμωρίαις
2614 2405 2864 2459 ἐντεῦθεν
2929 2406 3220 2461 ὑπέκειντο
3249 2424 3264 2440 ·
3305 2427 3326 2460 ι
3357 2409 3467 2462 Καὶ
3498 2407 3602 2479 γὰρ
3633 2408 3690 2462 τὸ
3720 2409 3824 2460 κένο

2267 2515 2393 2568 τρον
2417 2496 2511 2550 τοῦ
2545 2496 2799 2562 θανάτου,
2835 2499 2869 2568 ἡ
2913 2497 3160 2569 ἁμαρτία
3184 2515 3199 2528 ·
3237 2517 3257 2551 ι
3318 2501 3466 2564 Καὶ,
3525 2519 3542 2550 ι
3579 2499 3825 2566 Μάστιγες

2270 2589 2464 2643 πολλαὶ
2537 2587 2633 2642 τοῦ
2709 2589 3058 2660 ἀμαρτωλοῦ.
3117 2610 3136 2643 ι
3193 2591 3386 2655 Οῦτως
3447 2592 3545 2664 μὲν
3613 2590 3698 2646 οῦν
3748 2590 3824 2643 καί

2268 2675 2413 2734 οὗτοι
2443 2694 2459 2711 °
2491 2681 2830 2753 ὲλέγχθημεν
2882 2681 2941 2734 δὲ
2994 2681 3090 2736 καὶ
3117 2683 3167 2735 οί
3205 2684 3529 2752 Χριστιανοὶ
3563 2683 3662 2736 υἱοὶ
3690 2680 3822 2746 Θεοῦ,

2269 2773 2411 2826 κατά
2437 2773 2517 2837 τὸ,
2544 2791 2562 2823 ι
2593 2775 2803 2837 Πάντες
2821 2773 2932 2845 γάρ
2957 2775 3064 2827 υίοὶ
3080 2773 3217 2827 Θεοῦ
3237 2777 3386 2841 ἐστε,
3404 2776 3492 2829 διά
3508 2777 3600 2843 τῆς
3621 2775 3825 2834 πίστεως

2270 2867 2328 2918 ἐν
2355 2866 2576 2936 Χριστῷ
2619 2865 2818 2936 Ἰησοῦ.
2878 2885 2898 2918 ι
2931 2869 3092 2938 ἡμεῖς
3121 2864 3216 2921 οὖν
3247 2869 3391 2941 πρὸς
3419 2869 3498 2940 τῷ
3525 2869 3608 2922 διὰ
3638 2867 3735 2920 τῶν
3761 2867 3826 2918 iri.

573 2047 722 2118 quod
755 2047 922 2119 igitur
949 2054 1004 2100 et
1039 2060 1182 2115 saepe
1222 2044 1486 2115 operibus
1530 2043 1925 2112 probaverunt,
1956 2056 2152 2096 secun-

572 2141 707 2194 dum
725 2139 870 2208 quod
889 2137 1098 2191 dictqu
1117 2148 1202 2191 est
1223 2155 1237 2190 :
1266 2156 1283 2188 ι
1306 2136 1412 2207 Ipsi
1435 2145 1619 2190 autem
1643 2151 1727 2188 me
1747 2142 2110 2204 spreverunt:
2136 2151 2154 2184 ι

569 2243 626 2287 et
650 2231 814 2284 morti
840 2230 1055 2285 scilicet
1076 2239 1131 2283 et
1155 2229 1332 2299 plagis
1357 2237 1414 2282 et
1446 2227 1738 2298 suppliciis
1770 2226 1901 2280 inde
1925 2224 2164 2296 subjecti

571 2327 740 2374 sunt:
783 2339 800 2370 ι
852 2319 1123 2373 Stimulus
1166 2319 1316 2372 enim
1353 2320 1572 2382 mortis,
1603 2327 1890 2388 peccatum
1925 2325 2011 2371 est
2029 2318 2106 2371 “z
2141 2334 2160 2368 ο

570 2420 671 2466 et:
715 2431 733 2463 ι
781 2412 948 2466 Multa
994 2411 1207 2482 ﬂagella
1256 2410 1571 2480 peccatoris
1601 2411 1668 2464 ".
1723 2429 1741 2461 ι
1805 2410 1884 2464 Ita
1937 2408 2165 2479 quidem

573 2503 744 2572 igitur
771 2511 826 2557 et
851 2503 977 2556 isti:
1001 2502 1141 2555 Dicti
1168 2517 1361 2556 sumus
1384 2517 1518 2556 vero
1546 2500 1714 2555 etiam
1738 2517 1839 2555 nos
1860 2500 2164 2556 Christiani

585 2594 686 2647 ﬁlii
715 2593 835 2656 Dei,
878 2607 1114 2662 nempe;
1160 2611 1177 2642 ι
1208 2591 1412 2646 Omnes
1442 2592 1591 2646 enim
1632 2590 1730 2644 ﬁlii
1760 2591 1856 2645 Dei
1889 2591 2046 2654 estis,
2070 2607 2168 2660 per

576 2683 741 2737 ﬁdem
772 2684 825 2736 in
855 2683 1081 2737 Christo
1109 2683 1240 2738 Jesu
1258 2683 1322 2736 "‘.
1348 2701 1365 2733 ι
1396 2681 1508 2737 Nos
1531 2683 1719 2753 igitur,
1749 2681 1955 2736 nedum
1984 2681 2170 2735 verbis

573 2775 640 2829 ad
685 2774 1059 2828 innocentiam
1109 2774 1433 2838 formemur,
1473 2783 1530 2828 et
1559 2773 1832 2845 justitiam
1889 2773 1986 2826 Dei
2048 2788 2170 2842 qua:

573 2877 660 2923 est
684 2884 856 2938 super
876 2867 1121 2921 litteram
1163 2883 1192 2920 a
1217 2866 1419 2936 spiritu
1446 2866 1543 2920 Dei
1576 2866 1883 2921 docemur:
1914 2866 1969 2920 in
1996 2866 2170 2920 Iiber-

576 2968 744 3013 tatem
779 2969 836 3014 et
868 2959 1339 3015 immortalitatem
1372 2961 1550 3014 vocati
1575 2975 1767 3013 sumus
1795 2970 1852 3013 et
1886 2958 1939 3012 in
1969 2957 2168 3013 immu-

2271 2974 2385 3025 γων
2416 2957 2772 3011 παιδεύεσθαι
2807 2957 2868 3010 τὸ
2896 2958 3318 3030 ἀναμάρτητον,
3357 2959 3454 3013 καὶ
3481 2959 3578 3030 τὴν
3613 2959 3738 3029 ὑπὲρ
3772 2956 3820 3008 τὸ

574 3053 906 3106 tabilitatem
948 3069 1014 3106 ex
1050 3053 1467 3108 resurrectione
1534 3062 1920 3106 mortuorum:
1960 3052 2168 3122 suppli-

2272 3050 2507 3120 γράμμα
2561 3049 2651 3102 διὰ
2705 3048 3030 3119 Πνεύματος
3087 3050 3446 3123 δικαιοσύνην
3501 3049 3823 3120 διδασκόμεθα

573 3144 722 3196 οἰυνιι
745 3143 856 3213 jam
881 3159 988 3196 non
1015 3142 1296 3204 timentes,
1323 3159 1427 3197 nec
1449 3144 1813 3199 mutationem
1838 3142 2168 3197 transmissa:

2274 3140 2412 3194 Θεοῦ
2434 3155 2448 3170 ⁶
2482 3142 2578 3195 καὶ
2621 3141 2714 3194 ἐπὶ
2745 3141 3034 3212 ἐλευθερίᾳ
3073 3143 3170 3196 καὶ
3207 3142 3482 3216 ἀθανασίᾳ
3525 3142 3822 3212 ἐκλήθημεν,

574 3234 750 3288 beata:
780 3236 927 3299 vitae,
954 3236 1073 3304 qui,
1105 3235 1399 3290 doloribus
1425 3236 1614 3297 liberi,
1654 3244 1711 3290 et
1751 3235 2168 3290 dominantibus

2276 3233 2370 3286 xui
2397 3233 2634 3305 ἀτρεψίᾳ
2662 3232 2721 3298 ἐξ
2751 3233 3102 3297 ἀναστάσεως
3131 3234 3350 3304 νεκρῶν
3373 3250 3386 3264 ·
3426 3235 3686 3306 τιμωρίαν
3715 3232 3822 3286 οὐκ·

574 3327 874 3382 aeternitati
915 3329 1270 3382 tenebrarum
1305 3345 1426 3384 esse
1456 3328 1744 3390 debemus,
1769 3335 1826 3382 et
1871 3327 1927 3381 in
1957 3328 2168 3383 caelesti

2277 3328 2358 3380 ἐτι
2381 3293 2634 3392 assit-£6,
2666 3293 2727 3379 ού
2759 3293 3200 3398 μεταϐολὴν-τῆς
3237 3293 3637 3401 ’διαδεξαμένης
3677 3343 3822 3398 μακα-

576 3421 803 3475 civitate
859 3422 1082 3488 vivere;
1133 3432 1192 3476 ut
1239 3422 1388 3476 enim
1434 3437 1538 3476 nos
1585 3437 1836 3476 essemus
1886 3421 2064 3475 sancti
2117 3429 2168 3474 et

2280 3422 2399 3489 ρίας
2432 3420 2599 3491 ζωῆς,
2632 3422 2811 3474 πόνων
2845 3421 3144 3492 ἐλεύθεροι,
3180 3423 3277 3475 καὶ
3309 3423 3419 3476 τῶν
3453 3423 3712 3495 ἀρχόντων
3747 3417 3820 3473 τοῦ

578 3514 918 3570 immaculati
965 3516 1019 3569 in
1065 3526 1366 3586 conspectu
1398 3515 1602 3585 ejus”,
1638 3515 1692 3569 in
1730 3514 2002 3569 charitate
2035 3527 2168 3583 prae-

2276 3513 2472 3577 αἰῶνος
2497 3513 2591 3566 τοῦ
2636 3513 2865 3576 σκότους
2891 3515 3161 3584 ἐσόμενοι,
3189 3517 3246 3567 ἐν
3295 3517 3534 3587 οὐρανίῳ
3584 3532 3639 3568 τε
3697 3512 3819 3565 πολι-

578 3607 842 3661 destinati
891 3623 1085 3662 sumus
1124 3609 1177 3661 in
1221 3607 1576 3678 adoptionem
1613 3607 1852 3660 ﬁliorum
1898 3606 1996 3660 Dei
2020 3605 2086 3665 ⁸ο.
2117 3615 2168 3658 et

2275 3610 2396 3681 τείᾳ
2453 3607 2742 3679 βιώσοντες
2768 3625 2781 3640 ο
2815 3610 2896 3672 είς
2925 3609 3032 3681 γὰρ
3077 3609 3139 3662 τὸ
3188 3604 3332 3664 εἶναι
3379 3612 3528 3682 ήμᾶς
3555 3611 3726 3679 ἁγίους
3747 3605 3819 3660 καὶ

579 3706 642 3750 ut
712 3694 1139 3751 Similitudinem
1191 3696 1530 3750 haberemus
1591 3711 1715 3750 cum
1769 3695 1931 3749 Patre
1982 3703 2168 3748 nostra

2275 3699 2542 3770 ἀμώμους
2580 3699 2920 3753 κατενώπιον
2976 3700 3143 3754 αὑτοῦ
3171 3703 3230 3753 ἐν
3283 3703 3476 3776 ἀγάπῃ
3512 3700 3817 3776 προωρίσθη-

579 3787 675 3857 qui
728 3788 783 3841 in
818 3789 972 3842 caelis
1005 3797 1093 3843 est
1125 3788 1179 3841 in
1212 3789 1536 3858 acceptione
1567 3786 1881 3857 adoptionis
1931 3785 2168 3840 ﬁliorum

2281 3806 2379 3858 μεν
2409 3789 2490 3852 είς
2520 3787 2796 3842 υἱοθεσίαν
2822 3788 2981 3857 Θεοῦ,
3013 3790 3109 3842 καὶ
3136 3788 3238 3860 τὴν
3277 3792 3538 3862 ὁμοίωσιν
3588 3793 3715 3862 ἔχειν
3741 3788 3818 3856 τὴν

580 3895 744 3949 quam
767 3887 1180 3948 exspectamus:
1205 3880 1365 3934 simul
1385 3895 1448 3934 ac
1467 3879 1904 3950 redemptionem
1923 3879 2168 3948 corporis

2277 3882 2416 3952 πρὸς
2483 3880 2577 3935 τὸν
2626 3881 2877 3953 οὐράνιον
2909 3881 3070 3954 ὴμῶν
3101 3883 3348 3956 Πατέρα,
3390 3886 3449 3939 ἐν
3481 3888 3544 3956 τῇ
3595 3881 3817 3948 ἀπολήψει

580 3971 780 4037 nostri,
809 3987 1039 4040 peccare
1067 3971 1219 4025 nullo
1249 3972 1414 4026 modo
1445 3972 1683 4042 amplius
1704 3971 1977 4026 babenti-8
2001 3990 2012 4027 :
2048 3971 2168 4025 ideo

2276 3973 2377 4042 τῆς
2413 3974 2708 4041 υἱοθεσίας,
2737 3968 2805 4045 ἦς
2839 3975 3255 4046 ἀπεκδεχόμεθα
3290 3994 3305 4009 °
3339 3979 3508 4050 ήγουν
3533 3977 3629 4046 τῆς
3657 3973 3819 4030 ἀπολυ·

582 4080 693 4118 non
755 4065 894 4118 mori
956 4064 1226 4118 debemus
1278 4065 1334 4118 in
1367 4064 1638 4129 futurum,
1677 4063 1772 4118 sed
1809 4079 1979 4134 super
2030 4063 2168 4118 mala

2277 4065 2541 4137 τρώσεως
2568 4065 2664 4118 τοῦ
2691 4065 2947 4136 σώματος
2972 4067 3151 4137 ήμῶν,
3188 4069 3249 4122 τὸ
3289 4070 3622 4142 ἁμαρτάνειν
3647 4067 3716 4120 ἔτι
3747 4063 3816 4116 0'5—

581 4157 785 4226 quibus
816 4172 925 4210 non
950 4155 1092 4210 allici
1115 4155 1279 4209 datur
1304 4164 1501 4210 natura
1526 4156 1846 4211 extollimur
1866 4175 1879 4210 :
1903 4163 2168 4226 quantum

2276 4157 2389 4212 δενὶ
2415 4157 2604 4229 τρόπῳ
2650 4157 2868 4228 ἔχοντες
2891 4174 2904 4188 ·
2933 4158 3017 4212 διὸ
3074 4159 3199 4212 ούδέ
3231 4159 3512 4233 ,θνήσκειν
3562 4154 3817 4228 πεφυκότες

584 4250 757 4320 igitur
801 4249 1172 4303 assimilemur
1211 4248 1322 4302 Deo
1369 4248 1674 4302 secundum
1726 4248 1844 4303 lucc
1895 4247 2061 4302 simul
2111 4263 2168 4302 ac

2276 4249 2486 4314 λοιπὸν,
2548 4248 2663 4302 ἀλλ’
2696 4251 2754 4302 ὲν
2789 4249 2868 4320 τῷ
2923 4249 3060 4321 μηδέ
3112 4251 3342 4322 δυνάμει
3395 4248 3536 4306 εἶναι
3579 4246 3816 4306 δεκτικοὺς

581 4342 712 4396 olim
743 4341 912 4397 Israel
938 4341 1033 4412 qui
1064 4341 1213 4396 ﬁlius
1233 4351 1290 4397 et
1319 4341 1438 4412 ipse
1461 4349 1691 4398 vocatus
1728 4340 1920 4407 fuit“,
1941 4339 2168 4395 evidens

2276 4342 2388 4396 τῶν
2422 4341 2610 4395 κακῶν
2636 4341 2738 4413 τὴν
2798 4341 2964 4411 φύσιν
3008 4343 3425 4414 ὑπεραρθὲντες
3453 4363 3468 4377 ·
3505 4345 3623 4398 ὅσον
3644 4340 3722 4394 οὖν
3750 4336 3816 4401 ἐξ·

582 4442 689 4488 est.
2277 4432 2618 4504 ομοιούμεθα
2649 4431 2770 4503 Θεῷ
2803 4434 2946 4487 κατὰ
2971 4433 3098 4486 τάδε
3140 4435 3295 4505 παρὰ
3325 4435 3418 4489 τόν
3451 4451 3579 4489 ποτε
3625 4427 3814 4502 Ἰσραὴλ.

2277 4525 2392 4579 υἱὸν
2419 4526 2515 4579 καὶ
2549 4523 2713 4578 αὐτὸν
2745 4524 3036 4596 κληθέντα,
3065 4525 3248 4596 δῆλον.

653 4613 889 4666 Tantum
926 4620 1109 4669 tamen
1142 4623 1331 4670 nostra
1363 4614 1589 4684 adoptio
1639 4615 1881 4670 ﬁliorum
1915 4614 2168 4685 adoptio-

2350 4615 2620 4671 Τοσοῦτον
2649 4615 2783 4686 γοῦν
2843 4619 2878 4688 ή
2922 4619 3177 4689 ήμετέρα
3225 4619 3470 4673 υἱοθεσία
3500 4621 3593 4690 τῆς
3637 4613 3815 4670 ἐκείνων

584 4723 711 4763 nem
746 4724 937 4762 eorum
974 4719 1200 4780 superat
1255 4720 1313 4765 et
1365 4711 1422 4764 in
1477 4709 1668 4774 tantis,
1723 4718 1783 4764 ut
1833 4719 1890 4766 et
1944 4712 2168 4781 spiritus

2279 4708 2514 4782 προύχει
2534 4709 2631 4763 καὶ
2644 4711 2702 4764 ἐν
2715 4709 3014 4776 τοσούτοις,
3033 4710 3110 4774 ὡς
3129 4711 3225 4766 καὶ
3239 4711 3458 4782 πνεῦμα
3479 4709 3702 4772 δουλείας
3715 4702 3817 4759 ἐκεί-

584 4801 874 4856 servitutis
895 4802 1076 4857 haecce
1101 4801 1318 4857 dicatur
1338 4802 1395 4856 in
1426 4802 1684 4856 timorem
1711 4811 1768 4856 et
1797 4803 1852 4856 in
1887 4803 2168 4858 vinculqu

2275 4823 2370 4876 νην
2405 4802 2661 4872 λέγεσθαι
2695 4806 2775 4867 εἰς
2807 4803 2974 4874 φόϐον
3033 4806 3128 4858 καὶ
3159 4804 3330 4874 ζυγοῦ
3359 4805 3601 4868 δουλείας
3627 4800 3814 4870 ἐνοχήν⁹

578 4894 696 4966 jugi
733 4895 1042 4961 servitutis,
1071 4894 1219 4949 illam
1260 4910 1390 4949 vero
1424 4894 1657 4965 spiritus
1689 4894 2005 4964 adoptionis
2035 4896 2168 4950 ﬁlio-

2272 4896 2475 4966 ταύτην
2495 4895 2551 4948 δὲ
2576 4895 2794 4966 πνεῦμα
2810 4895 3083 4959 υἱοθεσίας
3100 4898 3156 4950 ὲν
3182 4891 3227 4965 ᾧ
3257 4897 3373 4951 ἐστι
3399 4897 3662 4968 κράζεινη
3685 4885 3817 4944 ’.4665

584 5006 707 5045 rum
745 4991 799 5045 in
821 5005 933 5060 quo
955 4991 1278 5055 clamamus,
1306 5009 1324 5040 ι
1349 4987 1505 5045 Abba
1534 4989 1698 5043 Pater
1715 4989 1796 5044 δέ
1830 5008 1850 5040 ι
1882 4991 2028 5059 quod
2058 4991 2168 5047 haec

2271 4992 2298 5042 ό
2317 4989 2526 5058 Πατήρ·
2544 5009 2560 5040 ›
2579 4989 2718 5060 ὅπερ
2731 4989 2912 5059 ἐκείνη
2934 4988 3116 5057 λέγειν
3131 4990 3191 5042 ού
3209 4991 3510 5062 τετόλμηκε
3527 4979 3816 5044 πιῖηιοτε”κιιὶ

585 5082 772 5137 dicere
833 5099 1118 5154 nunquam
1171 5081 1484 5138 sustinuit:
1525 5081 1732 5135 etenim
1785 5080 1906 5149 ipsa
1969 5081 2168 5136 dicitur

2275 5081 2387 5150 γὰρ
2434 5078 2573 5151 αῦτη
2603 5079 2822 5150 λέγεται
2879 5080 3026 5144 ἰδίως
3057 5081 3366 5153 ἐλευθερία,
3460 5079 3677 5154 Χριστὸς
3703 5073 3815 5146 ἡμᾶς

585 5177 808 5246 proprie
855 5177 1087 5232 libertas
1144 5192 1253 5247 qua
1304 5174 1562 5230 Christus
1608 5187 1710 5226 nos
1757 5173 2050 5227 liberavit:
2100 5177 2176 5230 ita

586 5268 810 5336 quidem
848 5267 1018 5338 igitur
1065 5277 1122 5322 et
1156 5268 1296 5321 ista:
1332 5266 1576 5320 Vocatus
1615 5272 1700 5318 est
1731 5273 1940 5328 autem,
1973 5265 2177 5334 inquit,

585 5370 642 5414 et
671 5359 992 5415 Dominicus
1021 5359 1208 5421 homo,
1241 5356 1415 5410 Filius
1465 5356 1595 5409 Dei:
1642 5371 1863 5425 nempe,
1895 5366 1951 5410 ct
1981 5379 1997 5409 (
2037 5358 2182 5415 ﬁlius

587 5452 805 5507 Excelsi
863 5451 1254 5506 vocabitur":
1307 5467 1325 5498 ι
1384 5448 1488 5500 iste
1537 5464 1693 5512 vero,
1748 5460 1948 5517 praeter
1999 5453 2182 5508 omnia

589 5553 776 5599 nostra
808 5544 1070 5614 specialia
1119 5543 1172 5594 in
1205 5537 1416 5608 quibus
1446 5539 1644 5593 similis
1678 5541 1838 5596 nobis
1869 5550 1925 5597 et
1972 5543 2176 5598 dicitur

588 5651 731 5701 esse,
754 5647 839 5692 est
871 5634 1274 5707 primogenitus
1307 5634 1362 5685 in
1386 5631 1577 5684 multis
1605 5632 1867 5689 fratribus
1891 5634 1936 5666 “
1964 5651 1993 5690 a
2022 5653 2176 5692 com-

2280 5171 2677 5244 ἠλευθέρωσενο
2694 5171 2868 5235 οὕτως
2896 5172 2997 5241 μὲν
3020 5171 3112 5226 οὖν
3132 5175 3225 5226 καὶ
3242 5174 3356 5237 ἥδε.
3374 5174 3598 5243 Ἐκλήθη
3614 5161 3812 5234 δέ,φησῖι

2283 5265 2380 5317 καὶ
2409 5264 2438 5315 ὁ
2475 5263 2752 5336 Κυριακδς
2807 5262 3118 5336 ἄνθρωπος,
3181 5266 3312 5330 Υἱὸς
3367 5265 3503 5319 Θεοῦ
3535 5281 3550 5295 ο
3587 5260 3709 5316 κατὰ
3748 5256 3808 5311 τὸ.

2292 5375 2310 5406 ι
2346 5357 2457 5410 Καὶ
2483 5356 2612 5420 Υἱὸς
2653 5355 2908 5426 Ὑψίστου
2943 5359 3304 5429 κληθήσεται.
3365 5379 3383 5410 ι
3421 5352 3578 5421 Οὗτος
3614 5354 3664 5406 δὲ
3709 5347 3811 5418 πρὸς

2288 5454 2401 5515 τοῖς
2431 5453 2727 5524 ἡμετέροις
2767 5455 2934 5507 πᾶσιν
2964 5455 3290 5526 ἐξαιρέτοις,
3323 5456 3380 5508 ἐν
3408 5451 3488 5518 οἷς
3519 5456 3681 5522 ὅμοιος
3713 5442 3810 5514 ἡμῖν

2284 5541 2359 5594 ὢν
2389 5544 2484 5596 καὶ
2509 5544 2732 5613 λέγεται
2754 5540 2918 5612 εἶναι,
2943 5548 2971 5599 ὀ
3003 5547 3349 5616 πρωτότοκος
3389 5548 3445 5600 ἐν
3465 5545 3659 5604 πολλοῖς
3691 5533 3810 5591 ἁδελ-

2283 5639 2404 5705 φοῖς
2449 5635 2526 5708 τῷ
2585 5637 2749 5709 κοινῷ
2786 5641 3004 5693 πάντων
3035 5640 3212 5713 Πατρὶ
3246 5639 3364 5709 Θεῷ
3389 5656 3402 5669 °
3433 5638 3524 5692 καὶ
3547 5637 3689 5704 ἕτερα
3725 5625 3808 5695 ἔχει

666 5773 733 5804 ³”
766 5773 872 5826 ῐεειο
925 5787 964 5831 ιη
1013 5771 1068 5824 2-
1112 5765 1354 5840 ,πῆξαι
1395 5781 1549 5840 μιν,
1581 5767 1694 5840 16.,
1744 5771 1984 5827 “Psal..
2048 5791 2231 5840 ρχνιιι,
2276 5773 2396 5828 105.
2477 5773 2522 5804 ει
2557 5774 2702 5831 Psal.
2761 5791 2961 5840 om",
3014 5777 3103 5839 ις),
3151 5774 3244 5830 ει).
3325 5775 3418 5829 εει
3456 5773 3573 5828 Cor.
3619 5781 3694 5826 xv,
3737 5755 3801 5840 ᾆξ’

591 5841 639 5915 ξ’(
672 5842 817 5915 Psal.
867 5856 1011 5915 nixa,
1235 5835 1280 5866 ³³
1311 5834 1618 5915 GalaLMm,
1678 5839 1766 5895 26.
1847 5844 1890 5876 ³³
1921 5844 2124 5915 Ephes.
2159 5834 2290 5909 1,14.

593 5910 643 5944 δ’
673 5912 809 5966 Luc.
836 5925 874 5975 I,
906 5911 996 5965 '52.
1077 5910 1120 5941 ⁵⁸
1152 5909 1312 5963 Ilum.
1347 5904 1577 5972 vm,€i9.

2404 5844 2450 5875 ιο
2474 5825 2701 5900 ibit—1:3:
2766 5825 2860 5879 ’ῖῖ
2876 5825 3272 5912 apathiae.
3385 5825 3429 5878 δῖ
3456 5825 3595 5899 tium.
3621 5825 3718 5897 vui.
3739 5825 3801 5882 1⁵·
