4116 6462
411 492 550 557 1629

1349 494 1749 556 ADVERSUS
1787 495 2337 557 NESTORIANOS.
2361 521 2429 533 -·
2459 500 2608 564 LIB.
2649 500 2770 561 III.

3550 501 3692 568 1630

416 605 524 657 lata
557 601 898 674 χαρίσματα,
943 603 1005 667 ἐξ
1035 595 1110 657 ὧν
1135 602 1230 657 καὶ
1259 604 1570 675 Μονογενὴς
1603 603 1680 674 τῷ
1701 605 1878 676 Πατρὶ
1908 606 2002 676 ἐρ-

2107 606 2260 660 muni
2294 607 2541 662 omnium
2592 609 2758 664 Patre
2814 609 2961 664 Deo:
2996 616 3054 665 et
3091 611 3196 666 alia
3250 612 3416 667 habet
3463 617 3687 685 propria

405 697 547 767 ρήθη
575 711 590 726 ο
635 695 838 748 ἔστιδὲ
889 695 1089 764 ταῦτα,
1118 695 1336 767 πρῶτον
1391 697 1514 768 μὲν,
1556 697 1638 750 ὃτι
1673 699 1738 750 ἐκ
1779 699 1996 751 πάντων

405 787 621 858 ὁρατῶν
657 787 756 840 καὶ
786 788 1037 859 ἀοράτων
1062 790 1378 860 κτισμάτων
1409 789 1718 861 ἀφώρισται
1765 791 1860 844 καὶ
1907 790 2002 854 ἐξ·

403 880 646 932 είλεκται
679 878 797 950 ἅμα
824 881 904 950 τῷ
931 877 1092 945 εἶναι,
1127 881 1221 935 καὶ
1251 881 1352 953 τὴν
1381 882 1474 936 τοῦ
1507 881 1648 937 εἶναι
1679 883 1806 948 Υἱὸς
1836 884 1996 948 ἀξίαν

402 972 583 1027 λαϐὼν
614 975 802 1045 χάριτι
839 991 854 1006 ⁸
885 975 1078 1046 ὥσπερ
1105 975 1161 1029 ετ
1183 993 1270 1040 τις
1304 976 1417 1039 υἱὸς
1443 977 1710 1048 βασιλέως
1735 979 1830 1031 ἐπὶ
1861 993 1996 1047 πορ-

405 1066 555 1138 φύρᾳ
603 1067 842 1137 τεχθεὶς,
871 1068 903 1140 ἢ
935 1068 1016 1122 ἔτι
1061 1068 1363 1140 κυούμενος
1395 1071 1454 1123 ἐν
1503 1071 1688 1145 μήτρα
1723 1071 1996 1140 στεφθεὲς,

403 1158 846 1231 διαζωννυμένης
870 1160 964 1214 τὸν
988 1161 1253 1228 στέφανον
1279 1161 1381 1230 τῆς
1423 1163 1655 1233 μητρὸς,
1712 1164 1850 1234 ὅπερ
1911 1163 1999 1232 γί-

401 1267 551 1304 νεται
583 1249 866 1314 πολλάκις.
902 1253 1015 1306 Καὶ
1041 1253 1214 1317 οὕτως
1242 1253 1423 1325 ήνώθη
1453 1253 1532 1324 τῷ
1567 1254 1687 1325 Θεῷ
1709 1256 1870 1326 Λόγῳ
1891 1256 1999 1310 ἀπὸ

403 1339 631 1414 πρώτης
673 1341 844 1396 αὐτοῦ
901 1346 1170 1414 κτίσεως,
1205 1349 1302 1402 καὶ
1332 1350 1456 1413 Υἱὸς
1493 1350 1792 1422 ὠνομάσθη
1820 1353 1882 1406 οὐ
1908 1351 1996 1406 διά

402 1434 500 1506 τὴν
567 1435 691 1489 καθ’
753 1439 904 1508 ἡμᾶς
961 1441 1272 1507 υἱοθεσίαν,
1327 1442 1445 1498 ἀλλ’
1505 1445 1579 1509 ὡς
1657 1445 2003 1516 συνημμένος

403 1526 481 1598 τῷ
510 1528 671 1600 Λόγῳ
699 1532 836 1600 πρὸς
879 1531 978 1602 τὴν
1035 1534 1243 1588 ἐκείνου
1299 1539 1641 1606 φανέρωσιν·
1693 1538 1790 1592 καὶ
1838 1536 1998 1590 αὐτοῦ

404 1625 464 1677 τὸ
526 1625 818 1696 πρόσωπον
862 1628 1098 1698 ἐπέχων,
1165 1629 1333 1684 αὑτοῦ
1388 1631 1489 1702 τὴν
1552 1632 1767 1704 τιμὴν,
1831 1633 1998 1686 αὐτοῦ

410 1716 510 1788 τὴν
586 1715 744 1783 ἀξίαν
815 1720 998 1792 φέρων
1048 1738 1062 1753 ⁸
1129 1723 1222 1776 καὶ
1278 1741 1299 1777 ‹
1378 1724 1664 1779 Ἐκάθισεν
1730 1726 1787 1778 ἐν
1853 1724 2004 1794 δεξιᾷ

405 1808 496 1862 τοῦ
555 1809 728 1874 Θεοῦ,
783 1812 1041 1882 ὑπεράνω
1118 1815 1302 1885 πάσης
1360 1815 1608 1880 ἐξουσίας
1663 1816 1760 1870 καὶ
1811 1815 2000 1888 κυριό-

406 1919 570 1974 τητος
626 1904 722 1956 καὶ
775 1905 1061 1975 δυνάμεως
1087 1947 1102 1972 ,
1154 1907 1326 1979 ὄνομα
1384 1908 1566 1963 λαϐὼν
1623 1908 1807 1980 μεῖζον
1861 1927 1999 1963 παν-

403 1994 497 2057 τὸς
547 1995 816 2066 ὀνόματος
869 1995 1299 2070 ὀνομαζομένου,
1337 2001 1398 2054 οὐ
1450 2001 1610 2071 μόνον
1637 2001 1694 2053 ἐν
1727 1999 1806 2070 τῷ
1837 2001 1996 2054 αἰῶνι

403 2083 578 2157 τούτῳ
613 2126 629 2151 ,
696 2087 831 2142 ἀλλά
878 2090 974 2143 καὶ
1007 2094 1064 2145 ἐν
1115 2093 1193 2162 τῷ
1231 2093 1479 2163 μέλλοντι
1507 2109 1521 2124 ο
1552 2113 1571 2146 ι
1611 2122 1684 2134 —-
1717 2113 1736 2146 ι
1775 2093 1891 2148 Ἵνα
1939 2096 1997 2148 ἐν

403 2178 482 2250 τῷ
530 2181 758 2252 ὀνόματι
825 2183 1002 2254 Ἰησοῦ
1060 2187 1168 2239 πᾶν
1219 2187 1348 2255 γόνυ
1409 2188 1602 2259 κάμψῃ
1653 2189 1998 2260 ἐπουρανίων

405 2274 502 2326 καὶ
574 2274 836 2342 ἐπιγείων
914 2277 1012 2330 καὶ
1096 2279 1507 2348 καταχθονίων·
1552 2299 1570 2332 ι
1636 2279 1817 2334 πάντα
1887 2279 1995 2350 γὰρ

406 2367 595 2429 ἁπλῶς
625 2366 892 2433 ὑπέταξεν
926 2369 1031 2422 ὑπὸ
1058 2372 1184 2434 τοὺς
1219 2372 1388 2436 πόδας
1415 2373 1581 2427 αὐτοῦ
1598 2387 1613 2403 ⁶
1638 2373 1733 2427 καὶ
1775 2373 1870 2427 ἀπ’
1894 2373 1996 2426 αὐ-

405 2458 499 2512 τοῦ
529 2460 607 2531 τῷ
639 2459 768 2530 θείῳ
792 2461 971 2533 Λόγῳ,
1006 2459 1068 2516 οῦ
1094 2464 1154 2518 τὸ
1186 2465 1480 2534 πρόσωπον
1512 2465 1698 2534 ἐπέχει
1719 2480 1734 2496 ·
1763 2442 1859 2518 κςῆ
1887 2463 2000 2518 ἀπ’

407 2551 640 2616 ἐκείνου,
665 2553 741 2624 τῷ
763 2554 940 2625 Πατρ“ι
960 2555 1039 2626 τῷ
1063 2557 1354 2628 ἀχωρίστῳ
1379 2556 1567 2619 αὑτοῦ,
1595 2557 1712 2626 ἅμα
1729 2555 1808 2627 τῷ
1830 2555 1999 2608 Πνεῦ-

409 2665 538 2718 ματι
575 2647 654 2718 τῷ
685 2649 826 2720 ἁγίῳ
851 2665 865 2680 ·
896 2650 990 2703 καὶ
1023 2649 1167 2704 οὕτω
1203 2652 1478 2721 μεσιτεύει
1510 2650 1631 2721 Θεῷ
1663 2650 1759 2703 καὶ⁵
1787 2649 2000 2722 ἀνθρώ⁴

407 2757 532 2802 ποις
563 2755 577 2770 ο
607 2740 817 2794 τούτων
841 2741 897 2794 δέ
925 2742 1076 2796 οὐδὲν
1106 2742 1269 2797 πλέον
1301 2743 1452 2813 αὐτῷ
1496 2759 1628 2796 ποτε
1658 2741 1992 2812 παρέξουσιν

405 2833 454 2886 οι
487 2832 734 2886 συνθέσει
777 2832 1032 2902 λέγοντες
1061 2836 1158 2888 τοῦ
1188 2836 1366 2902 Λόγου
1404 2837 1501 2888 καὶ
1547 2834 1641 2888 τοῦ
1681 2833 1996 2906 ἀνθρώπου,

405 2923 498 2978 τὸν
535 2926 772 2996 Χριστὸν
819 2927 1119 2996 ὑφεστᾶναι
1152 2945 1169 2961 ο
1203 2929 1253 2980 εί
1295 2928 1352 2981 δὲ
1409 2928 1616 2981 τούτων
1663 2927 2001 2998 ἀσύγκριτος

406 3020 516 3070 τῶν
547 3009 834 3072 υἱοθεσιῶν
857 3022 892 3091 ῂ
920 3021 1244 3091 παράθεσις,
1277 3021 1396 3083 πῶς
1433 3038 1598 3090 φασιν
1623 3020 1704 3073 ὃτι
1734 3019 1999 3090 ὁμότιμον

407 3109 540 3179 ἡμῖν
595 3126 776 3179 φαμεν
815 3110 908 3162 τὸν
950 3111 1186 3182 Χριστόν
1219 3127 1233 3176 ;
1271 3110 1405 3163 διότι
1430 3112 1490 3164 οὐ
1521 3111 1680 3182 φύσει
1703 3110 1851 3174 Υἱδν,
1880 3109 2000 3163 οὐδέ

409 3202 572 3255 αὑτὸν
622 3200 952 3269 Θεοῦ,ἀλλά
1005 3203 1189 3273 χάριτι
1246 3203 1606 3256 υίοθετεῖσθαι
1661 3201 1996 3273 δοξάζομενο

2099 699 2265 766 dona,
2288 716 2356 754 ex
2386 701 2590 771 quibus
2618 701 2948 773 Unigenitus
2979 717 3010 756 a
3040 705 3198 758 Patre
3222 704 3406 760 dictus
3435 717 3542 761 est.
3562 705 3688 762 llaec

2098 807 2232 846 vero
2262 801 2415 858 sunt,
2465 793 2709 863 primum
2743 793 2968 863 quidem
3003 809 3070 848 ex
3103 796 3320 851 cunctis
3367 797 3689 854 visibilibus

2099 893 2156 939 et
2184 884 2562 940 invisibili-bus
2606 887 2881 941 creaturis
2922 898 3208 957 separatus
3249 897 3305 943 et
3347 890 3560 944 electus
3603 898 3687 943 est

2100 976 2267 1032 simul
2311 992 2375 1032 ac
2421 977 2549 1042 fuit,
2576 987 2628 1033 et
2663 994 2784 1033 esse
2822 979 2996 1033 Filius
3029 981 3200 1050 gratia
3230 981 3430 1052 dignus
3460 982 3689 1038 habitus

2100 1075 2221 1124 est:
2258 1070 2493 1139 perinde
2522 1086 2587 1124 ac
2626 1071 2671 1125 si
2712 1070 2860 1125 ﬁlius
2891 1071 3035 1142 regis
3065 1072 3120 1126 in
3152 1088 3399 1142 purpura
3439 1075 3684 1144 genitus,

2101 1170 2198 1218 aut
2227 1163 2410 1219 adhuc
2453 1165 2511 1218 in
2553 1173 2746 1220 ventre
2788 1165 2983 1220 matris
3019 1176 3339 1230 coronatus,
3374 1167 3688 1237 praecincta:

2103 1255 2298 1310 matris
2323 1271 2583 1310 coronam
2613 1258 2911 1327 acciperet,
2938 1257 3085 1326 quod
3121 1257 3183 1312 ﬁt
3213 1273 3376 1328 saepe.
3397 1259 3476 1313 Ita
3494 1261 3688 1315 unitus

2101 1359 2187 1406 est
2216 1352 2328 1406 Deo
2355 1351 2540 1408 Verbo
2586 1368 2614 1406 a
2661 1353 2836 1422 prima
2867 1350 3045 1422 ipsius
3092 1351 3397 1415 creatione,
3427 1361 3486 1408 et
3513 1354 3688 1409 Filius

2103 1445 2415 1514 appellatus
2441 1453 2528 1500 est
2563 1460 2674 1499 non
2713 1452 2942 1515 propter
2975 1445 3282 1500 secundum
3308 1461 3410 1500 nos
3442 1446 3686 1501 ﬁliorum

2103 1532 2480 1600 adoptionem,
2525 1532 2623 1587 sed
2656 1543 2718 1586 ut
2751 1533 2934 1589 Verbo
2969 1533 3162 1589 unitus
3208 1534 3276 1588 ad
3309 1534 3460 1590 illius
3507 1536 3685 1589 mani-

2105 1624 2486 1679 festationem:
2538 1632 2596 1679 et
2646 1625 2796 1680 illius
2851 1642 3144 1696 personam
3191 1629 3458 1694 retinens,
3512 1626 3688 1698 ipsius

2104 1716 2397 1780 honorem,
2429 1717 2608 1787 ipsius
2631 1717 2862 1789 gloriam
2892 1735 3005 1790 prae
3037 1734 3097 1776 se
3135 1719 3359 1776 ferens:
3385 1729 3442 1774 et
3479 1740 3499 1773 ι
3541 1719 3683 1776 Con-

2105 1809 2286 1862 stituit
2311 1809 2380 1862 ad
2393 1808 2679 1865 dexteram
2703 1809 2824 1877 Dei,
2855 1810 2910 1864 in
2935 1811 3260 1867 cmlestibus
3284 1825 3447 1881 supra
3464 1827 3688 1866 omnem

2105 1902 2478 1972 principatum
2498 1911 2555 1958 et
2577 1903 3012 1958 dominationem
3029 1913 3084 1958 et
3108 1913 3459 1974 potestatem,
3479 1920 3686 1961 nomen

2103 1995 2315 2049 habens
2345 1997 2520 2066 majus
2560 1995 2712 2050 omni
2765 1998 2989 2051 nomine
3022 1997 3169 2066 quod
3200 1997 3539 2062 nominatur,
3571 2012 3686 2052 non

2102 2088 2280 2142 solum
2325 2087 2382 2142 in
2426 2088 2535 2144 hoc
2574 2088 2797 2155 saeculo,
2825 2089 2921 2144 sed
2951 2089 3118 2143 etiam
3151 2090 3207 2144 in
3237 2090 3425 2144 futuro
3444 2089 3519 2144 “:
3560 2110 3578 2142 ι
3609 2089 3685 2144 ita

2110 2204 2126 2232 ο
2171 2189 2230 2236 ιιι
2279 2180 2335 2235 in
2371 2181 2598 2235 nomine
2630 2181 2758 2236 Jesu
2793 2196 2957 2235 omne
3021 2198 3166 2252 genu
3213 2181 3468 2236 ﬂectatur
3513 2189 3689 2237 terre-

2101 2274 2324 2338 strium,
2367 2273 2675 2329 cmlcstium
2699 2284 2754 2329 et
2777 2274 3123 2329 infernarum
3145 2275 3221 2329 “'z
3260 2294 3277 2328 ι
3327 2275 3511 2329 omnia
3537 2275 3688 2330 enim

2100 2365 2432 2436 simpliciter
2479 2367 2718 2436 subjecit
2769 2365 2872 2422 sub
2933 2367 3173 2437 pedibus
3211 2368 3334 2438 ejus
3356 2366 3438 2422 νε
3489 2377 3545 2422 et
3587 2381 3690 2435 per

2102 2457 2285 2528 ipsum
2322 2458 2515 2513 divino
2532 2459 2740 2524 Verbo,
2766 2459 2928 2529 cujus
2950 2475 3245 2528 personam
3276 2461 3482 2513 retinet
3504 2465 3561 2512 et
3590 2471 3690 2526 per

2103 2551 2270 2606 istum
2317 2552 2468 2607 Patri
2525 2552 2595 2606 ab
2649 2553 2770 2622 ipso
2823 2551 3180 2623 inseparabili
3231 2553 3393 2607 simul
3453 2559 3508 2606 et
3563 2566 3690 2605 cum

2103 2646 2313 2716 Spiritu
2347 2654 2540 2702 saneto
2563 2645 2888 2717 participat:
2913 2655 2970 2702 et
2999 2647 3074 2701 ita
3107 2646 3383 2701 mediator
3403 2654 3488 2700 est
3513 2643 3608 2699 Dei
3636 2653 3694 2698 et

2102 2739 2493 2794 hominum”:
2548 2739 2688 2794 nihil
2737 2749 2922 2795 autem
2986 2739 3224 2810 amplius
3282 2739 3388 2809 ipsi
3447 2753 3691 2808 unquam

2102 2833 2433 2903 praebebunt
2489 2832 2585 2902 qui
2643 2843 2898 2888 asserunt
2962 2831 3362 2903 compositione
3411 2829 3578 2887 Verbi
3635 2838 3694 2884 et

2103 2923 2354 2979 hominis
2408 2923 2690 2979 Christum
2749 2923 3101 2979 substitisse:
3153 2924 3198 2978 si
3268 2939 3402 2978 vero
3459 2924 3693 2978 istarum

2104 3015 2345 3069 ﬁliorum
2386 3016 2748 3085 adoptionum
2781 3015 2899 3070 ﬁeri
2927 3016 3118 3086 nequit
3163 3016 3524 3086 comparatio,
3554 3031 3693 3086 quo-

2102 3106 2273 3160 modo
2306 3106 2502 3160 dicunt
2530 3121 2635 3162 nos
2663 3106 2855 3161 dicere
2908 3107 3030 3177 pari
3082 3107 3296 3162 honore
3339 3123 3404 3162 ac
3437 3122 3539 3161 nos
3570 3122 3696 3162 esse

2102 3198 2430 3254 Christum?
2464 3200 2596 3254 Ideo
2661 3216 2770 3254 non
2822 3210 3020 3254 natura
3064 3200 3290 3267 Filium,
3342 3216 3453 3254 non
3511 3200 3695 3270 ipsum

409 3291 534 3346 οὔτε
566 3292 778 3364 γὰρτὸ,
811 3293 959 3358 υἱοὺς
991 3293 1271 3362 λέγεσθαι,
1297 3293 1418 3347 οὐδὲ
1470 3293 1532 3346 τὸ
1577 3295 1761 3364 χάριτι
1817 3292 1997 3348 υἱοθε-

2107 3293 2226 3356 Dei,
2253 3293 2346 3348 sed
2371 3293 2548 3364 gratia
2561 3293 2759 3348 Filium
2786 3293 3038 3364 adoptari
3064 3294 3392 3363 opinamur:
3411 3309 3522 3346 non
3545 3293 3695 3348 enim

408 3384 641 3445 τεῖσθαι,
673 3385 807 3448 τούς
856 3402 914 3438 τε
964 3384 1286 3455 ἀνθρώπους
1341 3385 1553 3449 πάντας
1579 3387 1672 3439 καὶ
1716 3387 1844 3449 τοὺς
1869 3386 1999 3439 ’Ῐουο

409 3475 595 3538 δαίους
643 3476 740 3528 καὶ
780 3476 908 3539 τοὺς
960 3477 1351 3547 Χριστιανοὺς,
1400 3476 1496 3529 καὶ
1537 3477 1630 3531 τὸν
1669 3477 1906 3547 Χριστὸν
1942 3481 2000 3530 ἐν

410 3566 599 3638 ὀλίγῳ,
629 3567 661 3639 ἢ
693 3569 843 3636 παρά
870 3567 932 3621 τὸ
969 3568 1171 3640 μᾶλλον
1199 3571 1296 3622 καὶ
1321 3564 1485 3641 ἦττον
1508 3567 1622 3640 ἔχει
1671 3569 1772 3641 τὴν
1815 3569 2003 3640 διαφο-

415 3661 514 3732 ρὰν
537 3660 828 3716 δέδεικται.

487 3753 632 3824 Πρὸς
675 3752 801 3808 τάδε
839 3750 931 3808 οῦν
962 3754 1143 3809 πάντα
1177 3756 1276 3810 σὺν
1305 3754 1424 3826 Θεῷ
1469 3773 1672 3827 φαμεν,
1718 3756 1799 3810 ὅτι
1833 3755 2003 3820 ὅντως

416 3844 653 3916 διαφορά
677 3845 794 3899 ἐστι
818 3846 989 3900 τῶνδε
1026 3847 1137 3901 τῶν
1163 3850 1304 3903 κατά
1333 3849 1496 3921 χάριν
1525 3848 1784 3902 δοθεισῶν
1825 3849 2004 3902 υἱοθε-

427 3938 582 3990 σιῶνο
612 3936 664 3991 τί
692 3933 784 3992 οὖν
819 3956 991 4008 φατε;
1027 3941 1060 4010 ἠ
1104 3940 1421 4013 καθ”“ἡμόίς
1462 3942 1588 4004 τοὺς
1639 3941 2004 4011 Χριστιανοὺς

415 4027 680 4096 υἱοθεσία,
713 4032 1126 4100 πνευματικοίις
1153 4030 1262 4084 ἀπὸ
1287 4032 1560 4101 σαρκικῆς
1589 4030 1806 4101 φύσεως
1839 4047 2007 4100 μετα-

414 4120 644 4175 ποιοῦσα
679 4123 737 4174 ἐν
757 4121 836 4193 τῷ
867 4123 1134 4192 μέλλοντι,
1165 4126 1262 4177 καὶ
1297 4123 1604 4186 ἀθανάτους
1647 4124 1770 4177 ἀντὶ
1796 4123 2008 4193 θνητῶν

412 4210 691 4275 δεικνῦσα,
717 4213 813 4265 καὶ
844 4213 1166 4282 ἐλευθέρους
1195 4214 1292 4284 τὴν
1317 4215 1483 4284 φύσιν
1513 4216 1634 4269 ἀντὶ
1662 4213 1884 4279 δούλων,
1913 4215 2009 4268 καὶ

415 4302 656 4372 ἀφόϐους
687 4304 790 4374 τὴν
829 4304 976 4375 ζωὴν
1010 4307 1191 4359 πᾶσαν
1217 4308 1345 4371 τοὺς
1372 4308 1430 4360 ἐν
1471 4305 1647 4376 θλίψει
1680 4307 1777 4360 καὶ
1810 4307 1868 4358 ἐν
1893 4305 2011 4360 ὀδό-

415 4413 534 4460 ναις
569 4397 675 4450 ἀεί·
706 4398 800 4451 καὶ
824 4399 882 4450 ἐν
913 4399 1188 4471 εὐμαρείᾳ
1241 4400 1367 4462 τοὺς
1397 4401 1456 4453 ἐν
1485 4398 1882 4470 περισπασμῷ,
1913 4399 2011 4452 καὶ

414 4491 839 4562 ἀναμαρτήτους
888 4493 982 4545 τὸν
1023 4493 1139 4564 βίον
1167 4494 1288 4547 ἀντὶ
1318 4493 1683 4565 ἁμαρτωλῶν,
1725 4494 1820 4548 καὶ
1846 4493 2011 4564 ὰτρέο

415 4599 587 4646 πτους
626 4583 746 4635 ἀντὶ
773 4583 1025 4655 τρεπτῶν
1054 4584 1151 4655 τὴν
1198 4586 1413 4652 οὐσίαν,
1467 4586 1543 4650 ὡς
1588 4585 1725 4657 μηδὲ
1783 4586 2010 4655 δυνάμει

2104 3386 2250 3441 inter
2297 3386 2439 3441 ﬁlios
2495 3385 2606 3441 dici
2660 3395 2718 3442 et
2768 3386 2942 3458 gratia
2993 3386 3137 3442 ﬁlios
3191 3386 3446 3457 adoptari
3503 3400 3699 3441 omnes

2103 3479 2358 3534 homines
2395 3489 2453 3535 et
2477 3479 2696 3536 Iudaeos
2722 3487 2779 3535 et
2803 3479 3159 3535 Christianos
3187 3489 3243 3534 et
3268 3479 3554 3534 Christum
3590 3480 3698 3534 sub

2105 3587 2275 3641 parvo
2304 3580 2582 3642 respectu.
2612 3587 2723 3626 non
2746 3571 2968 3627 exsistit
2995 3571 3063 3627 ad
3095 3572 3216 3641 plus
3232 3581 3289 3628 et
3321 3571 3509 3626 minus
3538 3569 3704 3626 dill‘e-

2107 3663 2308 3727 rentia,
2345 3671 2406 3717 ut
2440 3672 2816 3718 monstratum
2845 3672 2952 3718 est.

2181 3756 2392 3810 Praeter
2413 3755 2531 3810 haec
2555 3755 2724 3826 igitur
2749 3755 2936 3810 omnia
2981 3771 3106 3811 cum
3160 3756 3274 3810 Deo
3305 3755 3544 3811 dicimus
3565 3771 3700 3810 vere

2105 3863 2229 3903 esse
2254 3847 2626 3902 differentiam
2647 3847 2931 3903 interillas
2954 3847 3260 3903 secundum
3285 3849 3516 3919 gratiam
3542 3847 3702 3902 datas

2109 3940 2348 3996 ﬁliorum
2379 3938 2744 4009 adoptiones:
2772 3939 2907 4009 quid
2955 3938 3126 4009 igitur
3173 3939 3402 3994 dicitis?
3431 3938 3700 3993 Filiorum

2108 4033 2334 4102 adoptio
2365 4032 2510 4102 apud
2542 4048 2646 4088 nos
2676 4031 3046 4097 Christianos,
3084 4031 3402 4103 spirituales
3430 4049 3460 4086 a
3489 4031 3702 4086 carnali
3770 4020 3780 4030 ’

2108 4133 2306 4178 natura
2331 4123 2577 4179 eﬁiciens
2610 4123 2666 4178 in
2705 4121 2920 4188 futuro,
2945 4132 3003 4178 et
3044 4123 3387 4178 immortales
3417 4139 3519 4193 pro
3550 4138 3704 4177 mor-

2111 4217 2316 4271 talibus
2344 4215 2670 4282 ostendens,
2705 4225 2762 4271 et
2793 4223 2994 4270 natura
3035 4215 3245 4269 liberos
3286 4229 3388 4284 pro
3418 4214 3614 4277 servis,
3645 4221 3704 4268 et

2111 4310 2231 4364 sine
2251 4310 2450 4364 timore
2467 4325 2568 4379 per
2586 4317 2754 4364 totam
2772 4313 2943 4364 vitam
2965 4308 3322 4364 tribulatione
3340 4316 3397 4363 et
3412 4307 3704 4363 doloribus

2112 4419 2334 4473 semper
2363 4402 2701 4467 laborantes,
2725 4411 2782 4458 et
2817 4402 2874 4456 in
2905 4401 3316 4472 tranquillitate
3343 4400 3437 4470 qui
3464 4409 3622 4455 erant
3646 4401 3702 4455 in

2113 4496 2404 4566 angustiis,
2455 4504 2511 4550 et
2561 4495 2888 4550 innocentes
2919 4511 3022 4565 pro
3058 4493 3468 4564 peccatoribus,
3500 4502 3556 4548 et
3602 4492 3705 4548 im-

2113 4587 2411 4642 mutabiles
2451 4602 2556 4658 pro
2582 4585 2947 4641 mutabilibus
2971 4585 3278 4642 secundum
3308 4584 3702 4651 substantiam,

418 4674 562 4744 ἕχειν
592 4675 781 4730 λοιπὸν
806 4678 868 4730 τὸ
899 4677 1170 4749 σφαλερὸν
1218 4678 1285 4732 δι’
1312 4673 1373 4733 οὗ
1407 4678 1469 4731 τὸ
1513 4679 1810 4751 τιμωρίαις
1836 4678 2003 4732 ὑπεύ-

2117 4679 2195 4734 ita
2229 4688 2292 4734 ut
2319 4678 2585 4749 deinceps
2611 4694 2724 4732 non
2752 4679 2932 4749 possit
2973 4693 3271 4734 occurrere
3303 4677 3436 4749 quid
3483 4676 3708 4748 pericu-

419 4770 612 4822 θυνον’
659 4765 771 4841 ἆρά
822 4786 886 4838 γε
947 4770 1236 4841 διαφόρους
1273 4773 1422 4825 ποιεῖ
1470 4773 1592 4825 κατ’
1637 4773 1827 4825 οὐσίαν
1879 4773 2006 4835 τοὺς

425 4863 685 4932 μετόχους
733 4865 937 4934 αὐτῆς,
991 4865 1144 4934 παρά
1208 4867 1336 4930 τοὺς
1398 4868 1664 4938 μετόχους
1713 4868 1813 4938 τῆς
1876 4866 2009 4920 Ἰου-

423 4952 612 5025 δαϊκῆς
675 4955 990 5021 υἱοθεσίας,
1059 4957 1182 5028 ἥτις
1249 4956 1478 5029 θνητοὺς
1533 4957 1614 5011 ἔτι
1687 4959 1784 5012 καὶ
1847 4975 2011 5011 πται-

420 5049 582 5111 στοὺς
636 5048 730 5100 καὶ
794 5047 1016 5112 δούλους
1072 5050 1167 5103 καὶ
1222 5050 1520 5119 ἐμφόὸους,
1581 5052 1675 5104 καὶ
1734 5067 2012 5121 τιμωρουο

424 5141 642 5211 μένους,
695 5141 794 5194 καὶ
843 5141 902 5193 ἐν
965 5140 1201 5212 πληγαῖς
1251 5141 1494 5195 δείκνυσι
1555 5144 1681 5206 τοὺς
1741 5143 1862 5195 κατ’
1910 5143 2011 5196 αὑ-

420 5235 548 5296 τοὺς
576 5233 1049 5305 υίοθετουμένους⁹
1083 5234 1114 5305 ἢ
1148 5234 1306 5304 οὐχί;
1341 5236 1388 5288 εἰ
1417 5234 1475 5288 δέ
1525 5236 1746 5298 πάντως
1788 5234 1848 5288 τὸ
1876 5235 2014 5289 ἀθά-

421 5342 580 5377 νατον
612 5322 750 5388 ζῶον
781 5327 874 5379 καὶ
909 5325 1201 5398 ἄτρεπτον,
1230 5328 1325 5379 καὶ
1356 5327 1427 5381 τά
1475 5326 1639 5380 λοιπά
1671 5326 2011 5398 ὲτεροούσιον

419 5417 516 5470 τοῦ
539 5419 738 5490 θνητοῦ
767 5421 861 5474 καὶ
887 5419 1126 5490 τρεπτοῦ
1159 5420 1255 5473 καλ⁵
1275 5421 1344 5473 τὰ.
1373 5421 1536 5492 ὃμοια
1568 5421 2012 5492 ἐπιδεδειγμένου

423 5511 563 5576 ἐστὶ,
599 5512 908 5582 σκοπητέον
948 5510 1135 5564 λοιπὸν
1171 5513 1266 5565 καὶ
1298 5515 1398 5584 τὴν
1444 5513 1588 5567 κατά
1633 5514 1870 5584 Χριστὸν
1899 5515 2014 5566 υἱο-

423 5601 634 5656 θεσίαν·
663 5599 772 5673 ἆρα
791 5621 855 5672 γε
881 5605 980 5658 οὐκ
1011 5605 1219 5658 εἴποιτε
1249 5608 1345 5658 καὶ
1371 5606 1542 5674 αὐτὴν
1563 5604 1816 5658 τοσοῦτον
1847 5605 2016 5676 ὕπερ-

373 5683 380 5708 ⁴
424 5691 571 5763 ἐχειν
600 5692 702 5762 τῆς
736 5693 860 5746 καθ’
892 5695 1039 5765 ἡμᾶς
1091 5696 1217 5758 τοὺς
1265 5694 1489 5757 λοιποὺς
1519 5695 1844 5768 ἀνθρώπους
1873 5695 2016 5765 Χρι-

424 5787 676 5851 στιανοὺς
711 5787 1005 5855 υἱοθεσίας,
1035 5789 1138 5842 κᾶν
1161 5789 1284 5842 ὅσον
1312 5805 1376 5857 γε
1407 5790 1440 5857 ἡ
1464 5789 1714 5860 ἡμετέρα
1740 5787 1841 5857 τῆς
1881 5787 2010 5841 ’1ου-

496 5946 542 5978 ⁴⁵⁶
583 5947 785 6017 Ephcs.
815 5965 850 6013 I,
883 5948 971 6003 9.0.
1052 5947 1357 6018 “Philipp.
1401 5967 1459 6004 ιι.
1493 5947 1575 6004 10.

1658 5950 1698 5981 ³⁷
1728 5947 1934 6019 Ephes.
1959 5947 2098 6015 1,22,
2127 5948 2218 6000 “ll.

2111 4770 2296 4826 losum
2319 4780 2617 4841 propterea
2640 4771 2790 4840 quod
2808 4769 3099 4841 suppliciis
3121 4769 3257 4823 nihil
3280 4769 3350 4823 sit
3369 4767 3705 4823 obnoxium:

2113 4877 2258 4917 anne
2292 4863 2617 4918 diﬂ'erentes
2651 4862 2785 4918 facit
2815 4863 3122 4918 secundum
3157 4859 3528 4916 substantiam
3577 4875 3707 4929 par—

2118 4955 2317 5025 ticipes
2366 4956 2548 5027 ipsius
2571 4971 2599 5009 a
2624 4955 2996 5026 participibus
3027 4954 3272 5010 Judaicze
3305 4953 3545 5006 ﬁliorum
3575 4949 3709 5004 ado-

2116 5046 2346 5115 ptionis,
2380 5063 2503 5116 qua:
2527 5047 2791 5101 mortales
2825 5046 3009 5100 adhuc
3037 5053 3095 5099 et
3123 5046 3388 5114 deceptos
3435 5050 3491 5096 et
3515 5055 3708 5095 servos

2115 5147 2173 5193 et
2203 5137 2548 5202 terrel‘actos,
2577 5146 2634 5193 et
2663 5138 2919 5202 alﬁictos,
2942 5145 2999 5192 et
3023 5139 3078 5191 in
3097 5137 3272 5207 plagis
3290 5134 3536 5188 ostendit
3561 5131 3707 5202 apud

2119 5229 2273 5301 ipsos
2319 5231 2375 5285 in
2426 5229 2781 5299 adoptionem
2847 5238 3122 5299 receptos,
3177 5245 3247 5282 an
3303 5225 3542 5281 non?Si
3574 5241 3709 5280 vero

2117 5323 2347 5377 omnino
2371 5322 2685 5378 immortale
2712 5322 2910 5376 vivens
2937 5330 2992 5376 et
3016 5320 3359 5375 immutabile
3383 5326 3439 5374 et
3470 5318 3708 5388 reliqua,

2116 5415 2347 5470 alterius
2374 5425 2461 5470 est
2487 5413 2814 5470 substantiae
2833 5428 2899 5468 ac
2921 5413 3068 5484 quod
3099 5413 3334 5468 mortale
3359 5421 3409 5466 et
3446 5410 3712 5466 mutabile

2116 5514 2173 5560 et
2203 5505 2427 5570 similia,
2469 5505 2788 5568 exhibetur,
2832 5505 3238 5560 consideranda
3301 5513 3386 5559 est
3447 5503 3712 5572 deinceps

2121 5597 2267 5666 apud
2301 5597 2583 5653 Christum
2639 5597 2878 5653 ﬁliorum
2928 5597 3188 5667 adoptio:
3226 5598 3421 5653 Nonne
3450 5595 3714 5651 diceretis

2120 5698 2179 5746 et
2209 5692 2382 5761 ipsam
2417 5699 2630 5745 tantum
2666 5690 2937 5746 excellere
2967 5689 3207 5745 ﬁliorum
3240 5689 3536 5759 adoptione
3563 5687 3711 5756 apud

2122 5801 2225 5841 nos
2255 5795 2484 5841 caeteros
2528 5784 2786 5842 homines
2835 5783 3192 5850 christianos,
3222 5794 3492 5854 quantum
3523 5789 3724 5838 nostra

2300 5947 2340 5977 ⁵⁵⁸
2364 5947 2388 6001 1
2414 5946 2554 6000 'l'tm.
2593 5962 2648 6008 ll,
2683 5946 2731 6001 ὃ.
