4116 6484
505 475 632 538 lb3l

1769 474 2079 539 LEONTII
2122 479 2532 551 ΒΥΖΑΝἸἾΝῙ

3641 481 3780 549 1632

497 589 754 656 .ludaica,
779 607 849 646 ne
886 591 1066 648 dicam
1098 591 1230 662 quid
1263 591 1548 664 amplius?
1577 592 1635 648 Si
1668 593 1818 648 enim
1849 609 1960 647 non
1995 609 2092 648 ex-

2212 599 2410 674 ia'ixijg,
2444 600 2531 656 ἵνα
2585 601 2661 672 μὴ
2714 600 2859 668 λέγω
2913 616 2968 652 τι
3018 599 3240 665 πλεῖον;
3297 600 3348 653 εί
3391 599 3490 670 μὲν
3519 598 3627 672 γὰρ
3685 601 3784 672 οὐχ

500 683 672 747 cellit,
702 699 833 738 ecce
867 685 1013 755 apud
1042 701 1144 740 nos
1176 687 1231 740 in
1269 685 1548 757 dignitate
1583 684 1763 741 solum
1791 685 2092 740 Christiani

497 773 756 830 Christus
797 784 916 831 est:
945 777 990 832 si
1015 792 1150 832 vero
1181 779 1456 833 excellere
1485 793 1606 832 eam
1634 778 1860 832 omnino
1885 777 2091 841 dicitis,

500 869 646 922 sicut
703 878 760 923 et
815 870 931 940 jam
996 871 1370 934 concessistis,
1429 878 1581 924 certe
1636 867 1988 939 superiorem
2039 874 2096 922 et

501 963 682 1032 ipsum
717 963 905 1020 effecit
931 974 1119 1019 nostra
1152 965 1460 1019 substantia
1494 975 1706 1019 tantum
1737 971 2010 1034 quantum
2038 968 2094 1016 et

500 1071 602 1109 nos
649 1055 840 1111 ﬁdeles
894 1057 1211 1112 infidelibus
1264 1057 1587 1128 superiores
1649 1057 1850 1112 efliciet
1905 1063 2094 1110 nostra

501 1148 742 1202 filiorum
776 1148 1027 1220 adoptio.

568 1239 840 1312 Superior
870 1242 1041 1312 igitur
1072 1241 1236 1298 nobis
1274 1241 1620 1306 hominibus,
1651 1250 1708 1297 et
1743 1240 1882 1312 ipsis
1927 1239 2094 1310 spiri-

500 1332 746 1387 tualibus
758 1333 1092 1400 Christianis
1109 1333 1415 1390 secundum
1433 1332 1801 1389 substantiam
1815 1330 2092 1395 Christus,

503 1423 637 1495 quid
688 1423 855 1494 igitur
903 1427 1013 1480 erit
1068 1426 1380 1482 secundum
1436 1425 1733 1480 naturam?
1785 1423 1896 1478 Aut
1943 1430 2096 1477 certe

504 1517 794 1572 cherubim
842 1527 939 1572 aut
985 1519 1235 1590 angelus,
1290 1528 1388 1574 aut
1435 1518 1639 1588 aliquis
1682 1532 1750 1571 ex
1784 1515 2098 1586 legionibus

503 1626 627 1680 qua:
661 1619 791 1665 sunt
850 1611 906 1664 in
962 1611 1169 1674 medio,
1228 1620 1325 1665 aut
1370 1612 1517 1665 Deus
1566 1623 1698 1664 vere
1757 1607 2096 1663 necessario.

501 1701 639 1756 Cum
691 1701 859 1772 igitur
901 1701 1158 1771 angelum
1199 1699 1314 1754 ﬁeri
1365 1699 1546 1771 ipsum
1584 1697 1899 1753 secundum
1965 1695 2098 1751 sub-

505 1793 788 1859 stantiam,
834 1794 903 1847 ab
937 1792 1200 1847 omnibus
1229 1790 1551 1846 omnimode
1589 1790 1968 1861 improbatum
2003 1788 2097 1853 sit,

505 1897 607 1944 eta
629 1889 1066 1960 vobismetipsis,
1106 1888 1270 1944 fallax
1293 1887 1406 1942 erit
1445 1895 1541 1941 aut
1572 1884 1893 1939 humanitas
1932 1881 2096 1937 Verbi

2198 695 2480 766 ὑπερέχει,
2520 695 2632 749 ἰδοὺ
2667 689 2790 748 καθ’
2816 694 2966 765 ἡμᾶς
3006 695 3064 746 ἐν
3103 691 3231 764 ἀξία
3259 691 3421 761 μόνον
3453 693 3786 762 Χριστιανοῦ

2194 790 2223 840 ὁ
2253 790 2488 859 Χριστός
2518 791 2666 842 ἐστιν
2689 804 2702 819 ·
2732 790 2781 842 εί
2814 789 2871 842 δὲ
2905 787 2966 841 τὸ
3001 785 3294 858 ὑπερέχειν
3347 785 3520 856 αὐτὴν
3565 786 3786 850 πάντως

2196 880 2355 950 φατὲ,
2393 878 2576 943 καθὼς
2622 879 2714 932 καὶ¹
2766 879 2867 951 ἤδη
2907 877 3201 942 δεδώκατε,
3255 876 3363 948 ἄρα
3397 893 3462 944 γε
3505 875 3789 946 κρείττονα

2197 975 2292 1027 καὶ
2328 973 2494 1028 αὐτὸν
2523 971 2793 1040 πεποίηκε
2839 971 2940 1040 τῆς
2967 969 3091 1023 καθ’
3127 971 3274 1040 ημᾶς
3310 968 3499 1031 οὐσίας
3532 967 3790 1021 τοσοῦτον

2195 1067 2321 1119 ὅσον
2349 1065 2446 1119 καὶ
2479 1067 2627 1136 ἡμᾶς
2655 1064 2784 1128 τούς
2809 1063 3033 1128 πιστοὺς
3056 1061 3164 1116 τῶν
3197 1062 3448 1116 ἀπίστων
3473 1060 3793 1131 κρείττονας

2197 1161 2418 1230 ποιήσει
2443 1159 2478 1228 ἡ
2508 1156 2756 1229 ἡμετέρα
2785 1155 3048 1210 υἱοθεσία.

2267 1249 2550 1318 Κρείττων
2583 1243 2676 1301 οὖν
2725 1246 2887 1316 ἡμῶν
2937 1246 3046 1298 τῶν
3094 1244 3424 1316 ανθρώπων,
3478 1245 3575 1299 καὶ
3615 1243 3792 1298 αὐτῶν

2197 1341 2307 1395 τῶν
2330 1340 2721 1411 πνευματικῶν
2751 1337 3098 1409 Χριστιανῶν
3129 1340 3250 1393 κατ’
3282 1338 3473 1392 οὐσίαν
3503 1335 3579 1392 ῶν
3602 1339 3633 1390 6
3656 1336 3789 1404 Χρι-

2199 1433 2345 1500 στὸς,
2381 1435 2432 1488 τί
2463 1433 2572 1506 ἄρα
2602 1432 2754 1487 ἔσται
2783 1430 2883 1502 τὴν
2936 1430 3134 1500 φύσιν;
3180 1431 3214 1502 ἢ
3245 1431 3354 1502 γὰρ
3402 1429 3690 1501 Χερουϐὶμ
3716 1467 3732 1492 ,
3761 1427 3793 1496 ἢ

2198 1526 2456 1597 ἅγγελος,
2493 1525 2528 1596 ἡ
2565 1541 2620 1578 τι
2653 1523 2762 1578 τῶν
2793 1524 2851 1577 ὲν
2901 1523 3052 1594 μέσῳ
3071 1521 3388 1594 ταγμάτων,
3417 1520 3453 1593 ἢ
3497 1521 3635 1585 Θεὸς
3663 1521 3795 1591 άλη-

2199 1619 2309 1683 θῶς
2340 1617 2399 1685 ἐξ
2433 1618 2705 1687 ἀνάγκης·
2745 1615 2872 1670 ἐπεὶ
2901 1611 2995 1670 οὖν
3040 1616 3102 1668 τὸ
3135 1615 3370 1684 ἄγγελον
3400 1613 3666 1684 γενέσθαι
3696 1613 3796 1666 αὐ-

2197 1709 2290 1763 τὸν
2319 1708 2417 1780 τὴν
2449 1707 2662 1771 οὐσίαν,
2700 1708 2836 1761 πᾶσι
2877 1707 3056 1776 πάντη
3096 1702 3506 1775 ἀπαράδεκτον,
3538 1702 3636 1757 καὶ
3670 1702 3798 1773 ὑμῖν

2199 1803 2256 1856 δὲ
2303 1802 2488 1865 αὐτοῖς
2522 1799 2750 1871 (ψευδὴς
2779 1798 2890 1870 γὰρ
2919 1797 3073 1852 ἔσται
3095 1797 3131 1868 ἦ
3158 1814 3218 1851 τε
3259 1795 3680 1867 ὲνανθρώπησις
3705 1793 3796 1848 τοῦ

2202 1895 2400 1960 Λόγου,
2437 1892 2532 1945 καὶ
2565 1893 2599 1960 ή
2634 1890 2830 1954 θέωσις
2858 1890 2959 1960 τῆς
2995 1889 3221 1961 σαρκὸς,
3256 1889 3352 1942 καὶ
3392 1887 3461 1941 τά
3497 1886 3664 1940 λοιπά
3694 1887 3800 1941 τῶν

506 1990 602 2036 aut
651 1980 929 2036 deificatio
961 1981 1167 2044 carnis,
1199 1991 1255 2036 et
1287 1980 1505 2049 reliqua
1549 1977 1739 2031 omnia
1789 1990 1910 2045 quae
1953 1973 2101 2028 affir-

2212 1951 2416 2052 Λογιων
2446 1951 2625 2034 πάντα
2649 1980 2720 2035 τὰ
2764 1951 2894 2052 περὶ
2915 1951 3017 2051 τῆς
3040 1951 3404 2051 οἰκονομίας),
3428 1978 3649 2050 ἀνάγκη
3672 1977 3801 2031 Θεὸν

509 2082 663 2128 mant
699 2074 916 2144 eloquia
948 2073 1017 2128 de
1046 2073 1453 2136 incarnatione,
1482 2080 1538 2126 et
1567 2084 1798 2126 necesse
1821 2077 1908 2123 est
1929 2067 2102 2121 Deum

505 2167 688 2238 ipsum
741 2181 864 2222 esse
901 2166 1209 2223 secundum
1242 2164 1634 2229 substantiam,
1662 2163 1837 2233 gratia
1872 2162 2105 2232 hujusce

508 2261 749 2314 filiorum
768 2259 1088 2330 adoptionis
1105 2258 1173 2314 de
1191 2274 1300 2328 qua
1319 2255 1642 2326 loquimini,
1667 2254 1841 2309 Deum
1860 2253 2103 2307 factum:

507 2368 671 2407 omne
698 2367 832 2406 vero
869 2352 1017 2422 quod
1053 2351 1188 2405 facit
1216 2349 1426 2420 aliquid
1457 2349 1636 2420 majus
1661 2355 1747 2403 est
1779 2361 1847 2401 eo
1874 2344 2022 2416 quod
2048 2343 2108 2398 fit

504 2445 577 2499 ab
607 2445 765 2515 ipso:
805 2444 1061 2514 profecto
1103 2443 1273 2513 igitur
1313 2441 1493 2512 gratia
1540 2442 1682 2510 ipsa.
1726 2439 1902 2509 major
1929 2447 2016 2492 est
2051 2447 2108 2491 et

505 2538 694 2592 divina
744 2553 908 2607 quam
960 2537 1079 2606 ipsa
1118 2535 1250 2589 fecit
1280 2533 1629 2589 substantia:
1667 2547 1801 2604 ergo
1837 2542 1894 2587 et
1919 2532 2108 2586 divina

509 2632 778 2702 largiente
811 2629 985 2700 ipsam
1018 2628 1252 2699 gratiam
1295 2625 1632 2690 substantia,
1678 2625 1885 2695 quippe
1921 2641 1950 2678 a
1997 2625 2108 2678 Deo

505 2723 816 2794 gratificata
847 2721 951 2776 fuit
977 2740 989 2773 :
1022 2721 1171 2791 quod
1197 2721 1348 2776 enim
1381 2736 1494 2774 uno
1525 2735 1555 2773 e
1580 2718 1801 2773 duobus
1833 2717 2109 2774 similibus

508 2826 564 2870 et
608 2816 916 2885 aequalibus
961 2815 1225 2885 superius
1278 2820 1336 2868 et
1384 2812 1566 2882 majus
1613 2810 1860 2875 videtur,
1918 2818 2002 2865 est
2053 2818 2110 2864 et

508 2910 686 2962 altero
707 2908 1024 2962 on'mimode
1057 2905 1217 2977 quasi
1248 2906 1450 2961 lineari
1477 2905 1846 2960 necessitate:
1871 2905 1944 2959 ita
1975 2919 2110 2958 vero

508 3010 565 3056 et
623 3017 725 3056 nos
775 3001 953 3071 gratia
1009 3008 1066 3055 et
1120 3016 1232 3054 non
1290 3008 1492 3054 natura
1561 2998 1656 3053 filii
1700 2998 1821 3061 Dei,
1873 2999 2110 3069 majores

510 3095 720 3148 erimus
747 3094 862 3147 Deo
888 3092 1196 3148 secundum
1224 3093 1614 3156 subSIanliam,
1664 3101 1894 3161 propter
1938 3092 2112 3161 majo-

511 3201 625 3241 rem
654 3186 962 3241 substantia
994 3187 1229 3257 gratiam
1256 3205 1268 3240 :
1292 3201 1465 3255 quare
1499 3185 1667 3256 igitur
1693 3183 1900 3238 timetis
1925 3184 2110 3238 dicere

513 3280 838 3350 participem
890 3294 1013 3334 esse
1070 3277 1272 3333 divina:
1303 3277 1627 3333 substantia:
1660 3275 1986 3332 Christum?
2017 3275 2112 3329 Est

510 3371 741 3425 effector
775 3370 976 3424 divina:
1006 3379 1218 3424 natura:
1247 3385 1372 3440 qua:
1405 3377 1490 3424 est
1515 3367 1661 3438 apud
1695 3383 1794 3422 vos
1818 3376 1875 3422 et
1896 3365 2110 3420 naturis

513 3459 948 3530 superadditur:
1016 3459 1358 3514 effectricem
1421 3459 1597 3529 ipsius
1650 3468 1708 3513 et
1775 3472 1998 3511 causam
2055 3462 2113 3509 et

517 3555 779 3624 majorem
819 3554 945 3617 ista,
973 3552 1189 3608 scilicet
1218 3553 1454 3623 gratiam
1499 3551 1741 3606 filiorum
1794 3549 2113 3620 adoptionis

517 3641 619 3715 ipsi
645 3646 808 3708 datis,
837 3662 939 3701 nec
968 3644 1259 3707 veremini,
1281 3661 1313 3698 0
1338 3643 1531 3698 amici:
1563 3642 1660 3699 sed
1683 3658 1814 3697 vere
1839 3641 2111 3696 malorum

517 3736 694 3789 multo
735 3735 894 3805 pejus
943 3744 1002 3788 et
1042 3734 1342 3804 pessimum
1378 3733 1762 3787 machinantes
1795 3729 1900 3786 visi
1942 3729 2110 3784 estis:

516 3836 573 3883 et
600 3842 734 3880 vero
765 3843 876 3880 non
915 3826 1089 3880 videri
1142 3825 1296 3897 impii
1337 3841 1482 3891 esse,
1529 3839 1844 3895 quanquam
1875 3822 2117 3876 libenter

518 3918 642 3972 sitis
669 3918 847 3987 impii,
871 3918 1122 3987 qumritis
1151 3926 1399 3971 tantum:
1444 3931 1556 3969 non
1580 3915 1732 3969 enim
1763 3913 1919 3968 scitis
1953 3913 2114 3983 plane

428 4052 435 4057 .
520 4007 574 4060 in
621 4021 729 4075 quo
777 4006 1057 4076 praecellat
1112 4005 1271 4060 vobis
1309 4004 1570 4060 Christus
1613 4019 1778 4073 quem
1815 4018 1874 4057 re
1902 4001 2114 4056 nudum

520 4095 804 4149 hominem
860 4094 1168 4149 secundum
1195 4110 1294 4148 vos
1327 4108 1449 4147 esse
1497 4090 1871 4147 existimatis:
1910 4089 2116 4160 quippe

519 4186 750 4260 gratiam
786 4196 844 4241 et
884 4187 1152 4243 honorem
1183 4194 1240 4240 et
1290 4185 1545 4257 gloriam,
1598 4183 1824 4238 nomine
1873 4191 2112 4246 tantum,

521 4276 601 4335 illi
631 4281 886 4350 aptatis:
943 4279 1188 4335 Verbum
1245 4281 1456 4333 frustra
1516 4275 1892 4349 glorificantes
1950 4289 2116 4344 supra

521 4369 728 4424 Unione
767 4369 968 4424 divinae
1012 4377 1068 4424 et
1125 4369 1381 4423 humanae
1422 4379 1658 4428 naturae.
1701 4375 1757 4423 et
1794 4367 1920 4421 ideo
1947 4380 2115 4435 super

522 4461 907 4517 incarnatione
936 4460 1104 4517 Verbi
1139 4474 1194 4516 et
1216 4461 1571 4516 deificatione
1601 4459 1786 4515 carnis
1808 4459 2005 4529 ipsius.

593 4554 711 4608 Jam
737 4553 885 4608 enim
911 4561 968 4607 et
995 4553 1130 4607 illud
1175 4553 1589 4624 expendamus:
1614 4551 1903 4618 Quomodo
1930 4549 2116 4605 dicitis

2206 2075 2368 2128 αὐτὸν
2405 2069 2546 2126 εἶναι
2575 2073 2674 2143 τὴν
2700 2072 2921 2138 οὐσίαν,
2965 2074 3034 2142 τῇ
3073 2072 3256 2142 χάριτι
3298 2070 3462 2140 τῆσδε
3488 2072 3590 2141 τῆς
3619 2069 3799 2124 υίεθε-

2209 2167 2330 2228 σίας
2350 2166 2416 2236 ἦν
2443 2181 2582 2234 φατε
2612 2163 3022 2234 θεοποιηθέντα·
3049 2164 3159 2216 πᾶν
3179 2163 3237 2216 δὲ
3260 2163 3323 2216 τὸ
3355 2159 3541 2215 ποιοῦν
3567 2177 3644 2223 τι,
3680 2163 3801 2232 μεέ-

2208 2257 2300 2324 ζον
2334 2256 2428 2310 τοῦ
2457 2256 2782 2328 ποιουμένου
2813 2255 2905 2307 ὑπ’
2937 2253 3123 2308 αὐτοῦ·
3155 2255 3268 2325 ἄρα
3307 2253 3401 2307 οὖν
3435 2255 3469 2325 η
3507 2250 3673 2325 χάρις
3702 2250 3800 2306 αὖα

2208 2371 2299 2424 τη,
2339 2352 2544 2423 μείζων
2575 2353 2672 2405 καὶ
2703 2352 2803 2422 τῆς
2830 2350 3133 2422 γενομένης
3175 2351 3266 2404 ὐπ’
3297 2350 3472 2419 αὐτῆς
3520 2349 3674 2412 Θείας
3717 2346 3802 2399 οὐ·

2211 2447 2352 2508 σίας·
2394 2443 2591 2498 οὐκοῦν
2623 2444 2717 2498 καὶ
2747 2444 2845 2514 τῆς
2887 2444 3267 2515 χαρισαμένης
3301 2444 3470 2513 αὐτὴν
3505 2443 3605 2513 τὴν
3646 2441 3801 2512 χάριν

2210 2539 2361 2601 θείας
2393 2538 2618 2600 οὐσίας,
2658 2537 2820 2608 εἴπερ
2859 2537 2965 2590 ὑπὸ
2995 2535 3133 2590 Θεοῦ
3187 2537 3548 2606 κεχάρισται·
3589 2534 3650 2586 τὸ
3697 2533 3798 2601 γὰρ

2211 2633 2329 2696 ἐνὸς
2359 2632 2452 2686 δύο
2480 2631 2590 2683 τῶν
2617 2631 2821 2700 όμοίων
2857 2630 2951 2682 καὶ
3002 2627 3135 2680 ἴσων
3170 2629 3420 2697 κρεῖττον
3476 2625 3572 2677 καὶ
3621 2624 3800 2693 μεῖζον

2211 2724 2556 2796 φαινόμενον,
2585 2724 2680 2777 καὶ
2718 2720 2814 2776 τοῦ
2857 2720 3045 2792 ἑτέρου
3085 2719 3306 2782 πάντως
3333 2720 3684 2788 γραμμικαίς
3707 2716 3800 2768 άν-

2210 2818 2432 2886 άγκαις·
2469 2816 2613 2870 οὓτω
2643 2815 2697 2868 δὲ
2727 2813 2794 2868 ἂν
2837 2813 2934 2868 καὶ
2965 2813 3129 2884 ἡμεῖς
3157 2850 3172 2875 ,
3203 2811 3387 2883 χάριτι
3417 2810 3510 2863 καὶ
3555 2809 3618 2862 οὐ
3648 2807 3798 2878 φύσει

2209 2910 2366 2973 ὄντες
2393 2909 2500 2962 utet
2529 2905 2692 2973 Θεού,
2723 2904 2974 2978 μείζονες
2995 2899 3148 2975 ὦμεν
3177 2903 3313 2957 Θεοῦ
3342 2904 3442 2973 τὴν
3477 2901 3691 2964 οὐσίαν,
3717 2899 3798 2950 διὰ

2211 3005 2313 3075 τὴν
2347 3003 2572 3075 μείζονα
2602 3001 2702 3072 τῆς
2733 3001 2920 3064 οὐσίας
2955 3001 3136 3072 χάριν·
3170 2999 3223 3050 τί
3252 2997 3317 3067 δὴ
3348 2990 3440 3050 οὖν
3483 2992 3798 3048 εὐλαϐεῖσθε

2215 3090 2444 3162 μέτοχον
2475 3085 2813 3157 εἴναιλέγειν
2843 3088 2994 3151 θείας
3016 3086 3206 3150 οὐσίας
3237 3084 3628 3156 τὸν’Χριστόν;
3656 3099 3799 3152 ποιη-

2210 3181 2312 3250 τῆς
2341 3199 2400 3235 τε
2433 3179 2602 3252 οὔσης
2650 3180 2772 3234 καθ’
2798 3180 2944 3249 ὑμᾶς
2987 3178 3084 3233 καὶ
3138 3175 3544 3247 ἐπισυμὸαινού
3558 3191 3658 3243 σης
3686 3176 3799 3235 ταῖς

2137 3302 2182 3362 c
2216 3273 2411 3345 φύσεσι
2443 3276 2544 3345 τῆς
2589 3273 2742 3337 θείας
2774 3273 3012 3342 φύσεως·
3043 3269 3144 3342 τὴν
3175 3267 3466 3340 ποιητικὴν
3499 3266 3676 3336 αὐτῆς
3716 3264 3800 3316 καί

2217 3367 2402 3423 αἰτίαν
2455 3368 2554 3420 καὶ
2602 3366 2826 3437 μείζονα
2865 3363 3070 3434 ταύτης
3096 3401 3112 3428 ,
3161 3363 3332 3432 ἧγουν
3383 3361 3482 3431 τὴν
3516 3360 3680 3431 χάριν
3713 3357 3801 3426 τῆς

2219 3460 2492 3524 υἱοθεσίας
2549 3457 2698 3529 αὐτῴ
2742 3458 3013 3520 διδόντες,
3049 3456 3144 3509 καὶ
3203 3454 3276 3526 μὴ
3327 3452 3796 3522 ὐποστειλάμενοι,

2221 3552 2512 3624 βέλτιστοι·
2550 3549 2666 3604 ἀλλ’
2699 3548 2869 3612 ὅντως
2917 3550 2974 3600 ἐν
3019 3548 3212 3608 κακοῖς
3259 3545 3320 3598 τὸ
3353 3542 3555 3613 μᾶλλον
3607 3544 3798 3612 χεῖρον,

2219 3645 2317 3699 καὶ
2344 3643 2407 3696 τὸ
2437 3643 2700 3697 κάκιστον
2733 3638 3138 3710 σκαιωροῦντες
3185 3635 3530 3707 ὲφωράθητε·
3582 3634 3677 3688 καὶ
3704 3632 3800 3699 γὰρ

2224 3735 2360 3809 μηδὲ
2399 3736 2578 3789 δοκεῖν
2618 3732 2857 3798 ἀσεϐεῖν,
2909 3731 3088 3786 καίτοι
3138 3729 3404 3789 ἑκουσίως
3456 3725 3792 3784 ἀσεϐοῦντες,

2223 3828 2601 3901 περιποιεῖσθε
2656 3827 2836 3899 μόνον·
2873 3826 2936 3878 οὐ
2972 3824 3084 3896 γὰρ
3133 3823 3246 3876 ίστε
3295 3821 3435 3886 ὅλως
3464 3839 3519 3874 τι
3553 3818 3799 3891 προῦχειν

2223 3925 2252 3976 ὐ
2263 3923 2378 3994 μῶν
2404 3923 2494 3975 τὸν
2524 3920 2760 3992 Χριστὸν
2787 3917 3078 3988 πράγματι
3114 3915 3270 3985 ψιλὸν
3291 3914 3348 3968 δὲ
3373 3913 3663 3983 ἄνθρωπον
3691 3905 3799 3963 καθ’

2224 4016 2373 4086 ὑμᾶς
2406 4009 2549 4068 εἶναι
2577 4011 2743 4066 αὐτὸν
2782 4009 3087 4080 λογίζεσθε·
3125 4009 3175 4061 εί
3217 4007 3312 4062 καὶ
3342 4007 3504 4078 χάριν
3532 4007 3630 4059 καὶ
3649 3999 3800 4072 τιμὴν

2222 4105 2320 4161 καὶ
2349 4105 2528 4170 δόξαν,
2564 4104 2791 4174 ὀνόματι
2829 4102 3008 4172 μόνον,
3046 4100 3196 4170 αὐτῷ
3233 4099 3573 4168 περιάπτετε
3597 4113 3610 4126 ·
3644 4095 3799 4158 Λόγον

2221 4197 2481 4267 διακενῆς
2529 4196 2657 4259 τούς
2701 4194 2831 4265 περί
2883 4193 2983 4262 τῆς
3018 4191 3270 4253 ὲνώσεως
3316 4190 3416 4259 τῆς
3451 4187 3608 4252 θείας
3634 4204 3689 4240 τε
3718 4181 3798 4236 καί

2223 4287 2577 4360 ἀνθρωπίνης
2598 4285 2813 4356 φύσεως
2844 4281 3181 4348 δοξάζοντες,
3213 4280 3381 4349 ἤγουν
3409 4279 3533 4342 τοὺς
3561 4276 3687 4348 περὶ
3713 4270 3798 4340 τῆς

2225 4378 2558 4451 σαρκώσεως
2587 4376 2682 4430 τοῦ
2712 4375 2912 4445 Λόγου,
2936 4374 3032 4428 καὶ
3057 4373 3160 4444 τῆς
3193 4370 3444 4434 θεώσεως
3476 4368 3580 4438 τῆς
3616 4364 3797 4438 σαρκὸς

2221 4489 2410 4530 αυτου,

2305 4561 2675 4630 Ἐξεταζέσθω
2725 4561 2836 4633 γὰρ
2886 4559 2995 4631 ἥδη
3042 4558 3138 4612 καὶ
3178 4557 3297 4611 τόδε
3323 4573 3336 4587 ·
3375 4553 3501 4618 Πῶς
3534 4566 3671 4622 φατε
3712 4544 3796 4613 τὴν

525 4643 788 4697 unionem
823 4643 984 4698 istam
1016 4659 1182 4713 quam
1233 4643 1443 4713 ﬁngitis
1473 4643 1768 4697 admittere
1801 4641 1962 4697 Verbi
1988 4656 2109 4696 cum

2222 4654 2420 4708 ἕνωσιν
2454 4652 2682 4721 ταύτην,
2722 4653 2789 4724 ῆν
2836 4648 3227 4722 προσποιεῖσθε
3263 4646 3548 4718 ὁμολογεῖν
3581 4640 3669 4694 τοῦ
3700 4635 3794 4690 Λό-

525 4734 750 4789 Christo
791 4734 886 4804 qui
919 4735 1077 4789 vobis
1107 4735 1335 4790 videtur
1369 4735 1557 4799 homo,
1611 4735 1758 4789 inter
1804 4735 1988 4788 omnia
2045 4735 2115 4788 ab

526 4826 688 4880 initio
745 4827 1126 4896 conceptionis
1187 4829 1362 4897 ipsius
1421 4826 1714 4882 confestim
1771 4827 1890 4882 fieri
1938 4827 2117 4898 ipsam

527 4927 838 4975 asserentes
859 4920 1041 4989 specie
1061 4919 1303 4989 pietatis,
1322 4919 1415 4990 qui
1439 4930 1624 4974 tamen
1646 4918 2117 4988 compositionem

529 5009 694 5068 Verbi
745 5025 871 5064 cum
925 5027 1095 5066 carne
1148 5012 1271 5068 ﬁeri
1321 5013 1576 5081 negatis:
1632 5011 1766 5065 unio
1810 5012 1983 5074 enim,
2012 5009 2121 5064 nisi

529 5104 836 5160 secundum
856 5103 1318 5174 compositionem
1341 5114 1456 5170 ttat,
1470 5107 1698 5160 omnino
1712 5105 1797 5160 vel
1815 5103 2119 5159 secundum

532 5195 938 5266 appositionem
965 5196 1196 5251 localem
1231 5197 1480 5260 videtur,
1515 5197 1660 5252 sicut
1685 5195 1886 5265 lapidis
1916 5203 1973 5248 et
1998 5194 2122 5249 auri

530 5290 587 5344 in
623 5291 832 5345 annulo
854 5299 911 5345 et
937 5290 1126 5344 finium
1150 5291 1352 5346 Iudaeae
1372 5291 1615 5362 regionis
1641 5291 1708 5345 ad
1733 5290 1871 5345 fines
1889 5285 2124 5344 confinis

530 5383 632 5453 ipsi
675 5382 959 5448 Samaria,
995 5393 1052 5439 et
1082 5385 1210 5439 talia
1238 5404 1250 5439 :
1284 5386 1370 5440 vel
1403 5384 1713 5440 secundum
1743 5383 1996 5438 habitum
2026 5397 2123 5436 vo-

529 5476 772 5531 luntarie
795 5475 1058 5543 electum,
1079 5487 1142 5531 ut
1165 5493 1222 5533 se
1249 5478 1420 5533 habet
1439 5478 1562 5532 auri
1582 5485 1796 5533 amator
1815 5477 1882 5532 ad
1901 5492 2120 5540 aurum,

531 5583 799 5637 equorum
831 5568 900 5624 ad
934 5585 1129 5639 equos,
1174 5576 1230 5624 et
1267 5569 1617 5641 voluptatum
1653 5570 1721 5625 ad
1757 5569 2121 5640 voluptatem,

531 5670 590 5716 et
611 5661 705 5715 Dei
741 5661 952 5717 amicus
982 5663 1047 5717 ad
1078 5664 1272 5727 Deum,
1305 5673 1362 5718 et
1394 5665 1640 5719 similia:
1683 5663 1771 5719 vel
1813 5662 2124 5718 secundum

535 5752 785 5806 habitum
821 5754 1132 5809 naturalem
1164 5754 1482 5824 quemdam,
1512 5756 1970 5826 sicutparentum
1997 5769 2124 5824 erga

534 5845 781 5911 ejusdem
835 5857 1046 5902 naturae
1081 5847 1259 5911 ﬁlios;
1305 5859 1400 5903 aut
1442 5849 1638 5904 similis
1668 5850 1993 5905 substantia:
2025 5849 2126 5904 ho-

539 5935 786 6000 minum,
834 5948 929 5993 aut
976 5954 1281 6008 equorum,
1332 5950 1425 5996 aut
1482 5941 1791 6012 aquilarum
1852 5943 2123 6011 omnium,

2219 4765 2341 4818 γου,
2391 4746 2528 4815 πρὸς
2575 4743 2665 4796 τὸν
2716 4742 2978 4796 δοκοῦντα
3031 4741 3162 4812 ὑμῖν
3218 4738 3506 4808 ἄνθρωπον
3554 4727 3793 4804 Χριστὸν,

2223 4839 2375 4911 παρὰ
2406 4837 2588 4891 πάντα
2617 4853 2675 4891 τε
2706 4836 2800 4889 καὶ
2832 4835 2928 4888 ἀπ’
2963 4834 3140 4904 ἀρχῆς
3183 4833 3437 4902 κυήσεως
3458 4827 3624 4881 αὐτοῦ
3649 4819 3786 4881 εὐθὺς

2231 4932 2407 5002 αὐτὴν
2442 4930 2694 4998 λέγοντες
2728 4927 2984 4998 γενέσθαι
3036 4923 3437 4993 εὐσεϐοφανῶς,
3483 4920 3532 4974 oi
3567 4917 3791 4972 σύνθεσιν

2220 5022 2315 5077 τοῦ
2351 5001 2525 5091 Λόγου
2573 5021 2712 5090 πρὸς
2745 5018 2848 5090 τὴν
2894 5020 3073 5090 σάρκα
3100 5014 3357 5086 γενέσθαι
3394 5014 3470 5085 μὴ
3511 5001 3791 5083 παραδεχό-

2226 5133 2378 5186 μενοι
2402 5132 2416 5180 ;
2444 5116 2477 5185 ἡ
2509 5113 2618 5182 γὰρ
2649 5113 2843 5175 ἓνωσις
2867 5113 2900 5182 ἡ
2926 5110 3002 5182 μὴ
3029 5108 3174 5163 κατὰ
3213 5107 3461 5161 σύνθεσιν
3489 5102 3645 5167 οὐσα,
3674 5095 3790 5150 πάν·

2222 5225 2332 5270 τως
2365 5209 2397 5278 ἢ
2451 5205 2596 5260 κατὰ
2635 5205 2940 5276 παράθεσιν
2986 5203 3180 5274 ὁρᾶται
3219 5197 3471 5268 τοπικὴν,
3520 5193 3629 5249 οἷον
3659 5188 3787 5244 λίθου

2224 5299 2320 5353 καὶ
2351 5297 2575 5370 χρυσίου
2611 5299 2669 5350 ὲν
2701 5295 2994 5366 δακτυλίῳ.
3025 5296 3120 5348 καὶ
3146 5293 3384 5363 πέρατος
3417 5293 3515 5358 τῆς
3552 5282 3788 5342 Ἰουδαίας

2225 5391 2408 5462 χώρας
2437 5389 2576 5460 πρὸς
2613 5389 2674 5442 τὸ
2711 5388 2888 5458 πέρας
2933 5385 3034 5456 τῆς
3081 5384 3480 5455 ἁγχιτέρμονος
3522 5380 3656 5449 αὐτῇ
3699 5372 3789 5425 Σα-

2229 5482 2482 5555 μαρείας,
2514 5483 2610 5535 καὶ
2647 5481 2718 5534 τά
2769 5479 2950 5534 τοιάδε
2972 5494 2986 5508 ·
3014 5478 3048 5548 ἦ
3079 5477 3223 5531 κατὰ
3265 5473 3651 5549 προαιρετικὴν
3683 5462 3785 5535 σχέ-

2229 5594 2334 5638 σιν,
2369 5575 2443 5638 ὡς
2495 5575 2524 5627 6
2567 5573 2894 5644 φιλόχρυσος
2921 5571 3060 5643 πρὸς
3087 5569 3180 5624 τὸν
3219 5567 3442 5639 χρυσὸν,
3475 5569 3504 5621 6
3552 5563 3784 5635 φίλιππος

2228 5669 2362 5739 πρὸς
2390 5669 2519 5730 τοὺς
2553 5665 2776 5729 ἵππους,
2811 5664 2908 5718 καὶ
2946 5665 2975 5717 6
3001 5663 3284 5735 φιλήδονος
3310 5662 3449 5734 πρὸς
3467 5661 3566 5731 τὴν
3596 5648 3781 5739 ἡδονὴν)

2230 5737 2323 5814 καὶ
2351 5759 2597 5828 φιλόθεος
2646 5759 2786 5830 πρὸς
2825 5757 2918 5810 τὸν
2955 5755 3110 5823 Θεὸν,
3147 5757 3239 5809 καὶ
3277 5755 3346 5808 τὰ
3387 5755 3569 5824 ὅμοια·
3599 5749 3630 5819 ἢ
3662 5737 3781 5830 κοιτᾷ

2230 5850 2415 5921 σχέσιν
2447 5850 2687 5920 φυσικήν
2742 5866 2897 5914 τινα,
2929 5845 3042 5904 οἷον
3094 5847 3261 5920 ἡτῶν
3311 5847 3518 5916 γονέων
3567 5840 3690 5914 πρὸς
3723 5827 3781 5885 τά

2229 5941 2448 6013 ὁμοτρυῆ
2474 5941 2652 5997 αὐτῶν
2693 5941 2881 5997 τέκνα·
2924 5943 2956 6012 ἧ
3009 5941 3117 5997 τῶν
3147 5940 3450 6013 ὁμοουσίων
3489 5933 3775 6010 ἀνθρώπων.
