4116 6452
353 404 489 467 1033

1273 403 1672 466 ADVERSUS
1709 402 2344 466 NESTORIAN()S.—
2374 405 2521 466 LIB.
2558 405 2674 466 ΠΙ.

3499 405 3633 470 163i

342 519 377 589 ἢ
410 516 617 577 ἵππων,
643 511 676 584 ἦ
714 512 889 567 ἀετῶν
917 511 1156 576 πάντων,
1187 509 1429 584 τῷλόγῳ
1451 512 1545 566 τοῦ
1577 509 1740 565 ἀετοῦ
1768 511 1935 572 εἴδους

2047 511 2253 580 quippe
2275 510 2369 580 qui
2400 527 2571 566 unum
2597 511 2701 566 sub
2723 509 2941 568 ratione
2965 510 3172 583 speciei
3205 512 3403 584 aquilae
3432 513 3637 568 eﬂictat

341 607 400 661 ἓν
441 604 674 660 ποιοῦσα
711 605 780 658 τὰ
809 604 932 658 κατ’
975 603 1137 658 αὐτὸν
1170 604 1349 657 πάντα
1381 604 1581 675 ἄτομα,
1629 606 1832 673 φυσικῇ
1867 603 1934 672 τῇ

343 699 647 770 ὁμοιότητι·
701 698 734 770 ἢ
776 697 854 762 ὼς
897 697 1103 760 είκόνος
1149 695 1291 769 πρὸς
1343 696 1404 750 τὸ
1433 697 1764 767 ἀρχέτυπον·
1797 696 1830 768 ἢ
1867 697 1935 766 τῇ

342 792 624 862 ὁμοιότητι
654 791 818 847 πάλιν
849 791 943 846 καὶ
969 791 1142 862 αὐτὴν
1174 791 1437 845 συνάπτει
1470 790 1533 844 τὸ
1561 790 1620 843 ὲν
1655 791 1937 861 ἑκατέροις

343 879 502 948 εἶδος·
541 885 592 937 εί
638 884 738 954 μὲν
759 883 852 937 οῦν
882 884 1025 937 κατὰ
1057 882 1364 955 παράθεσιν
1401 885 1634 952 τοπικήν
1665 899 1804 952 φατε
1836 883 1937 952 τὴν

342 975 537 1028 ἕνωσιν
563 975 658 1028 τοῦ
694 975 871 1044 Λόγου
911 975 1049 1046 πρὸς
1079 975 1171 1028 τὸν
1209 974 1466 1045 Χριστὸν,
1503 975 1664 1044 σῶμά
1692 991 1751 1028 τε
1779 977 1807 1029 6
1837 974 1939 1028 Λό-

344 1083 442 1136 γος
474 1068 504 1119 6
551 1067 716 1130 θεῖος,
753 1068 847 1121 καὶ
881 1067 1098 1136 ὁρατὸς,
1147 1068 1241 1120 καὶ
1283 1068 1474 1130 ἁπτὸς,
1527 1068 1620 1121 καὶ
1671 1069 1729 1120 ἐν
1761 1069 1934 1138 τόπῳ,

345 1159 441 1213 καὶ
476 1158 876 1231 περιγραπτδς,
925 1159 1018 1212 καὶ
1051 1159 1119 1213 τὰ
1149 1159 1313 1213 λοιπὰ
1360 1161 1562 1214 ἄτοπα·
1593 1162 1642 1214 εί
1684 1160 1741 1214 δὲ
1794 1161 1937 1216 κατὰ

347 1250 745 1320 προαιρετικὴν
798 1251 1008 1322 σχέσιν,
1051 1253 1111 1305 οὐ
1167 1253 1411 1324 Χριστοῦ
1453 1255 1618 1324 μόνου
1660 1256 1798 1326 πρὸς
1844 1257 1936 1310 τὸν

343 1343 476 1397 Θεὸν
503 1346 537 1414 ἡ
577 1344 795 1412 ἓνωσις,
829 1345 964 1398 ἀλλὰ
995 1346 1090 1399 καὶ
1115 1347 1298 1415 ,νΑϐελ
1344 1348 1441 1400 καὶ
1483 1349 1653 1420 Ἐνὼχ
1684 1351 1778 1404 καὶ
1810 1349 1936 1404 Νῶε

343 1436 439 1489 καὶ⁸
481 1436 734 1508 Ἀϐραὰμ
763 1437 860 1491 καὶ
903 1436 1089 1491 Ἰσαὰκ
1124 1439 1216 1493 καὶ
1262 1437 1480 1505 Ἰακὼϐ,
1505 1441 1808 1506 Μωῦσέως,
1842 1442 1936 1496 καὶ

343 1527 624 1598 Σαμουὴλ,
654 1529 750 1582 καὶ
785 1528 970 1592 Δαϐὶδ,
1006 1531 1100 1582 καὶ
1142 1529 1431 1602 Ἱερεμίου,
1468 1535 1563 1587 καὶ
1601 1532 1710 1587 τῶν
1732 1534 1936 1589 λοιπῶν

345 1620 608 1692 Πατέρων
664 1622 757 1674 καὶ
821 1622 1182 1693 πατριαρχῶν
1235 1624 1331 1676 καὶ
1360 1625 1658 1696 προφητῶν
1716 1627 1935 1680 πάντων

341 1711 451 1767 τῶν
505 1712 697 1783 μέχρις
747 1712 996 1768 Ἰωάννου
1033 1714 1128 1768 τοῦ
1173 1714 1503 1782 Βαπτιστοῦ,
1546 1718 1640 1770 καὶ
1686 1718 1798 1772 τῶν
1828 1718 1935 1772 ἀπὸ

355 1805 630 1872 Ἰωάννου,
664 1807 760 1860 καὶ
795 1806 957 1880 μέχρι
991 1806 1085 1860 τοῦ
1137 1807 1233 1861 νῦν
1273 1810 1761 1881 εὐαρεστησάντων
1791 1813 1929 1884 Θεῷ·

341 1899 400 1951 οὐ
443 1899 554 1970 γὰρ
583 1899 801 1971 εἴρηται
833 1877 962 1968 περὶ
987 1901 1104 1965 ἐνὸς
1137 1901 1320 1972 μόνου,
1361 1877 1476 1956 ἀλλ’
1523 1877 1605 1957 ὁτι
1658 1924 1676 1957 ‹
1712 1877 1937 1960 Εὐδοκέἶ
1969 1877 2010 1932 Β

344 1992 548 2065 Κύριος
572 1995 629 2047 ὲν
655 1996 764 2057 τοῖς
795 1993 1152 2066 φοϐουμένοις
1181 1995 1363 2062 αὐτὸν,
1391 1997 1450 2049 ὲν
1481 1998 1616 2051 πᾶσι
1636 1999 1749 2062 τοῖς
1779 1997 1931 2052 ἐλπί-

344 2083 535 2147 ζουσιν
584 2085 678 2138 ἐπὶ
728 2085 789 2138 τὸ
850 2085 998 2148 ἕλεος
1069 2085 1258 2140 αὐτοῦ.
1307 2106 1325 2138 ι
1402 2087 1531 2149 Καὶ,
1604 2107 1622 2138 σ
1662 2088 1777 2142 Οὐκ
1819 2090 1934 2142 ἐστι

343 2176 783 2248 προσωποληψία
820 2178 974 2249 παρὰ
1012 2177 1088 2249 τῷ
1129 2179 1268 2250 Θεῷ,
1309 2200 1327 2234 ι
1368 2181 1482 2234 ἀλλ’
1509 2183 1568 2234 ὲν
1597 2184 1759 2235 παντὶ
1791 2181 1934 2237 ἔθνει

339 2268 368 2320 6
405 2267 742 2340 φοϐούμενος
776 2270 938 2324 αὐτὸν
992 2273 1087 2325 καὶ
1140 2272 1508 2344 ἐργαζόμενος
1549 2273 1930 2347 δικαιοσύνην,

340 2359 530 2424 δεκτὸς
557 2361 707 2432 αὐτῷ
754 2363 895 2418 ἐστι·
938 2365 1108 2434 σαφὲς
1137 2366 1250 2433 οῦν,
1287 2366 1362 2431 ὡς
1395 2368 1517 2421 οὐδὲ
1551 2370 1618 2421 ὲκ
1647 2367 1810 2438 τῆσδε
1833 2370 1933 2439 τῆς

341 2455 614 2520 ένώσεως,
637 2458 792 2512 οὐδὲν
828 2460 993 2515 πλέον
1031 2463 1097 2516 ὲκ
1124 2463 1233 2516 τῶν
1275 2463 1416 2534 ὑπὲρ
1448 2465 1575 2527 τοὺς
1609 2464 1704 2517 ἀπ’
1733 2463 1933 2527 αἰῶνος

340 2545 543 2616 ἄνδρας
575 2549 872 2620 θεοφόϐους
919 2554 1013 2607 καὶ
1066 2553 1332 2622 ἀγγέλους
1386 2555 1541 2608 ἔσται
1575 2555 1837 2625 Χριστοῦ·
1869 2554 1929 2608 οὐ

339 2638 570 2693 δύνασθε
607 2641 701 2695 οῦν
744 2643 927 2712 λέγειν
970 2647 1054 2699 ὅτι
1089 2645 1376 2713 ἐξελέξατο
1418 2649 1582 2702 αὐτὸν
1625 2651 1788 2720 μόνον
1821 2649 1933 2704 ἀπὸ

343 2733 564 2788 πάντων
596 2736 810 2808 ὁρατῶν
857 2741 950 2793 καὶ
983 2741 1256 2816 ἀοράτων·
1295 2743 1390 2796 καὶ
1429 2744 1512 2797 ὅτι
1543 2745 1684 2814 ὑπὲρ
1718 2745 1933 2809 πάντας

338 2825 568 2896 ⁴ὴξίωται
629 2830 798 2901 τιμῆς
846 2849 992 2897 τινος
1031 2833 1064 2904 ἦ
1113 2832 1360 2900 ἐνώσεως
1409 2836 1441 2906 ἢ
1477 2837 1725 2908 υῑότητος
1759 2839 1791 2908 ἦ
1831 2839 1932 2909 κά·

344 2935 494 2989 ρ.τος
528 2921 594 2974 ὲκ
631 2921 731 2992 τῆς
757 2925 1018 2996 τοιαύτης
1053 2924 1324 2989 ένὼσεως.

412 3011 476 3064 Εἰ
506 3012 562 3065 δὲ
591 3013 653 3066 οὐ
691 3014 918 3085 ταύτην,
953 3015 1090 3070 ἀλλὰ
1124 3015 1221 3089 τὴν
1259 3016 1402 3070 κατὰ
1458 3018 1642 3089 σχέσιν
1693 3019 1930 3089 φυσικὴν

340 3104 530 3172 λέγετε
575 3107 772 3162 ἕνωσιν
825 3109 922 3163 τοῦ
959 3110 1136 3179 Λόγου
1178 3111 1316 3182 πρὸς
1355 3110 1448 3164 τὸν
1503 3112 1759 3183 Χριστὸν,
1807 3114 1930 3166 ἐπεὶ

341 3200 482 3272 αῦτη
511 3203 567 3255 ὲν
606 3205 718 3266 τοῖς
743 3203 1054 3274 ὀμοουσίοις
1108 3206 1323 3274 ὁρᾶται·
1374 3205 1485 3258 πᾶν
1539 3204 1649 3274 γὰρ
1699 3205 1836 3271 ζῶον
1874 3209 1934 3263 τὸ

2040 3197 2157 3268 ipsa
2209 3197 2265 3250 in
2305 3195 2879 3251 consubstantialibus
2912 3196 3170 3250 videatur
3219 3213 3233 3250 :

339 3293 530 3363 ὅμοιον
564 3295 774 3366 ἀγαπᾷ,
807 3297 868 3348 οὐ
900 3295 962 3350 τὸ
993 3296 1068 3368 μὴ
1119 3296 1326 3366 ὅμοιον·
1369 3296 1402 3366 ἢ
1436 3297 1579 3350 κατά
1607 3316 1761 3359 τινας
1796 3316 1934 3371 συμ-

341 3385 665 3456 ϐεϐηκώσας
697 3387 864 3441 τινῶν
902 3389 1253 3461 ὁμοιότητας,
1297 3389 1454 3461 δῆλον
1501 3391 1578 3455 ὡς
1611 3390 1643 3462 ἢ
1697 3393 1840 3448 κατά
1880 3411 1934 3447 τι

342 3479 692 3552 συμϐεϐηκὸς
713 3481 900 3552 ὅμοιον
928 3481 1019 3534 τὸν
1039 3482 1214 3552 Λόγον
1236 3483 1458 3556 Χριστῷ
1485 3480 1624 3539 εἶναι
1649 3503 1807 3554 φατε,
1841 3488 1936 3541 καὶ

340 3571 403 3624 οὐ
432 3571 565 3635 Θεὸς
595 3571 748 3626 ἔσται
783 3574 812 3626 ὁ
844 3573 1018 3641 Λόγος
1047 3575 1206 3648 οὐσίᾳ
1240 3577 1332 3630 καὶ
1359 3578 1769 3649 συμϐεϐηκόσιν
1834 3581 1937 3648 ὐφς-

345 3662 525 3727 εστὼς
567 3665 628 3717 τὸ
672 3665 805 3719 ἴδιον
833 3666 1204 3739 πρόσωπονοῆ
1249 3669 1370 3722 κατ’
1403 3670 1612 3734 οὐσίαν,
1650 3672 1744 3724 καλ⁵
1774 3671 1936 3744 δῆλον

339 3753 417 3817 ὡς
468 3755 501 3827 ἢ
547 3755 640 3808 τὸν
672 3757 846 3825 Λόγον
877 3758 1060 3828 σάρκα
1092 3761 1206 3813 ἴστε
1241 3759 1460 3831 ὁμοφυῆ
1494 3765 1558 3834 τῇ
1588 3764 1747 3834 σαρκὶ
1779 3764 1932 3830 ὄντα,

342 3844 441 3899 καὶ
486 3845 664 3900 λείπει
714 3848 844 3919 ὑμῖν
879 3851 910 3918 ἡ
946 3849 1066 3903 θεία
1095 3851 1269 3924 Τριὰς
1310 3854 1392 3906 ἐνὶ
1425 3853 1724 3925 προσώπῳ·
1769 3857 1802 3929 ἢ
1840 3857 1936 3911 καὶ

340 3938 442 4011 τὴν
474 3940 674 4013 σάρκα,
705 3941 840 3997 Θεὸν
884 3944 1171 4014 ὁμοούσιον
1218 3944 1314 3998 τοῦ
1373 3945 1551 4015 Λόγου
1592 3945 1794 4014 οἴεσθε,
1841 3947 1935 4003 καὶ

343 4034 657 4105 περιττεύει
710 4037 839 4108 ὑμῖν
873 4038 905 4109 ἡ
937 4037 1070 4106 ἁγία
1127 4037 1296 4107 Τριὰς
1359 4041 1459 4113 μιᾷ
1501 4040 1821 4095 ὑποστάσει·
1875 4041 1936 4108 ἐξ

341 4127 592 4200 ἀνάγκης
619 4128 714 4183 οῦν
748 4128 918 4184 δυάδα
949 4129 982 4202 ἢ
1036 4131 1273 4203 τετράδα
1323 4135 1704 4203 προσκυνεῖτε·
1750 4134 1851 4204 τὴν
1878 4133 1937 4188 δὲ

341 4221 507 4288 ἁγίαν
541 4222 772 4292 Τριάδα,
808 4223 1030 4289 πάντως
1056 4225 1533 4296 παραχαράττετεο
1565 4226 1613 4282 εί
1641 4225 1700 4280 δὲ
1727 4226 1937 4280 τούτων

345 4310 452 4364 τῶν
493 4312 742 4367 ένὼσεων
790 4314 1050 4386 οὐδεμίαν
1085 4315 1456 4388 καταδέχεσθε
1509 4316 1690 4386 λέγειν
1741 4317 1830 4371 διὰ
1867 4317 1936 4372 τὰ

342 4402 544 4469 ἄτοπα,
568 4405 692 4459 οὐδὲ
720 4405 820 4478 τὴν
858 4408 1000 4461 κατὰ
1044 4409 1294 4463 σύνθεσιν
1341 4409 1534 4463 ἕνωσιν
1563 4409 1652 4465 διὰ
1695 4409 1766 4463 τὰ
1795 4409 1932 4480 ὑμέ-

341 4514 476 4568 τερα
504 4497 775 4568 δόγματα·
808 4501 858 4554 εί
892 4501 970 4568 δὲ,
1014 4503 1092 4567 ὡς
1138 4501 1477 4574 ὁμολογεῖτε,
1503 4503 1621 4566 πῶς
1648 4503 1831 4573 λέγειν
1855 4503 1936 4557 δο-

2041 602 2189 672 apud
2228 602 2402 672 ipsam
2433 605 2618 658 omnia
2662 604 3048 670 indivisibilia,
3092 606 3330 660 naturali
3375 605 3638 660 similitu-

2041 695 2170 750 dine
2195 714 2207 750 :
2252 706 2347 750 aut
2379 705 2440 750 ut
2469 696 2695 752 habitus
2725 697 2984 769 imaginis
3015 697 3082 752 ad
3111 698 3510 769 archetypum:
3538 696 3634 767 qui

2040 787 2405 843 similitudine
2433 789 2633 844 iterum
2667 800 2725 845 et
2753 791 2924 862 ipsam
2953 800 3176 861 coaptat
3207 791 3261 844 in
3296 805 3636 861 unoquoque

2039 880 2304 951 speciem.
2335 881 2390 936 Si
2417 882 2588 953 igitur
2619 884 2841 953 quidem
2881 884 3189 939 secundum
3222 883 3633 954 appositionem

2040 975 2273 1030 localcm
2311 975 2501 1033 dicitis
2549 977 2666 1032 ﬁeri
2708 979 2972 1032 unionem
3023 978 3192 1034 Verbi
3230 995 3356 1032 cum
3383 978 3630 1038 Christo,

2039 1083 2351 1141 corpusque
2403 1082 2486 1125 est
2516 1071 2755 1126 Verbum
2783 1071 3056 1134 divinum,
3092 1080 3149 1125 et
3188 1071 3362 1126 videri
3396 1079 3452 1125 et
3482 1070 3632 1136 tangi

2038 1167 2242 1229 potest,
2261 1169 2318 1216 et
2338 1161 2391 1215 in
2413 1162 2538 1215 loco
2561 1170 2836 1225 versatur,
2859 1171 2914 1216 et
2930 1163 3226 1216 limitatum
3241 1171 3348 1225 est,
3369 1169 3635 1216 etezetera

2039 1253 2316 1308 absurda:
2367 1255 2413 1309 si
2462 1269 2598 1308 vero
2647 1253 2955 1309 secundum
3011 1254 3263 1308 habitum
3319 1250 3634 1308 voluntarie

2035 1343 2297 1408 electum,
2322 1360 2431 1398 non
2465 1342 2669 1399 Christi
2702 1343 2877 1398 solius
2904 1359 3028 1399 cum
3077 1344 3190 1398 Deo
3219 1343 3354 1398 unio
3377 1343 3507 1404 erit,
3535 1341 3632 1396 sed

2037 1444 2095 1489 et
2123 1436 2259 1491 Abel
2291 1445 2345 1492 et
2391 1437 2616 1493 Henoch
2654 1447 2710 1493 et
2754 1438 2873 1492 Noe
2907 1446 2964 1493 et
2991 1437 3272 1493 Abraham
3305 1446 3360 1491 et
3396 1437 3548 1492 Isaac
3577 1442 3634 1490 et

2035 1532 2229 1596 Jacob,
2255 1532 2457 1604 Moysis
2495 1543 2550 1587 et
2578 1533 2821 1596 Samuel,
2855 1543 2911 1589 et
2942 1533 3138 1595 David,
3182 1542 3239 1588 et
3280 1533 3634 1598 lcremiae,ct

2036 1634 2362 1679 czeterorum
2383 1626 2613 1680 Patrum
2635 1634 2691 1680 et
2713 1626 3160 1696 patriarcharum
3182 1625 3432 1695 omnium
3454 1643 3632 1699 usque

2036 1717 2104 1771 ad
2159 1717 2428 1773 Joannem
2478 1718 2802 1787 Baptistam,
2862 1728 2920 1773 et
2962 1734 3156 1773 eorum
3191 1719 3284 1788 qui
3333 1735 3361 1772 a
3418 1720 3631 1775 Joanne

2041 1823 2218 1876 usque
2253 1807 2321 1862 ad
2354 1807 2408 1861 id
2457 1807 2726 1877 temporis
2764 1809 3222 1879 complacuerunt
3249 1809 3304 1862 in
3337 1809 3450 1862 Deo
3477 1825 3491 1862 :
3517 1825 3628 1864 non

2039 1901 2186 1966 enim
2212 1900 2421 1955 dictum
2464 1909 2549 1954 est
2591 1900 2659 1955 de
2706 1916 2819 1955 uno
2849 1902 3004 1955 solo:
3046 1920 3064 1951 ι
3104 1901 3515 1970 Beneplaeitum
3545 1909 3632 1957 est

2038 1993 2272 2048 Domino
2294 2010 2462 2064 super
2493 1994 2760 2049 timentes
2785 2010 2936 2055 eum.
2969 2003 3026 2048 et
3053 1995 3106 2047 in
3134 1995 3215 2048 eis
3259 1997 3353 2063 qui
3399 2003 3629 2065 sperant

2038 2102 2206 2157 super
2231 2086 2613 2142 misericordia
2645 2087 2857 2156 eius";
2900 2105 2917 2136 ι
2954 2095 3046 2140 et:
3081 2105 3097 2136 ι
3141 2086 3258 2140 Νοη
3304 2095 3390 2141 est
3440 2104 3636 2156 perso-

2036 2195 2232 2234 narum
2265 2180 2520 2250 acceptio
2545 2180 2690 2250 apud
2720 2180 2891 2234 Deum
2915 2180 2985 2244 ³ο,
3011 2179 3108 2233 sed
3141 2179 3195 2233 in
3229 2181 3381 2233 omni
3402 2180 3629 2236 natione

2039 2273 2243 2329 timens
2265 2290 2392 2328 eum
2435 2285 2492 2329 et
2515 2276 2705 2329 colens
2732 2274 3006 2344 justitiam
3032 2274 3135 2344 ipsi
3165 2283 3429 2344 acceptus
3452 2284 3572 2329 est:
3603 2296 3621 2327 ι

2035 2367 2390 2421 manifestum
2466 2367 2635 2438 igitur
2685 2365 2834 2437 quod
2889 2381 3074 2436 neque
3118 2382 3185 2420 ex
3239 2367 3344 2422 hac
3397 2368 3627 2432 unione,

2035 2459 2174 2513 nihil
2203 2460 2438 2530 amplius
2461 2476 2529 2515 ex
2552 2459 2674 2514 istis
2695 2475 2863 2530 super
2889 2459 3146 2514 homines
3165 2460 3234 2514 ab
3253 2460 3402 2513 omni
3428 2461 3631 2514 smculo

2035 2551 2298 2607 timentes
2319 2553 2490 2608 Deum
2514 2568 2570 2607 et
2589 2552 2813 2622 angelos
2840 2552 2946 2606 erit
2970 2551 3225 2606 Christo:
3259 2567 3369 2606 non
3397 2551 3634 2622 potestis

2037 2643 2210 2716 igitur
2233 2645 2456 2710 dicere;
2489 2645 2658 2716 elegit
2697 2644 2876 2714 ipsum
2905 2644 3085 2699 solum
3118 2644 3188 2699 ab
3212 2645 3472 2699 omnibus
3495 2643 3632 2698 visi-

2034 2739 2241 2796 bilibus
2281 2747 2337 2793 et
2382 2737 2795 2792 invisibilibus:
2840 2746 2918 2802 et,
2966 2752 3136 2807 supra
3183 2752 3379 2792 omnes
3433 2736 3634 2807 dignus

2035 2831 2262 2886 habitus
2289 2838 2374 2885 est
2401 2829 2634 2883 honoris
2673 2828 2909 2899 alicujus
2959 2837 3056 2882 aut
3106 2828 3329 2884 unionis
3363 2837 3459 2883 aut
3491 2828 3634 2883 ﬁlia-
3664 2862 3670 2868 -

2037 2922 2208 2977 tionis
2239 2929 2336 2976 aut
2361 2920 2553 2991 gratia:
2580 2936 2647 2973 ex
2680 2919 2774 2973 tali
2809 2921 3038 2974 unione.

2104 3013 2161 3068 Si
2192 3029 2328 3068 vero
2362 3028 2474 3067 non
2507 3011 2679 3076 illam,
2706 3010 2804 3066 sed
2838 3010 3147 3066 secundum
3179 3011 3429 3067 habitum
3466 3021 3630 3066 natu-

2033 3105 2204 3160 ralem
2244 3104 2494 3159 asseritis
2535 3104 2800 3159 unionem
2847 3102 3016 3159 Verbi
3047 3119 3172 3157 cum
3203 3103 3427 3159 Christo
3455 3145 3469 3169 ,
3503 3121 3629 3159 cum

3280 3212 3443 3251 omne
3478 3199 3629 3252 enim

2037 3289 2240 3343 animal
2275 3288 2454 3343 simile
2485 3287 2593 3342 sibi
2635 3299 2782 3342 amat
2810 3288 2878 3353 ⁵⁸,
2910 3304 3020 3344 non
3059 3288 3329 3345 dissimile
3367 3307 3382 3345 :
3419 3299 3517 3345 aut
3546 3307 3636 3347 se-

2037 3381 2281 3437 cundum
2333 3380 2599 3451 quasdam
2651 3379 2968 3436 accidentes
3015 3381 3383 3451 quorumdam
3433 3382 3633 3438 simili~

2037 3474 2280 3534 tudines.
2316 3474 2548 3529 evidens
2577 3473 2726 3543 quod
2775 3473 3082 3528 secundum
3129 3474 3340 3544 aliquid
3377 3475 3636 3533 accidens

2037 3565 2217 3622 simile
2245 3565 2488 3621 Verbum
2536 3565 2762 3620 Christo
2794 3580 2918 3620 esse
2965 3564 3187 3626 dicitis,
3238 3561 3296 3620 et
3331 3582 3440 3621 non
3485 3567 3635 3623 Deus

2036 3658 2145 3714 erit
2177 3658 2421 3713 Verbum
2472 3656 2783 3712 substantia
2828 3667 2885 3711 et
2928 3657 3314 3712 accidentibus
3347 3659 3632 3728 supposita

2036 3750 2262 3820 propria
2310 3765 2548 3820 persona
2581 3767 2594 3803 :
2630 3757 2728 3804 aut
2776 3749 3086 3805 secundum
3133 3749 3498 3806 substantiam
3521 3792 3536 3816 ,
3574 3761 3632 3806 et

2035 3843 2266 3897 evidens
2297 3842 2448 3913 quod
2487 3841 2733 3898 Verbum
2761 3858 2986 3897 carnem
3023 3843 3233 3912 putatis
3267 3859 3389 3898 esse
3434 3855 3632 3902 natura

2036 3935 2191 3991 carni
2222 3936 2428 3999 simile,
2460 3943 2517 3990 et
2546 3935 2704 3989 deest
2738 3933 2898 3988 vobis
2926 3932 3114 3988 divina
3141 3932 3386 3988 Trinitas
3419 3932 3472 3987 in
3506 3950 3632 4004 per-

2037 4044 2170 4084 sona
2202 4045 2215 4082 :
2250 4037 2346 4083 aut
2391 4043 2638 4089 carnem,
2676 4025 2848 4080 Deum
2884 4024 3416 4080 consubstantialem
3447 4025 3634 4080 Verbo

2037 4121 2367 4178 existimatis
2393 4161 2409 4186 ,
2455 4131 2513 4175 et
2554 4127 2810 4190 superest
2852 4117 3013 4174 vobis
3062 4127 3250 4174 sancta
3280 4118 3525 4174 Trinitas
3575 4119 3632 4177 in

2037 4229 2148 4270 una
2180 4213 2460 4285 hypostasi
2505 4229 2519 4266 :
2561 4211 2881 4267 necessario
2921 4210 3088 4281 igitur
3115 4211 3289 4264 Deum
3321 4209 3378 4264 in
3411 4210 3634 4268 duabus

2037 4315 2134 4362 aut
2161 4315 2401 4376 quatuor
2431 4304 2683 4375 personis
2713 4302 2962 4360 adoratis
2995 4320 3010 4356 :
3046 4309 3294 4356 sanctam
3344 4317 3477 4357 vero
3503 4302 3630 4356 'l‘ri-

2038 4397 2268 4453 nitatem
2303 4397 2531 4453 omnino
2577 4395 2792 4450 vitiatis
2826 4411 2839 4446 :
2877 4395 2923 4448 si
2969 4404 3156 4448 autem
3209 4393 3416 4448 nullam
3447 4410 3514 4449 ex
3542 4394 3635 4454 his

2040 4490 2343 4546 unionibus
2385 4504 2508 4544 esse
2563 4487 2871 4544 admittatis
2916 4493 3145 4557 prOpter
3193 4486 3472 4552 absurda,
3526 4504 3631 4543 nec

342 4593 490 4646 κεῖτε
530 4593 626 4645 ἐπὶ
660 4594 752 4649 τοῦ
797 4594 976 4662 Λόγου
1018 4595 1117 4650 καὶ
1159 4597 1258 4668 τῆς
1311 4597 1515 4667 σαρκὸς
1557 4597 1792 4663 ἕνωσιν,
1826 4597 1933 4652 πάο

2039 4583 2348 4638 seeundum
2379 4581 2838 4652 compositionem
2885 4579 3150 4634 unionem
3192 4588 3418 4650 pr0pter
3446 4591 3633 4637 vestra

343 4699 447 4753 ⁸ης
503 4682 753 4749 ἑνώδεως
806 4688 1008 4758 τρόπον
1081 4688 1490 4760 ἀπαρνούμενοι
1547 4690 1607 4744 ὲν
1673 4690 1928 4757 ἐαυτοϊς;

339 4773 539 4827 οὐκοῦν
562 4774 723 4846 δῆλον
744 4776 992 4847 γέγονεν,
1026 4781 1103 4845 ὼς
1127 4782 1413 4853 μόρφωσιν
1444 4784 1734 4849 εὐσεϐείας
1770 4784 1932 4856 μόνον

342 4865 708 4939 ὑποκρίνεσθε
735 4909 750 4935 ,
787 4870 884 4942 τὴν
911 4873 1142 4944 δύναμιν
1175 4875 1347 4946 αὐτῆς
1378 4877 1678 4948 ἠρνημένοι
1706 4877 1768 4931 τὸ
1810 4876 1934 4930 σύν-

341 4957 483 5012 ολον·
509 4961 606 5014 καὶ
634 4961 744 5034 γὰρ
769 4961 834 5033 δὴ
856 4965 951 5018 καὶ
995 4968 1052 5021 ὲν
1079 4969 1194 5032 τοῖς
1219 4969 1369 5040 ἑξῆς,
1411 4970 1607 5024 τοιοίδε
1643 4970 1930 5042 ἐλέγχεσθε

342 5052 424 5114 είς
453 5053 764 5126 φανέρωσιν
790 5056 884 5111 τοῦ
913 5058 1088 5128 Λόγου
1131 5061 1337 5131 ταύτην
1378 5061 1631 5130 λέγοντες
1659 5057 1799 5116 εἶναι
1833 5061 1932 5134 τὴν

341 5148 558 5214 ἕνωσιν,
582 5149 678 5204 καὶ
693 5151 773 5214 εἰς
789 5152 1083 5225 πρόσωπον
1112 5153 1211 5208 οὐκ
1241 5150 1358 5208 οἶδα
1389 5153 1506 5217 πῶς
1529 5153 1932 5218 ἀποκαλοῦντες

340 5245 538 5317 αὐτήν.
558 5244 803 5319 Τῷχὰρ,
824 5249 978 5318 φησὶ,
1003 5246 1064 5302 τὸ
1085 5248 1376 5319 πρόσωπον
1399 5248 1620 5319 ἐπέχειν
1641 5247 1734 5304 τοῦ
1757 5248 1930 5318 Λόγου

340 5336 433 5390 τὸν
458 5336 718 5409 Χριστὸν,
751 5337 958 5410 ταύτην
991 5339 1172 5410 ῑσμεν.

246 5668 249 5670 _
429 5604 593 5673 ’Λλλ’,
623 5601 670 5660 ὧ
705 5605 956 5674 σοφισταὶ
997 5603 1092 5660 καὶ
1121 5605 1183 5659 οὐ
1209 5603 1385 5674 σοφοὶ,
1411 5602 1554 5673 τάχα
1585 5600 1642 5656 δὲ
1671 5602 1766 5655 καὶ
1798 5599 1934 5670 πρὸς

342 5698 505 5754 τοῦτο
547 5699 843 5771 ἀδόκιμοι·
893 5699 991 5769 οὐχ
1036 5695 1210 5760 οὕτως
1257 5697 1404 5749 ἐστὶν
1439 5698 1472 5766 ὴ
1505 5696 1585 5758 είς
1635 5694 1932 5765 πρόσωπον

413 5879 458 5914 ⁸⁸
487 5877 630 5936 Psal.
669 5896 844 5947 chvt,
882 5879 969 5934 ll.

2039 4675 2315 4746 dogmata.
2372 4672 2464 4736 Si,
2499 4680 2558 4727 ut
2606 4669 2954 4736 convenitis,
2997 4669 3187 4740 aliquo
3241 4669 3408 4726 modo
3447 4671 3634 4729 dicere

2039 4767 2304 4824 videmini
2343 4767 2411 4821 de
2435 4764 2605 4821 Verbi
2635 4773 2693 4820 et
2719 4763 2906 4820 carnis
2937 4763 3142 4817 unione
3163 4803 3178 4828 ,
3208 4778 3428 4818 omnem
3467 4765 3634 4820 unio-

2039 4861 2128 4917 nis
2181 4859 2424 4931 speciem
2475 4858 2796 4930 rejicientes
2851 4856 2906 4912 in
2958 4854 3411 4927 vobismctipsis;
3463 4856 3632 4928 igitur

2038 4954 2270 5010 evidens
2311 4953 2519 5007 factum
2559 4960 2681 5012 est,
2710 4950 2858 5020 quod
2908 4948 3142 5002 formam
3178 4948 3399 5018 pietatis
3424 4949 3628 5002 virtute

2041 5047 2216 5118 ipsius
2246 5059 2477 5116 prorsus
2507 5043 2806 5112 denegata,
2839 5048 3052 5095 tantum
3085 5039 3343 5110 eﬂingitis
3373 5055 3387 5092 :
3420 5039 3628 5093 etenim

2041 5149 2194 5195 certe
2234 5147 2290 5194 et
2326 5135 2640 5195 successive
2662 5133 2956 5206 probatum
2990 5142 3076 5187 est
3111 5147 3214 5186 vos
3245 5129 3433 5184 dicere
3463 5129 3627 5184 istam

2042 5233 2306 5287 unionem
2332 5245 2454 5285 esse
2477 5227 2544 5282 ad
2575 5224 3079 5281 manifestationem
3110 5222 3297 5284 Verbi,
3320 5222 3414 5276 sed
3443 5221 3626 5291 quoad

2030 5336 2327 5394 personam
2371 5318 2560 5374 nescio
2611 5316 2893 5386 quomodo
2932 5331 3054 5370 eam
3107 5311 3445 5383 appelletis:
3495 5329 3628 5382 pro-

2031 5421 2226 5485 pterea
2254 5410 2401 5482 quod
2433 5410 2580 5464 enim
2611 5424 2905 5479 personam
2933 5407 3134 5460 retinet
3159 5404 3326 5461 Verbi
3345 5403 3626 5472 Christus,

2033 5505 2198 5560 istam
2224 5501 2503 5558 novimus.

2103 5597 2208 5654 Sed
2235 5639 2249 5663 ,
2279 5612 2313 5650 ο
2340 5595 2603 5665 sophista:
2629 5603 2685 5650 et
2715 5611 2826 5649 non
2863 5592 3166 5664 sapientes,
3193 5607 3321 5646 mox
3355 5600 3538 5648 autem
3572 5599 3631 5646 et

2031 5699 2259 5762 propter
2311 5689 2417 5741 hoc
2471 5687 2700 5756 reprobi
2753 5704 2766 5740 :
2825 5702 2937 5740 non
2985 5685 3062 5740 ita
3112 5694 3200 5740 est
3231 5685 3285 5738 in
3330 5696 3629 5756 personam

1078 5879 1124 5913 '°
1153 5879 1312 5943 Deut.
1342 5893 1452 5944 xw,
1496 5875 1596 5942 i9;
1650 5872 1810 5930 Rom.
1843 5887 1905 5937 ιι,
1939 5869 2026 5924 Η.
2093 5869 2136 5903 ⁸³
2171 5867 2342 5927 Eccli.
2369 5884 2484 5936 xm,
2518 5867 2607 5925 i9.
