4116 6446
511 522 647 558 111110
696 520 709 556 2

511 598 828 652 mistionem
877 596 1007 652 facit
1028 638 1042 656 .
1075 606 1136 650 ut
1171 612 1351 666 posca:
1390 597 1525 651 unio
1556 616 1569 649 :
1600 605 1658 653 et
1698 599 1845 652 sicut
1878 598 1933 652 in
1962 615 2095 653 con-

508 699 737 745 ventum
778 691 1017 759 aliquem
1061 689 1234 751 unio,
1277 698 1618 744 conventum
1662 689 1826 751 facit,
1856 700 1916 744 ut
1940 691 2096 745 chori

510 785 643 836 unio
678 804 687 835 :
727 792 783 837 et
818 783 961 837 sicut
987 784 1039 836 in
1072 782 1529 836 assimilationem
1565 783 1717 844 nnio.
1744 783 2100 839 assimilatioo

511 891 635 927 nem
686 876 852 937 facit,
890 884 949 928 ut
992 876 1190 928 domus
1241 874 1375 929 unio
1411 893 1423 927 :
1459 885 1515 930 et
1564 876 1706 930 sicut
1745 875 1801 929 in
1839 886 2097 932 naturam

510 968 751 1035 aliquant
788 968 919 1021 unio
965 978 1220 1021 naturam
1255 966 1426 1031 facit,
1462 976 1525 1022 ut
1572 970 1823 1038 corporis
1865 971 2000 1025 unio
2028 986 2097 1026 ex

513 1058 681 1112 variis
717 1058 1050 1122 elementis;
1105 1058 1177 1112 ita
1220 1060 1355 1113 unio
1404 1059 1459 1113 in
1508 1075 1803 1128 personam
1854 1061 2099 1116 novissi-

513 1163 654 1201 mam
684 1157 779 1201 aut
815 1150 1118 1202 novissime
1163 1148 1423 1203 ostendet
1474 1150 1713 1218 aliquam
1753 1165 2048 1219 personam
2079 1168 2093 1204 :

512 1255 620 1291 non
670 1248 820 1293 certe
872 1240 995 1293 loco
1027 1238 1110 1292 sui
1157 1238 1332 1307 ipsius
1379 1238 1673 1292 ostendere
1724 1240 1968 1308 aliquam
2015 1241 2098 1294 al-

512 1340 687 1385 teram
715 1346 1047 1400 personam,
1091 1338 1153 1383 ut
1186 1330 1396 1392 dicitis,
1432 1329 1566 1383 illud
1598 1337 1683 1383 est
1718 1330 1853 1384 unio
1882 1331 1936 1385 in
1969 1347 2099 1400 per--

512 1440 727 1486 sonam,
756 1433 848 1476 aut
869 1422 1245 1477 manifestatio
1266 1422 1495 1476 alterius
1512 1438 1763 1492 personae
1781 1423 2095 1493 incognita,

512 1524 607 1577 sed
671 1537 702 1577 e
753 1521 1036 1576 contrario
1084 1521 1386 1574 occultatio
1432 1535 1685 1589 persona:
1738 1519 1793 1572 in
1843 1520 2097 1587 antiper-

515 1630 744 1677 sonam,
795 1616 973 1668 solum
1024 1626 1207 1667 autem
1261 1612 1503 1666 nominis
1551 1610 1904 1665 declaratio:
1962 1610 2096 1664 illud

510 1711 674 1763 etiam
703 1708 820 1761 sine
852 1721 1086 1777 persona
1118 1714 1334 1775 poterat
1364 1704 1685 1758 annuntiari
1726 1720 1756 1757 a
1793 1704 2093 1773 propheta:

509 1817 617 1871 qua
652 1801 863 1854 ratione
892 1796 1347 1853 connectuntur?
1377 1798 1484 1851 Ant
1514 1812 1621 1865 qua
1661 1796 1877 1849 ratione
1918 1795 2095 1865 parti-

508 1894 736 1963 cipant?
761 1892 869 1946 Aut
906 1908 1013 1961 qua
1042 1892 1256 1945 ratione
1290 1889 1560 1943 uniuntnr
1603 1898 1798 1943 mutuo
1834 1896 1894 1941 ut
1933 1888 2004 1942 sit
2029 1887 2096 1942 de

507 1987 631 2041 aliis
659 1984 875 2039 rebus?
916 1983 971 2038 Si
1002 1983 1225 2053 quidem
1255 1981 1404 2036 enim
1455 1980 1824 2034 similitudine
1846 2019 1860 2042 ,
1892 1979 2096 2033 iterum

508 2080 651 2133 Deus
675 2092 839 2142 caro,
887 2092 1018 2131 caro
1053 2076 1296 2131 Verbum
1345 2074 1453 2128 erit
1487 2091 1500 2126 :
1546 2072 1707 2142 quale
1737 2080 1922 2125 autem
1956 2085 2097 2138 opus

509 2184 629 2227 erat
674 2172 1041 2229 similitudine
1075 2188 1202 2227 cum
1238 2186 1351 2225 non
1403 2170 1458 2223 in
1496 2166 1729 2222 veritate
1774 2163 2096 2235 principalis

506 2282 767 2337 persona,
800 2266 895 2319 sed
944 2264 1145 2319 similis
1166 2262 1617 2316 manifestaretur
1648 2257 1725 2311 illi
1762 2272 1885 2325 qua:
1909 2254 2097 2309 occul-

508 2360 611 2414 tari
645 2359 868 2413 nolebat
896 2358 1168 2427 amplius?
1204 2357 1260 2411 Si
1296 2371 1427 2409 vero
1458 2361 1546 2407 est
1580 2347 2001 2412 dissimilitudo,
2038 2346 2093 2401 in

508 2467 618 2521 quo
654 2458 873 2505 constat
924 2450 1057 2503 unio
1101 2445 1510 2517 personarum?
1566 2441 1857 2509 Quomodo
1908 2448 2095 2495 autem

514 2562 625 2599 non
679 2559 926 2598 errorem
984 2542 1160 2597 solum
1225 2539 1451 2594 inducet
1520 2535 1917 2605 investigatio,
1969 2549 2094 2589 cum

511 2636 723 2705 aliquid
751 2633 903 2688 aliud
936 2632 1266 2687 ostendetur
1294 2639 1356 2683 ut
1386 2627 1558 2689 aliud,
1587 2635 1644 2680 et
1678 2642 1789 2680 non
1821 2635 1881 2680 ut
1915 2626 2093 2695 ipsum

509 2729 631 2783 est?
654 2728 877 2796 Utique,
909 2725 1108 2795 inquit,
1139 2724 1329 2778 divino
1358 2720 1583 2775 nomine
1605 2718 2092 2789 uniunturjambo:

508 2822 735 2892 dignum
761 2821 907 2875 enim
935 2820 1184 2873 habitum
1212 2829 1295 2873 est
1323 2816 1497 2870 divini
1530 2814 1778 2871 nominis
1807 2812 1957 2883 quod
1982 2828 2095 2867 non

505 2916 628 2963 erat
659 2917 856 2962 natura
906 2908 1178 2961 divinum.
1242 2906 1436 2961 Nonne
1481 2906 1653 2977 igitur
1696 2903 1990 2958 manifeste
2037 2902 2094 2957 in

508 3016 708 3054 vanam
760 2999 1268 3053 denominationem
1300 2997 1461 3051 vobis
1509 3010 1721 3065 magna;
1766 2994 1972 3049 Christi
2004 2992 2095 3046 di-

507 3095 747 3165 gnitates
798 3109 866 3146 ex
919 3091 1184 3146 diuturna
1250 3089 1612 3144 distinctione
1680 3086 2096 3141 occurrerunt?

1757 394 2067 457 LEONTII
2108 396 2510 462 BYZANTINI

765 504 909 559 sicut
946 504 1095 559 enim
1138 504 1193 558 in
1228 506 1675 561 commistionem
1708 508 1842 561 unio
1868 548 1884 572 ,
1938 522 2095 562 com-

2202 510 2414 575 ἓνωσις·
2456 514 2645 585 ὥσπερ
2678 517 2788 589 γάρ
2835 521 2869 590 ἡ
2923 521 3002 586 είς
3055 522 3255 597 φύρσιν
3305 526 3537 593 ἓνωσις,

3654 418 3797 485 1636

3586 532 3795 604 φύρσιν

2201 606 2369 668 ποιεῖ,
2404 602 2517 659 οἷον
2572 610 2604 678 ἡ
2644 609 2738 663 τοῦ
2772 612 3078 683 ὀξυκράτου
3102 633 3117 648 ·
3150 620 3245 671 καὶ
3278 618 3468 693 ὥσπερ
3501 624 3536 694 ή
3569 602 3795 687 είςήσύο

2203 694 2393 748 στασίν
2424 713 2547 751 τινα
2595 698 2811 765 ἓνωσις,
2846 702 3106 758 σύστασιν
3148 711 3314 771 ποιεῖ,
3348 705 3461 765 οἷον
3492 713 3527 784 ἡ
3572 714 3668 768 τοῦ
3701 734 3793 786 χο-

2203 784 2319 854 ροῦ·
2353 789 2453 876 καίΔ
2484 788 2675 862 ὥσπερ
2711 793 2742 861 ἡ
2773 795 2853 855 είς
2884 797 3193 867 παράθεσιν
3221 800 3438 867 ἓνωσις,
3480 784 3792 876 παράθεσιν

2201 879 2363 941 ποιεῖ,
2395 873 2510 933 οἷον
2553 882 2586 950 ἡ
2617 882 2709 935 τοῦ
2748 884 2922 938 οἴκου·
2956 889 3051 941 καὶ
3084 890 3331 963 ὥσπερὴ
3360 894 3440 956 είς
3471 873 3633 963 φύσιν
3661 899 3793 953 τινὰ

2200 967 2414 1033 ἕνωσις,
2461 972 2623 1041 φύσιν
2667 982 2830 1043 ποιεῖ,
2867 974 2980 1034 οἷον
3027 983 3060 1053 ἡ
3102 983 3196 1036 τοῦ
3230 984 3485 1056 σώματος
3528 989 3638 1042 ἀπὸ
3675 992 3791 1043 τῶν

2202 1064 2483 1133 στοιχείων
2506 1083 2520 1097 ·
2551 1066 2696 1122 οὕτω
2728 1072 2823 1123 καὶ
2853 1073 2885 1141 ἡ
2917 1074 2997 1135 είς
3029 1074 3324 1144 πρόσωπον
3373 1078 3569 1142 ἓνωσις
3600 1082 3791 1134 καινό-

2199 1155 2358 1226 τερόν
2393 1157 2505 1228 τιῆ
2550 1162 2880 1233 καινοτέρως
2920 1164 3084 1229 δείξει
3131 1184 3184 1220 τι
3215 1170 3529 1237 πρόσωπον·
3577 1173 3639 1226 οὐ
3677 1175 3790 1244 μὴν

2199 1248 2329 1315 τόγε
2363 1249 2483 1302 ἀντὶ
2530 1251 2725 1306 ἑαυτοῦ
2755 1255 3028 1311 δεικνύναι
3063 1259 3186 1312 τινὰ
3230 1259 3421 1331 ἕτερον
3463 1262 3785 1333 πρόσωπον,

2199 1339 2275 1402 ὥς
2299 1360 2454 1409 φατε,
2488 1343 2648 1399 τοῦτο
2694 1347 2727 1415 ἡ
2782 1347 2974 1409 Evolat;
3026 1351 3143 1402 ἐστι
3197 1352 3231 1422 ἡ
3272 1354 3354 1415 είς
3398 1354 3716 1424 πρόσωπον,
3752 1357 3787 1425 ἡ

2200 1434 2507 1503 φανέρωσις
2538 1437 2633 1490 τοῦ
2684 1439 2877 1509 ἑτέρου
2909 1440 3205 1508 προσώπου
3253 1442 3348 1496 τοῦ
3395 1446 3785 1516 ἀγνοουμένου,

2199 1526 2335 1580 ἀλλὰ
2365 1530 2677 1583 τούναντίον
2701 1532 3014 1602 ἀπόκρυψις
3052 1536 3350 1605 προσώπου
3380 1541 3459 1603 είς
3488 1540 3790 1611 ἀντιπρόσ-

2198 1637 2367 1679 ωπον,
2396 1622 2557 1688 μόνον
2585 1624 2639 1675 δὲ
2667 1623 2933 1694 ὀνόματος
2964 1627 3244 1696 ἐκφανσις·
3272 1630 3301 1683 ὃ
3330 1633 3423 1685 καὶ
3454 1633 3583 1686 ἄνευ
3613 1651 3791 1705 προσ·-

2198 1710 2351 1765 ώπου
2384 1712 2605 1766 δυνατὸν
2656 1710 2724 1785 ἦν
2762 1716 3130 1786 κηρύττεσθαι
3187 1721 3255 1774 δι’
3292 1722 3573 1792 ὑποφήτου
3606 1741 3623 1757 ·
3682 1725 3788 1780 τίνι

2199 1805 2307 1874 γάρ
2340 1807 2657 1876 συνέχεται;
2692 1808 2725 1879 ἢ
2757 1809 2864 1863 τίνι
2912 1816 3196 1879 κοινωνεῖ;
3245 1815 3278 1885 ἦ
3333 1815 3439 1869 τίνι
3474 1817 3685 1887 ἥνωται
3715 1818 3791 1871 τὰ

2200 1897 2379 1950 τοιάδε
2438 1900 2674 1954 ἁντάλλα
2729 1903 3031 1973 πράγματα
3088 1904 3374 1976 ἀλλήλοις;
3424 1910 3472 1961 εί
3532 1910 3631 1978 μὲν
3673 1911 3791 1980 γὰρ

2197 1990 2498 2059 ὁμοιότητι,
2528 1992 2693 2046 πάλιν
2731 1995 2866 2060 Θεὸς
2901 1998 2934 2066 ἡ
2983 1996 3139 2069 σὰρξ,
3173 1998 3202 2068 ἢ
3240 1998 3377 2070 σὰρξ
3405 2002 3431 2054 6
3461 2000 3652 2068 Λόγοςο
3698 2000 3790 2066 τίς

2197 2082 2255 2135 δὲ
2290 2085 2385 2136 καὶ
2427 2084 2588 2154 χρεία
2620 2081 2687 2156 ἧν
2726 2087 2826 2157 τῆς
2862 2089 3179 2159 ὁμοιότητος
3226 2090 3413 2161 οῦτης,
3454 2094 3527 2163 μὴ
3557 2095 3615 2146 ὲν
3644 2093 3790 2164 άλη-

2200 2176 2321 2247 θεία
2360 2177 2422 2229 τὸ
2456 2178 2650 2250 κύριον
2686 2183 3003 2251 πρόσωπον,
3052 2183 3190 2236 ἀλλὰ
3228 2185 3288 2237 τὸ
3329 2186 3514 2254 ὅμοιον
3544 2188 3791 2255 ἐμφανι-

2200 2270 2394 2340 σθῆναι
2428 2270 2504 2340 τῷ
2542 2272 2617 2341 μὴ
2668 2276 2965 2344 σκαιωρεῖν
3021 2273 3335 2345 βουλομένῳ
3368 2275 3608 2346 utinm;
3646 2278 3697 2329 εί
3727 2276 3792 2329 δὲ

2199 2361 2435 2431 ἀνόμοιά
2474 2363 2614 2426 ἐστι,
2649 2364 2707 2416 ἐν
2732 2365 2838 2417 τίνι
2870 2366 2902 2435 ή
2933 2364 3127 2431 ἕνωσις
3157 2366 3265 2420 τῶν
3292 2366 3631 2436 προσώπων;
3664 2365 3791 2427 πῶς

2196 2455 2255 2509 δὲ
2286 2456 2346 2509 ού
2388 2456 2655 2525 πλάνησις
2693 2456 2854 2526 μόνον
2895 2457 3241 2526 ἐπιτήδευσις
3278 2459 3452 2524 ἔσται,
3480 2458 3539 2511 τδ
3568 2456 3697 2511 ἄλλο
3730 2474 3791 2510 τι

2197 2549 2368 2616 δεῖξαι
2391 2550 2467 2613 ώς
2489 2550 2638 2615 ἄλλο,
2673 2550 2766 2603 καὶ
2805 2550 2904 2621 οὐχ
2937 2549 3013 2613 ὡς
3041 2551 3174 2604 αὐτὸ
3219 2551 3247 2605 ὅ
3295 2551 3412 2604 ἐστι
3434 2567 3447 2617 ;
3471 2550 3599 2616 Ναὶ,
3623 2551 3789 2621 φησὶ,

2195 2639 2274 2709 τῷ
2303 2640 2432 2710 θείῳ
2478 2640 2703 2710 ὀνόματι
2741 2642 2945 2711 ἥνωται
2976 2642 3165 2711 ἄμφω
3201 2642 3408 2713 ἠξιώθη
3451 2643 3560 2713 γὰρ
3594 2643 3689 2695 καὶ
3722 2642 3792 2695 τὸ

2201 2730 2275 2801 μὴ
2312 2730 2471 2797 φύσει
2501 2730 2645 2784 θεῖον
2701 2732 2797 2784 τοῦ
2829 2730 2975 2797 θείου
3016 2731 3301 2801 ὀνόματος.
3338 2727 3491 2803 τΑρει
3522 2734 3619 2785 οὐκ
3669 2732 3788 2785 ἰδοὺ

2199 2823 2388 2891 σαφῶς
2415 2824 2495 2886 είς
2524 2822 2621 2893 τὴν
2649 2823 2909 2893 διακενῆς
2949 2824 3249 2893 ὀνομασίαν
3279 2824 3411 2893 ὑμῖν
3455 2822 3523 2876 τὰ
3569 2822 3792 2894 μεγάλα.

2196 2914 2437 2987 Χριστοῦ
2467 2915 2758 2985 ἀξιώματα
2791 2914 2857 2967 ἐκ
2892 2916 3109 2987 μακρᾶς
3159 2914 3481 2985 διαιρέσεως
3506 2916 3793 2986 κατηντή-

2197 3025 2364 3073 κασι;
2398 3008 2628 3078 μηδενὸς
2650 3011 2758 3081 γὰρ
2790 3009 2944 3073 ὄντος
2981 3009 3132 3081 αὐτῷ
3165 3009 3287 3063 καθ’
3316 3010 3345 3063 ὃ
3382 3012 3628 3062 κοινωνεί
3662 3009 3792 3079 Θεῷ

2198 3101 2385 3172 ἑτέρου
2414 3102 2762 3173 πράγματος,
2811 3103 2952 3175 πλὴν
2999 3103 3093 3157 τοῦ
3132 3103 3395 3170 ὀνόματος
3434 3102 3616 3172 μόνον,
3664 3101 3791 3165 πῶς

506 3186 643 3240 Cum
692 3184 839 3239 enim
880 3184 1029 3237 nulla
1063 3182 1136 3237 sit
1167 3181 1268 3251 ipsi
1298 3182 1401 3235 alia
1446 3196 1536 3235 res
1577 3178 1884 3234 secundum
1923 3192 2088 3246 quam

2202 3195 2317 3264 οὐχὶ
2347 3194 2490 3247 κατὰ
2515 3193 2613 3265 τὴν
2642 3194 2753 3247 τῶν
2782 3196 3093 3266 ὁμωνύμων
3122 3195 3337 3259 ἕνωσιν,
3365 3195 3465 3264 τὴν
3494 3194 3631 3246 κατὰ
3656 3191 3793 3246 τοῦ·

508 3276 802 3348 participet
842 3276 976 3338 Deo,
1020 3274 1126 3329 nisi
1160 3290 1361 3328 nomen
1396 3273 1611 3337 solum,
1657 3269 1940 3341 quomodo
1979 3284 2092 3323 non

509 3367 816 3422 secundum
863 3367 1329 3435 homonymorum
1364 3362 1625 3416 unionem
1655 3361 1883 3414 habebit
1922 3360 2093 3413 Chri-

508 3472 628 3515 stus
661 3459 1141 3531 participationem
1173 3474 1299 3512 cum
1330 3457 1443 3511 Deo
1472 3471 1593 3525 qua:
1620 3454 1679 3507 fit
1709 3456 1862 3525 juxta
1890 3468 2095 3507 nomen

508 3553 722 3614 solum,
752 3567 861 3606 non
890 3561 1074 3606 autem
1129 3549 1437 3605 secundum
1485 3563 1600 3601 rem
1647 3546 1857 3601 nomini
1905 3545 2096 3615 subja-

510 3657 725 3702 centcm
751 3646 773 3698 ί
804 3645 1045 3715 Hujusce
1090 3658 1222 3697 vere
1252 3650 1308 3697 et
1339 3641 1521 3711 angeli
1550 3640 1683 3694 olim
1730 3648 1789 3693 et
1837 3639 2097 3693 homines

510 3740 633 3810 puri
668 3755 699 3793 a
747 3739 860 3792 Deo
890 3736 1040 3807 digni
1075 3735 1249 3790 habiti
1283 3744 1434 3799 sunt,
1464 3740 1595 3787 ante
1640 3740 1701 3786 ut
1730 3731 1941 3785 dictum
1971 3737 2093 3785 est:

510 3840 569 3884 et
604 3830 883 3884 dzcmones
909 3838 965 3883 et
1004 3828 1301 3882 simulacra
1333 3834 1390 3880 et
1425 3822 1669 3878 volatilia
1696 3830 1752 3876 et
1791 3822 2010 3891 reptilia
2042 3830 2101 3877 et

512 3922 725 3993 lapides
770 3921 921 3991 digni
954 3920 1126 3975 habiti
1168 3928 1299 3974 sunt
1335 3918 1404 3973 ab
1451 3915 1774 3971 hominibus
1812 3914 2000 3983 diique
2043 3924 2101 3971 et

514 4011 726 4066 domini
759 4020 815 4064 et
848 4009 942 4064 lilii
990 4010 1083 4064 Dei
1129 4018 1187 4063 et
1218 4007 1451 4062 deorum
1478 4006 1612 4060 dicti
1650 4013 1782 4059 sunt
1825 4022 1839 4057 :
1878 4005 1935 4059 in
1975 4006 2098 4059 istis

516 4103 683 4173 igitur
727 4103 831 4165 sita
878 4110 964 4156 est
1011 4099 1352 4155 beatiﬁcatio
1402 4096 1609 4152 Christi
1656 4112 1827 4166 supra
1868 4095 2101 4151 omnes?

517 4197 640 4251 llaec
674 4205 759 4252 est
786 4195 1132 4251 excelsitudo
1155 4194 1363 4249 donum
1395 4191 1590 4262 ipsius,
1616 4189 1751 4243 falsa
1786 4190 1880 4245 Dei
1911 4190 2103 4260 appel-

516 4290 688 4344 latio?
721 4290 864 4345 Proh
893 4288 1281 4344 confusionem
1307 4284 1660 4356 dogmatuml
1694 4302 1726 4341 ο
1761 4285 1949 4342 futiles
1968 4301 2102 4356 pro-

518 4378 822 4447 positiones
848 4380 861 4431 ι

588 4472 787 4526 Dicant
833 4472 1001 4543 igitur
1050 4471 1233 4528 adhuc
1266 4473 1428 4529 nobis
1460 4491 1474 4528 :
1528 4475 1733 4546 quippe
1764 4474 2099 4545 homonyma

2199 3306 2338 3357 νομα
2376 3287 2535 3359 μόνον
2569 3287 2722 3342 ἔσται
2748 3288 2887 3359 ἔχων
2920 3288 3018 3360 τὴν
3060 3288 3196 3358 πρὸς
3248 3288 3383 3341 Θεὸν
3418 3284 3709 3341 κοινωνίαν
3760 3288 3794 3340 6

2197 3381 2453 3450 Χριστὸς,
2487 3381 2609 3451 οὐχὶ
2641 3381 2698 3434 δὲ
2732 3381 2873 3435 κατά
2911 3381 2972 3434 τὸ
3019 3380 3382 3451 ὑποκείμενον
3427 3378 3503 3449 τῷ
3556 3379 3793 3448 ὀνόματι

2198 3474 2468 3543 apium;
2503 3473 2709 3544 ταύτης
2750 3474 2795 3527 δ’
2835 3473 2929 3527 οῦν
2959 3474 3051 3526 καὶ
3082 3472 3305 3541 ἄγγελοι
3341 3471 3510 3526 πάλαι
3556 3472 3653 3524 καὶ
3694 3472 3795 3524 ἄν-

2200 3562 2409 3633 θρωποι
2447 3564 2583 3617 ὅσιοι
2632 3563 2738 3616 ὑπὸ
2782 3562 2920 3616 Θεοῦ
2951 3562 3230 3633 ἠξίωνται,
3280 3562 3645 3631 προείρηταιο
3692 3560 3797 3612 καὶ

2198 3654 2452 3724 δαίμονες
2488 3654 2547 3707 δὲ
2577 3654 2673 3707 κα)⁵
2709 3652 2872 3719 ξόανα
2902 3653 2999 3706 καὶ
3047 3651 3274 3706 πετεινὰ
3307 3653 3401 3705 καὶ
3450 3650 3660 3721 ἑρπετὰ
3692 3652 3797 3705 καὶ

2198 3744 2339 3799 λίθοι
2371 3745 2682 3816 ἠξιώθησαν
2726 3746 2829 3799 ὑπὸ
2878 3744 2990 3798 τῶν
3042 3744 3371 3815 ἀνθρώπων,
3408 3742 3531 3796 Θεοί
3578 3758 3641 3794 τε
3692 3743 3795 3794 καὶ

2201 3838 2381 3911 κύριοι
2415 3840 2509 3893 καὶ
2531 3840 2639 3893 υἱοὶ
2664 3838 2803 3892 Θεοῦ
2826 3840 2921 3893 καὶ
2948 3838 3089 3893 θεῶν
3127 3838 3433 3910 λεχθέντες.
3458 3837 3549 3891 Ἐν
3581 3836 3799 3899 τούτοις

2199 3932 2293 3987 οὖν
2317 3934 2345 3986 6
2384 3931 2732 4003 μακαρισμὸς
2760 3930 2996 4002 Χριστοῦ
3027 3930 3178 4000 παρὰ
3202 3929 3445 3993 πάντας;
3477 3927 3638 3981 τοῦτό
3672 3927 3799 3979 ἐστι

2200 4027 2261 4079 τὸ
2305 4024 2653 4097 ύπερύψωμα
2679 4024 2851 4093 δῶρον
2888 4022 3077 4083 αὑτοῦ,
3107 4023 3139 4091 ἡ
3175 4020 3533 4092 ψευδώνυμος
3562 4018 3803 4088 θεοκλη-

2204 4115 2323 4178 σίας
2355 4113 2400 4167 ὢ
2446 4115 2546 4184 τῆς
2589 4112 2853 4183 αἰσχύνης
2897 4113 3009 4166 τῶν
3049 4111 3337 4184 δογμάτων
3369 4111 3382 4164 l
3410 4109 3457 4164 ὦ
3492 4109 3587 4163 τοῦ
3616 4108 3798 4179 λήρου

2201 4206 2312 4261 τῶν
2342 4207 2551 4279 προὸλη
2560 4206 2744 4278 μάτων
2770 4205 2783 4257 ί

2280 4475 2603 4545 Λεγέτωσαν
2656 4473 2750 4529 οὖν
2806 4473 2942 4546 ἡμῖν
2996 4472 3098 4527 ἔτι·
3145 4472 3270 4527 ἐπεὶ
3319 4472 3389 4527 τὰ
3432 4469 3726 4542 ὁμώνυμα,
3763 4471 3804 4543 ἦ

516 4571 613 4617 aut
638 4579 758 4632 quae
807 4571 937 4617 sunt
965 4565 1214 4634 ejusdem
1257 4566 1580 4622 substantiae
1627 4583 1695 4621 ex
1728 4567 1956 4637 speciali
1999 4582 2098 4621 no-

2204 4567 2468 4639 ὀμοούσιά
2500 4569 2648 4620 ἐστιν
2677 4568 2735 4632 ἐξ
2768 4565 2940 4620 ίδικοῦ
2970 4565 3235 4636 ὀνόματος
3266 4562 3691 4634 ὁμωνυμοῦντα,
3721 4564 3809 4627 ὡς

521 4654 669 4707 mine
702 4653 847 4708 idem
898 4670 1099 4710 nomen
1147 4655 1371 4719 habent,
1405 4666 1466 4711 ut
1492 4657 1667 4713 Judas
1711 4656 2000 4713 lscariotes
2041 4666 2099 4711 et

520 4745 692 4800 Judas
736 4746 905 4799 frater
950 4746 1167 4801 Domini
1209 4764 1223 4801 :
1260 4748 1347 4801 vel
1386 4755 1516 4802 sunt
1566 4749 1816 4817 quaedam
1860 4748 2097 4804 diversa:

523 4839 845 4894 substantia
889 4855 1013 4909 quae
1036 4855 1102 4893 ex
1137 4840 1417 4895 communi
1445 4841 1668 4896 nomine
1718 4842 1863 4897 idem
1894 4856 2099 4897 nomen

524 4931 766 5011 habeant
816 4940 879 4985 ut
924 4932 1082 4987 stella
1131 4933 1300 4989 maris
1346 4942 1403 4987 et.
1448 4933 1606 4989 stella
1640 4934 1765 4988 coeli
1793 4975 1806 4997 ,
1838 4934 1925 4988 vel
1972 4942 2103 4989 sunt

523 5024 773 5093 quaedam
815 5024 1046 5079 diversae
1070 5025 1394 5081 substantia),
1428 5041 1665 5096 quorum
1696 5026 1929 5081 alterum
1972 5027 2101 5095 qui-

524 5118 671 5181 dem,
708 5135 775 5173 ex
822 5118 1105 5173 communi
1140 5120 1363 5175 nomine
1387 5160 1402 5185 ,
1430 5128 1487 5174 et
1508 5120 1746 5175 alterum
1775 5133 1843 5172 ex
1875 5119 2103 5187 speciali

525 5210 671 5265 idem
715 5226 916 5265 nomen
954 5211 1144 5275 habet,
1180 5220 1241 5265 ut
1273 5212 1502 5283 angelus
1527 5212 1621 5281 qui
1656 5219 1742 5265 est
1772 5210 2022 5280 spiritus,
2049 5219 2105 5266 et

524 5302 792 5371 propheta
818 5303 912 5372 qui
938 5302 1143 5356 dicitur
1172 5303 1466 5359 Malachias
1487 5312 1583 5356 aut
1607 5302 1847 5356 alterum
1875 5301 2102 5371 quidem

525 5394 854 5453 substantia,
874 5394 1109 5448 alterum
1133 5410 1266 5449 vero
1284 5394 1594 5448 substantia
1612 5409 1829 5457 carens,
1854 5404 1913 5448 ut
1939 5394 2105 5458 λύκος

526 5482 619 5552 qui
655 5494 743 5538 est
772 5483 973 5536 animal
1018 5492 1072 5536 et
1121 5483 1316 5537 animze
1367 5482 1639 5536 affectus:
1682 5484 1837 5554 juxta
1886 5484 2105 5553 qualem

529 5576 792 5629 unionem
816 5575 1011 5629 harum
1036 5590 1217 5628 rerum
1247 5573 1554 5628 secundum
1576 5590 1779 5629 nomen
1801 5576 2104 5641 unitarum,

530 5666 718 5722 habita
774 5667 907 5721 unio
950 5665 1155 5721 Christi
1190 5664 1436 5720 nominis
1486 5680 1610 5720 cum
1638 5668 1863 5722 nomine
1908 5668 2005 5723 Dei
2053 5677 2109 5723 et

532 5757 699 5811 Verbi
720 5765 775 5811 et
796 5758 919 5812 Filii
940 5756 1055 5823 Dei,
1082 5757 1262 5827 ipsum
1291 5754 1575 5811 meliorem
1594 5799 1608 5816 .
1641 5761 2107 5815 autexcelsiorem

535 5846 723 5914 aliquo
758 5847 923 5900 modo
959 5848 1125 5904 faciet
1150 5857 1245 5905 aut
1269 5846 1479 5918 aliquid
1505 5848 1606 5919 ipsi
1638 5850 1923 5919 proderit?
1961 5853 2109 5909 Nihil

2218 4660 2420 4724 Ἰούδας
2457 4662 2484 4715 6
2511 4658 2869 4732 Ἰσκαριώτης
2914 4659 3013 4711 καὶ
3066 4658 3268 4720 Ἰούδας
3297 4658 3325 4709 6
3365 4655 3692 4725 ἀδελφὸθεος
3715 4673 3728 4686 ·
3766 4656 3804 4727 ἦ

2208 4752 2524 4823 ἐτεροούσιά
2556 4751 2674 4806 ὲστί
2720 4768 2840 4804 τινα
2888 4750 2997 4804 ἀπὸ
3042 4748 3225 4803 κοινοῦ
3265 4748 3531 4818 ὀνόματος
3559 4746 3804 4817 ώμωνυ-

2211 4844 2435 4917 μοῦντα,
2460 4837 2573 4897 οἷον
2606 4843 2781 4914 ἀστὴρ
2812 4842 2840 4896 ὃ
2880 4860 2940 4895 τε
2975 4840 3264 4903 θαλάττιος
3314 4840 3410 4894 καὶ
3452 4838 3730 4909 οὐράνιος,
3769 4839 3806 4909 ἦ

2208 4936 2527 5009 ὲτεροούσιά
2558 4952 2622 5006 γε
2641 4952 2657 4969 ο
2682 4935 2777 4989 καὶ
2814 4934 3023 4988 τούτων
3063 4934 3292 5004 θάτερον
3322 4931 3440 5002 μὲν,
3472 4930 3581 4984 ἀπὸ
3610 4929 3807 4983 κοινοῦ

2209 5029 2492 5099 ὀνόματος·
2517 5031 2613 5082 καὶ
2658 5028 2866 5099 ἕτερον,
2910 5027 2969 5093 ἐξ
3006 5024 3175 5079 ίδικοῦ
3202 5024 3516 5093 ὁμωνυμεῑ,
3549 5014 3665 5074 οἷον
3696 5019 3807 5088 ἄγ-

2209 5123 2367 5191 γελος
2418 5121 2478 5175 τό
2525 5138 2585 5175 τε
2636 5119 2875 5190 πνεῦμα,
2905 5119 2999 5173 καὶ
3049 5120 3077 5171 6
3113 5117 3401 5187 προφήτης
3444 5114 3473 5166 6
3505 5112 3809 5181 λεγόμενος

2211 5212 2519 5284 Μαλαχίας
2543 5213 2577 5283 ἢ
2606 5213 2831 5282 θάτερον
2861 5211 2961 5282 μὲν
2981 5209 3164 5276 οὐσία,
3194 5208 3423 5275 θάτερον
3447 5205 3502 5259 δὲ
3525 5203 3808 5267 ἁνούσιον,

2212 5304 2289 5368 ὡς
2318 5303 2482 5366 λύκος
2524 5303 2586 5356 τό
2632 5319 2691 5355 τε
2736 5301 2873 5367 ζῶον
2909 5302 3003 5355 καὶ
3068 5300 3130 5352 τὸ
3184 5298 3394 5361 πάθοςο
3447 5295 3588 5349 κατὰ
3641 5295 3809 5348 ποίαν

2211 5395 2381 5449 τῶνδε
2406 5395 2513 5449 τῶν
2545 5395 2685 5449 κατὰ
2718 5394 2960 5465 τοῦνομα
2992 5392 3316 5462 ἡνωμένων,
3346 5391 3379 5461 ἡ
3413 5388 3507 5442 τοῦ
3532 5387 3809 5456 ὀνόματος

2216 5485 2453 5557 Χριστοῦ
2478 5486 2616 5556 πρὸς
2641 5489 2702 5539 τὸ
2728 5486 2902 5555 ὄνομα
2929 5484 3022 5538 τοῦ
3050 5481 3185 5535 Θεοῦ
3222 5481 3319 5535 καὶ
3347 5480 3523 5547 Λόγου
3551 5479 3647 5532 καὶ
3669 5477 3807 5530 Υίοῦ

2216 5576 2310 5631 τοῦ
2339 5575 2475 5630 Θεοῦ
2510 5578 2705 5639 ἓνωσις
2731 5574 2886 5639 οῦσα,
2916 5574 2949 5646 ἢ
2985 5572 3106 5627 κατ’
3134 5570 3323 5625 οὐσίαν
3354 5568 3514 5622 αὐτόν
3536 5585 3589 5620 τι
3619 5583 3809 5637 κρειτ-

2216 5669 2402 5730 τώσει,
2442 5668 2475 5740 ἥ
2510 5668 2861 5741 ὑπερυψώσει
2898 5667 2932 5737 ἢ
2985 5666 3171 5735 ὀνήσει
3219 5680 3315 5729 τι;
3356 5661 3523 5714 Οὐδὲν
3557 5659 3669 5730 γάρ
3697 5660 3801 5723 τῶ)

2217 5761 2527 5832 ὁμωνύμων
2547 5760 2847 5815 ἀπολαύσει
2873 5758 3022 5820 τινὸς
3039 5755 3148 5809 τῶν
3174 5754 3271 5807 τοῦ
3292 5752 3609 5824 ὁμωνύμου·
3645 5751 3693 5803 εί
3729 5750 3807 5819 μὴ

2220 5854 2328 5926 ἄρα
2380 5851 2513 5907 αὐτὸ
2549 5852 2615 5925 δὴ
2667 5851 2827 5906 τοῦτό
2865 5866 3035 5921 φασι,
3083 5846 3145 5900 τὸ
3189 5847 3257 5916 τῇ
3305 5840 3666 5914 ψευδωνυμίᾳ
3706 5841 3809 5909 τὴν
