4116 6442
323 387 344 450 l
354 391 457 456 637

317 597 648 665 ἀγνοοῦντας
679 595 778 667 τὴν
807 595 901 650 τοῦ
940 597 1099 666 φύσει
1133 597 1269 651 Θεοῦ
1301 598 1440 668 πρὸς
1471 599 1598 661 τοὺς
1627 596 1902 667 ψευδωνύ-

319 708 454 760 μους
486 689 780 760 διάκρισινο
831 691 881 742 εί
936 690 992 743 δὲ
1040 689 1178 760 αὓτη
1227 691 1374 744 ἐστὶν
1432 691 1466 760 ή
1529 689 1741 759 μεγάλη
1775 687 1902 752 δόξα

315 782 581 854 Χριστοῦ,
611 782 820 852 ταύτης
855 782 1034 853 πολλῷ
1070 783 1338 854 πρότερον
1369 779 1610 854 Χριστοῦ
1653 780 1902 843 διάϐολός

313 892 375 927 τε
425 877 522 926 καὶ
567 873 822 944 δαίμονες
857 874 1321 944 ἐπιθυμήσαντες,
1352 874 1709 946 ἀπήλαυσαν·
1765 872 1906 926 ἀλλά-

316 966 411 1018 καὶ
442 965 557 1030 ζῶα
588 967 684 1019 καὶ
714 968 920 1037 ἑρπετά
947 965 1227 1037 ἠξίωνται,
1255 967 1330 1031 ὡς
1356 965 1595 1037 εἴρηται,
1618 966 1779 1035 τῆσδε
1803 982 1815 994 ‘
1837 968 1900 1019 ἐκ

318 1057 534 1110 πάντων
557 1055 649 1108 οὖν
678 1055 944 1110 δέδεικται
979 1056 1192 1127 τρανῶς
1241 1056 1315 1120 ὡς
1352 1055 1385 1126 ἢ
1424 1056 1544 1109 οὐδὲ
1581 1056 1747 1127 τιμῆς
1779 1056 1898 1109 οὐδὲ

315 1147 473 1216 δόξης
513 1147 634 1201 οὐδὲ
665 1147 828 1201 ἄλλου
854 1150 1000 1211 τινὸς
1028 1149 1135 1201 τῶν
1164 1148 1384 1219 ὑψηλῶν
1414 1149 1509 1201 καὶ
1527 1147 1704 1204 ,θείων
1729 1148 1898 1216 ἠξίω-

315 1259 405 1294 ται
437 1241 605 1304 ὅντως
656 1242 751 1295 καὶ
780 1242 1069 1312 πράγματι
1113 1243 1379 1312 Χριστός’
1411 1241 1443 1312 ἢ
1490 1243 1649 1314 εἴπερ
1679 1242 1893 1308 ἀληθῶς

315 1332 372 1382 ὲν
420 1329 634 1400 μεθέξει
666 1331 772 1384 τῶν
800 1332 960 1385 θείων
990 1333 1105 1386 ἐστὶ
1130 1332 1530 1404 προσηγοριῶν,
1559 1333 1636 1404 τῷ
1659 1332 1891 1403 πρώτως

315 1421 477 1474 αὐτὸν
509 1421 598 1474 τὸν
627 1421 844 1492 ἀληθῶς
879 1423 973 1474 καὶ
1003 1424 1164 1490 φύσει
1200 1423 1326 1476 τάδε
1353 1423 1722 1494 οἰκειούμενον
1757 1424 1899 1494 ἔχειν

317 1515 375 1567 ὲν
424 1514 604 1582 ἑαυτῷ
634 1514 768 1567 Θεοῦ
800 1513 993 1583 Λόγον·
1024 1514 1115 1568 διὰ
1149 1514 1303 1569 τοῦδε
1340 1515 1450 1585 γὰρ
1482 1517 1576 1568 καὶ
1616 1516 1796 1569 πάντα
1830 1515 1898 1570 τὰ

315 1605 450 1658 Θεοῦ
500 1606 642 1660 ἰδικά
688 1607 848 1677 μόνον
901 1607 997 1660 καὶ
1048 1607 1198 1676 αὐτῷ
1244 1608 1588 1676 συνεπόμενα
1643 1609 1899 1678 ἐξαίρετα

314 1699 559 1763 πλουτεῖ,
591 1701 684 1754 καὶ
711 1702 767 1753 ἐν
789 1699 968 1771 ἑαυτῷ
998 1701 1368 1755 ἐπιδείκνυται
1401 1701 1570 1765 ὅντως
1589 1703 1616 1754 ὀ
1638 1703 1895 1772 Χριστός.

1218 392 1616 455 ADVERSUS
1655 390 2205 453 NESTORIANOS.
2229 413 2289 425 -ο
2326 389 2633 450 ιιΒ.ἸιΙ.

205 503 219 511 ’
318 506 470 559 θείαν
495 503 652 568 δόξαν
682 502 1068 576 συναρπάζειν,
1098 504 1190 558 καὶ
1213 506 1583 576 ἀποφέρεσθαι
1618 505 1754 574 πρὸς
1778 504 1902 566 τοὺς

2012 502 2154 556 enim
2197 493 2661 571 homonymorum
2712 495 2933 553 fruetur
2987 493 3176 564 aliquo
3220 508 3287 548 ex
3333 492 3422 548 his
3465 511 3588 563 qua:

2001 293 2042 318 Χ

3453 381 3589 448 1638

2001 605 2130 648 sunt
2161 595 2478 665 homonymi
2514 611 2526 646 :
2562 593 2664 647 nisi
2696 602 2847 648 certe
2881 591 3014 645 illud
3050 591 3228 660 ipsum
3253 605 3374 644 esse
3403 589 3591 643 dicant

2001 686 2244 740 divinam
2289 687 2518 757 gloriam
2577 686 2712 739 falsa
2759 683 3138 738 nominatione
3183 683 3490 751 corripere,
3533 690 3590 735 et

2001 779 2229 850 gloriari
2279 794 2465 832 coram
2533 777 2641 831 illis
2705 777 2799 847 qui
2858 778 3116 846 ignorant
3161 774 3590 828 distinctionem

2002 873 2168 940 hujus
2203 871 2350 940 quod
2393 879 2476 924 est
2507 881 2704 923 natura
2736 878 2792 923 ct
2837 869 3004 938 hujus
3043 867 3189 937 quod
3237 875 3320 919 est
3367 866 3590 918 nomine

2011 959 2206 1013 ﬁctitio
2234 960 2397 1014 Deus.
2428 958 2485 1013 Si
2507 974 2641 1013 vero
2669 962 2786 1028 ipsa
2813 967 2899 1014 est
2927 974 3122 1028 magna
3153 957 3325 1026 gloria
3356 955 3587 1018 Christi,

2008 1053 2159 1108 illam
2203 1053 2378 1106 multo
2409 1061 2536 1106 ante
2579 1051 2864 1107 Christum
2910 1051 3165 1105 diabolus
3211 1058 3266 1104 et
3311 1049 3591 1104 daemones

2005 1145 2390 1200 desiderantes
2450 1152 2821 1214 perceperunt
2878 1162 2890 1197 :
2952 1143 3048 1198 sed
3116 1153 3173 1196 et
3222 1140 3482 1194 animalia
3535 1146 3593 1192 et

2003 1239 2227 1309 reptilia
2266 1239 2412 1292 illius
2453 1238 2617 1308 digna
2669 1237 2856 1290 habita
2909 1243 3076 1299 sunt,
3117 1243 3177 1288 ut
3218 1234 3429 1288 dictum
3461 1238 3588 1285 est:

1999 1346 2068 1385 ex
2097 1330 2362 1384 omnibus
2391 1329 2559 1400 igitur
2589 1336 2960 1382 monstratum
2993 1336 3078 1381 est
3102 1327 3250 1380 clare
3287 1333 3381 1378 aut
3411 1337 3591 1391 neque

2008 1422 2260 1484 honoris,
2311 1440 2494 1492 neque
2569 1422 2782 1492 gloriae,
2827 1435 3009 1490 neque
3069 1418 3302 1488 alicujus
3360 1415 3591 1468 alterius

2007 1515 2207 1570 horum
2249 1532 2374 1586 quae
2415 1525 2546 1570 sunt
2572 1515 2792 1569 excelsa
2839 1523 2896 1568 et
2945 1512 3132 1566 divina
3165 1511 3390 1580 dignum
3430 1505 3594 1560 habi-

2007 1618 2122 1664 tum
2158 1609 2330 1664 fuisse
2365 1625 2493 1663 vere
2527 1618 2584 1664 et
2616 1609 2843 1662 realiter
2889 1605 3175 1661 Christum
3207 1644 3221 1668 ,
3259 1610 3356 1656 aut
3381 1602 3427 1656 si
3458 1613 3590 1652 vere

2003 1712 2088 1759 est
2117 1703 2170 1757 in
2205 1702 2629 1773 participatione
2671 1699 2984 1754 divinarum
3013 1695 3472 1766 appellationum,
3519 1689 3593 1743 il-

311 1789 405 1848 lud
441 1805 694 1849 constare
721 1810 789 1850 ex
826 1811 892 1850 eo
921 1795 1066 1865 quod
1098 1795 1338 1864 primum
1364 1795 1565 1850 habeat
1622 1796 1680 1850 in
1710 1796 2009 1867 semetipso
2039 1797 2283 1852 Verbum
2331 1798 2449 1861 Dei,
2489 1797 2608 1850 haac
2671 1810 2804 1848 vere
2838 1804 3034 1848 natura
3095 1792 3200 1846 sibi
3249 1789 3543 1844 vindicans
3572 1781 3592 1821 ³

312 1886 436 1943 ideo
465 1889 612 1943 enim
677 1899 734 1944 et
801 1889 1062 1945 omnibus
1100 1888 1198 1944 Dei
1248 1890 1587 1961 specialibus
1630 1900 1848 1947 tantum
1900 1900 1957 1948 et
2017 1892 2122 1964 ipsi
2173 1891 2592 1964 pertinentibus
2645 1891 2881 1955 (litatur,
2925 1897 2983 1944 et
3029 1888 3147 1944 haec
3194 1888 3248 1941 in
3297 1883 3594 1950 semetipso

310 1983 534 2037 exhibet
563 1999 693 2037 vere
715 1981 994 2037 Christus.

387 2077 510 2130 Ἔτι
543 2076 650 2147 μὴν
675 2075 926 2141 λέγοντες
955 2068 1100 2131 οὗτοι
1125 2075 1283 2145 ἀξίας
1310 2077 1472 2132 αὑτὸν
1503 2079 1888 2151 μετειληφέναι

2064 2079 2281 2133 Rursus
2335 2090 2506 2146 porro
2570 2074 2821 2129 dicentes
2872 2073 2960 2127 isti
3029 2069 3349 2142 dignitatem
3413 2070 3594 2138 ipsum

311 2166 531 2221 οίασοῦν
563 2169 851 2239 μεγίστης,
874 2168 1360 2240 ἀποκρινέσθωσαν
1385 2172 1538 2241 ἡμῖν·
1567 2171 1714 2244 Αὕτη
1737 2171 1897 2226 ὁποία

314 2265 521 2334 ἐστὶνή
554 2263 711 2328 ἀξίας
742 2263 946 2334 φυσική
975 2280 1084 2328 τις,
1115 2263 1204 2316 οἶα
1229 2264 1262 2334 ή
1294 2264 1390 2317 τοῦ
1429 2263 1724 2336 ἀνθρώπου
1761 2265 1899 2335 πρὸς

314 2357 384 2410 τὰ
410 2359 582 2426 κτήνη
600 2354 722 2408 κατ’
746 2355 935 2409 οὐσίαν
951 2355 1216 2428 ὑπεροχὴ,
1244 2357 1379 2410 καθὸ
1404 2356 1642 2430 εἴρηται,
1673 2376 1691 2408 ‹
1712 2358 1900 2414 Πάντα

315 2446 595 2512 ὑπέταξας
631 2445 894 2499 ὑποκάτω
929 2445 1040 2498 τῶν
1080 2445 1258 2500 ποδῶν
1305 2447 1472 2501 αὐτοῦ
1519 2449 1770 2520 πρόϐατα
1804 2448 1901 2502 καὶ

318 2536 448 2608 βόας
487 2537 732 2604 audeas;
773 2555 792 2588 ι
832 2537 1324 2609 ἢσυμὸεϐηκῶσα,
1354 2539 1443 2594 οἵα
1493 2541 1526 2612 ἡ
1579 2539 1677 2594 τοῦ
1725 2541 1900 2594 Σαοὺλ

318 2633 456 2706 πρὸς
486 2632 613 2696 τοὺς
640 2632 949 2702 ὁμοφύλους
991 2633 1236 2704 ὓψωσιςς
1271 2636 1320 2688 εἰ
1349 2635 1447 2706 μὲν
1481 2636 1590 2707 γὰρ
1623 2636 1902 2709 συμϐεϐη-

317 2726 498 2792 κῶσα,
530 2726 758 2779 αὐτόθεν
793 2727 915 2781 οὐδὲ
952 2726 1075 2781 θεία
1107 2728 1230 2782 οὐδὲ
1270 2728 1551 2799 ἀξιόλογος
1582 2745 1598 2761 '
1627 2730 1758 2783 εἰδὲ
1799 2748 1902 2799 φυ-

323 2819 477 2890 σικὴ,
508 2819 666 2889 δῆλον
700 2819 775 2883 ὡς
807 2819 907 2873 οὐκ
936 2819 1052 2872 ἔστι
1083 2820 1254 2890 αὐτῆς
1283 2821 1534 2892 μετέχειν
1564 2822 1782 2892 ἀληθῶς
1805 2823 1902 2876 καὶ

320 2912 381 2964 οὐ
411 2911 814 2982 ψευδωνΰμως,
859 2912 952 2965 τὸν
995 2911 1070 2982 μὴ
1122 2912 1386 2984 πρότερον
1437 2913 1534 2984 τῆς
1578 2914 1700 2966 κατ’
1733 2913 1903 2985 αὐτὴν

321 3003 540 3073 φύσεως
587 3004 819 3073 τυχόντα
861 3020 875 3035 '
918 3005 1078 3076 εἰπερ
1116 3000 1209 3059 οῦν
1266 3003 1506 3073 φυσικῆς
1559 3004 1716 3070 ἀξίας
1765 3003 1901 3058 Θεοῦ

321 3097 558 3168 Χριστὸς
591 3096 905 3167 μετείληφε,
944 3097 1039 3150 καὶ
1070 3096 1130 3149 τὸ
1157 3096 1303 3162 Θεὸς
1335 3095 1552 3165 φύσεως
1595 3097 1766 3167 ὄνομα
1807 3113 1904 3150 κυ-

327 3190 459 3260 ρίως
489 3190 630 3255 ἐστὶ,
657 3190 816 3260 δῆλον
839 3190 914 3254 ὡς
935 3189 1034 3260 τὴν
1059 3188 1223 3260 φύσιν
1253 3188 1424 3260 αὐτὴν
1456 3189 1556 3258 τὴν
1587 3187 1738 3242 θείαν
1767 3206 1903 3259 κτηο

326 3288 560 3355 σάμενος
588 3286 804 3357 πρῶτον
825 3324 840 3349 ,
883 3280 952 3359 ἧς
977 3284 1082 3339 ἰδία
1110 3285 1257 3338 ἐστὶν
1290 3285 1323 3355 ἡ
1357 3282 1484 3350 ἀξία
1513 3283 1609 3336 καὶ
1639 3285 1671 3352 ἠ
1703 3283 1904 3352 ὀνομα-

328 3378 440 3441 σία,
470 3377 566 3431 καὶ
592 3375 766 3433 ταῦτα
793 3375 1246 3447 συνεκληρώσατο
1271 3391 1284 3408 ο
1319 3374 1517 3429 οὐκοῦν
1544 3373 1718 3446 ὀρθῶς
1750 3371 1905 3438 δοξά-

1998 2185 2162 2239 quam
2194 2169 2485 2222 maximam
2531 2165 2897 2237 participasse
2927 2204 2942 2227 ,
2985 2161 3354 2232 respondeant
3380 2159 3538 2214 nobis
3574 2175 3590 2212 :

1997 2263 2186 2330 Qualis
2241 2270 2326 2316 est
2389 2261 2629 2328 dignitas
2701 2257 2843 2313 ista?
2909 2255 3052 2310 Num
3107 2271 3213 2324 qua
3280 2251 3590 2315 naturalis,

1999 2355 2178 2425 qualis
2230 2363 2318 2409 est
2382 2354 2626 2407 hominis
2682 2367 2850 2421 super
2909 2349 3167 2404 animalia
3207 2345 3592 2402 substantialis

2000 2449 2336 2518 praestantia,
2376 2453 2539 2518 prout
2583 2445 2793 2500 dictum
2823 2453 2908 2498 est
2949 2460 2963 2496 :
3003 2462 3019 2493 ε
3059 2440 3253 2495 Omnia
3304 2437 3589 2508 subjecisti

2001 2539 2106 2594 sub
2170 2539 2404 2609 pedibus
2435 2538 2590 2607 ejus,
2631 2552 2761 2592 oves
2794 2547 2851 2590 et
2901 2534 3072 2588 boves
3122 2532 3409 2585 universas
3429 2529 3528 2582 ενι
3568 2546 3590 2580 ι

2001 2633 2086 2688 An
2118 2631 2394 2694 accidens,
2428 2630 2608 2699 qualis
2655 2643 2821 2698 supra
2863 2625 3208 2682 contribules
3253 2617 3434 2677 Saulis
3479 2620 3593 2674 cel-

2003 2724 2241 2780 situdo?
2283 2722 2340 2777 Si
2382 2723 2608 2792 quidem
2657 2721 2806 2776 enim
2857 2719 3145 2781 accidens,
3203 2731 3270 2770 eo
3317 2716 3436 2784 ipso
3491 2726 3595 2766 nec

2004 2818 2227 2881 divina,
2269 2831 2374 2870 nec
2413 2813 2796 2878 memoranda;
2840 2812 2887 2866 si
2935 2827 3068 2865 vero
3111 2807 3424 2872 naturalis,
3475 2820 3596 2859 ηια-

2004 2911 2263 2966 nifestum
2312 2917 2402 2962 est
2457 2923 2567 2961 non
2598 2922 2728 2961 vere
2773 2905 3002 2972 sineque
3050 2902 3272 2956 ﬁctione
3317 2914 3437 2953 eam
3468 2912 3594 2966 par-

2005 3001 2264 3070 ticipasse
2332 2999 2487 3053 illum
2551 2997 2645 3066 qui
2709 2996 2860 3065 prior
2920 3001 3116 3048 natura
3181 3007 3249 3046 ex
3306 2990 3399 3043 illa
3454 3002 3594 3042 con-

2005 3102 2183 3149 stante
2232 3107 2344 3145 non
2398 3099 2535 3144 erat.
2593 3088 2649 3145 Si
2711 3102 2843 3156 ergo
2893 3085 3202 3139 naturalem
3272 3080 3596 3151 dignitatern

2005 3185 2102 3240 Dei
2160 3183 2412 3239 Christus
2470 3180 2860 3251 participavit,
2924 3186 2982 3232 et
3039 3190 3240 3229 nomen
3290 3175 3435 3228 Deus
3496 3186 3598 3225 na-

2008 3284 2131 3331 tura
2173 3274 2457 3346 proprium
2502 3280 2606 3334 est,
2653 3279 2802 3341 patet
2841 3269 3015 3332 illum,
3054 3268 3171 3336 ipsa
3215 3266 3370 3336 prius
3409 3263 3598 3318 divina

2008 3368 2248 3438 positum
2272 3373 2491 3427 natura,
2512 3363 2670 3432 cujus
2695 3359 2915 3431 pmpria
2939 3367 3021 3412 est
3038 3355 3278 3427 dignitas
3299 3363 3355 3409 et
3373 3369 3597 3416 nomen,

330 3471 498 3540 ζομεν
530 3470 781 3525 σύνθεσιν
825 3471 922 3539 τῆς
950 3427 1101 3533 θείας
1128 3469 1224 3524 καὶ
1262 3427 1612 3539 ἀνθρωπίνης
1653 3427 1868 3536 φῦσεως
1889 3480 1904 3496 ο

2012 3471 2068 3517 et
2103 3461 2220 3514 hate
2248 3458 2413 3513 simul
2441 3427 2712 3511 sortitum
2744 3427 2884 3508 esse.
2929 3453 3097 3506 Recte
3139 3450 3307 3520 igitur
3334 3447 3602 3517 praedica-

326 3563 360 3634 ἢ
395 3566 442 3616 εξ
475 3564 550 3634 μὴ
582 3562 704 3616 τόδε
727 3562 902 3624 οὕτως
928 3561 1064 3632 ἔχει,
1096 3562 1256 3624 αὐτὸς
1291 3560 1527 3632 τραπεὶς
1570 3559 1653 3621 είς
1697 3557 1908 3610 τοιάνδε

329 3658 482 3712 θείαν
512 3656 673 3727 φύσιν
701 3659 731 3710 ὁ
755 3655 1065 3727 ἄνθρωπος,
1100 3654 1333 3724 ἠξίωται
1363 3654 1461 3723 τῆς
1492 3651 1730 3721 φυσικῆς
1756 3650 1910 3714 θείας

329 3750 426 3802 καὶ
457 3746 756 3815 ὀνομασίας
784 3762 799 3778 ·
829 3745 926 3799 καὶ
967 3743 1123 3797 ἔσται
1176 3741 1372 3807 οὕτως,
1422 3740 1545 3794 οὐδὲ
1600 3738 1912 3808 σωζόμενος

331 3839 494 3904 αὐτὸς
528 3838 608 3893 ἔτι
631 3840 659 3892 ὀ
689 3835 945 3902 ἀξιωθεὶς
981 3835 1081 3905 τῆς
1116 3833 1275 3900 ἀξίας
1297 3872 1313 3897 ,
1344 3832 1464 3886 οὐδὲ
1497 3831 1675 3903 μένων
1701 3831 1730 3883 ὁ
1757 3828 1913 3893 δεξά-

337 3949 501 4001 μενος
528 3929 627 4002 τὴν
657 3929 844 4001 χάριν,
871 3927 992 3981 οὐδὲ
1021 3926 1118 3981 δύο
1143 3925 1336 3997 φύσεις
1364 3925 1502 3988 ὅλως
1527 3922 1912 3992 ὑποκείμεναι,

331 4025 454 4078 οὐδὲ
489 4022 798 4095 σωζόμενον
820 4021 1003 4084 αὐτοῖς
1036 4020 1172 4084 ὅλως
1200 4019 1262 4073 τὸ
1313 4016 1652 4088 ἀνθρώπινον
1687 4016 1747 4068 ὲν
1776 4015 1914 4085 Χρι-

337 4116 470 4190 στῷ,
525 4117 707 4171 καίτοι
739 4114 1076 4181 τούναντίον,
1116 4112 1178 4166 τὸ
1211 4110 1354 4167 θεῖον
1388 4108 1485 4164 ἀπ’
1505 4107 1671 4162 αὐτοῦ
1714 4106 1916 4180 μᾶλλον

336 4218 609 4292 περιελεῖν
636 4216 992 4289 μαχομένοις.

419 4486 623 4550 Ἡδέως
647 4484 692 4539 δ’
724 4484 790 4538 ἂν
825 4481 1005 4537 αὐτῶν
1029 4478 1111 4534 ἔτι
1132 4479 1226 4533 καὶ
1248 4475 1369 4531 τόδε
1393 4471 1691 4543 πυθοίμην,
1729 4470 1792 4524 Ei
1824 4469 1917 4523 τὸν

338 4581 517 4648 Λόγον
541 4577 778 4648 Χριστὸν
809 4570 1140 4644 ὀνομάζουσί
1169 4587 1285 4634 πως
1312 4586 1328 4634 ;
1353 4567 1387 4638 ἢ
1418 4567 1513 4621 καὶ
1542 4565 1632 4620 τὸν
1661 4562 1918 4634 Χριστὸν,

339 4674 389 4726 εί
413 4672 550 4742 πρὸς
575 4668 654 4740 τῷ
684 4666 798 4738 Υίῷ
818 4666 914 4719 καὶ
930 4662 1068 4734 Θεῷ,
1096 4662 1231 4731 φασὶ
1273 4660 1368 4714 καὶ
1395 4657 1589 4725 Λόγον,
1629 4655 1662 4726 ἣ
1688 4654 1839 4723 οὺχί;
1874 4651 1922 4704 εί

343 4766 445 4835 μὲν
465 4759 557 4816 οὖν
585 4761 706 4831 οὐχὶ
729 4800 744 4826 ,
778 4758 889 4813 ἰδοὺ
917 4755 1096 4809 πάντα
1124 4755 1196 4807 τά
1225 4751 1451 4806 δοθέντα
1484 4750 1575 4803 ὑπ’
1622 4747 1802 4801 αὐτῶν
1837 4745 1917 4808 είς

340 4854 510 4925 τιμὴν
539 4849 778 4924 Χριστοῦ
809 4847 1138 4918 ἀνέτρεψαν,
1165 4845 1259 4899 καὶ
1281 4843 1406 4896 οὐδὲ
1429 4840 1530 4912 τὴν
1551 4839 1693 4895 κατά
1719 4837 1779 4890 τὸ
1804 4836 1921 4889 δνο-

345 4961 424 5017 μα
455 4942 620 5013 ψιλὴν
648 4938 937 4995 κοινωνίαν
961 4935 1291 5006 παρέχουσιν
1321 4933 1392 5002 ἢν
1448 4927 1872 5001 προσποιοῦνται
1903 4940 1920 4958 ·

342 5015 392 5089 ei
422 5036 533 5107 γὰρ
561 5033 635 5105 μὴ
671 5031 853 5102 λόγος,
878 5029 1000 5083 οὐδὲ
1038 5026 1176 5081 Θεοῦ
1217 5025 1347 5088 Υιδς
1382 5021 1652 5094 φυσικὸς,
1684 5018 1804 5073 οὐδὲ
1848 5015 1926 5088 τῷ

344 5127 605 5196 ὀνόματι·
635 5125 684 5179 εί
705 5124 764 5178 δὲ
792 5122 966 5177 ταῦτα
1009 5117 1430 5187 διαϐλεψάμενοι
1464 5111 1791 5182 ὀνομάζουσι
1833 5110 1930 5163 καὶ

345 5218 518 5289 Λόγον
542 5217 634 5271 τὸν
659 5214 916 5288 Χριστὸν,
941 5213 1035 5267 καὶ
1061 5211 1153 5265 τὸν
1181 5209 1356 5278 Λόγον
1374 5207 1630 5278 Χριστὸν,
1657 5205 1739 5267 είς
1757 5218 1928 5274 προσ-

346 5313 501 5365 ώπου
548 5307 873 5373 ἀντένδειξιν
901 5305 1010 5377 ἄρα
1035 5307 1129 5359 καὶ
1176 5299 1612 5372 ἀντωνομασίαν,
1648 5297 1747 5367 τῆς
1799 5295 1933 5366 κλή-

351 5419 491 5465 σεως
516 5401 617 5470 τῆς
653 5399 855 5471 σαρκὸς
884 5397 982 5452 καὶ
1026 5396 1117 5451 τὸν
1166 5395 1339 5462 Λόγον
1383 5391 1547 5446 αὐτὸν
1603 5387 1932 5460 μεταλαϐεῖν

351 5507 555 5564 φασινο
591 5494 650 5545 ὲν
672 5494 782 5563 ὅσῳ
810 5486 904 5546 οῦν
943 5489 1008 5543 τὸ
1051 5489 1182 5542 αὖτ’)
1215 5486 1346 5540 ίδιον
1378 5483 1672 5554 πρόσωπον
1712 5480 1933 5550 ἐπέχειν

351 5588 451 5657 τὴν
486 5586 667 5655 σάρκα
695 5583 945 5654 βούλεται
975 5583 1070 5636 καὶ
1098 5579 1256 5634 τοῦτο
1287 5577 1618 5649 ἐμφανίσαι,
1643 5573 1935 5646 εὑρεθήσε-

352 5699 440 5735 ται
473 5681 635 5744 αὐτὸς
664 5680 724 5732 τὸ
751 5679 969 5750 ἐκείνης
1014 5677 1225 5746 ἐπέχων
1249 5689 1264 5703 '
1303 5673 1458 5728 τοῦτο
1505 5671 1560 5725 δὲ
1609 5664 1934 5725 ἀντικαταλ-

424 5856 475 5890 ⁸¹
516 5854 659 5911 Psal.
689 5871 802 5921 \‘lll,
837 5854 884 5908 8.

2010 3568 2136 3607 mus
2177 3551 2378 3606 divinae
2421 3564 2548 3603 cum
2589 3547 2831 3602 humana
2876 3542 3321 3613 conjunctionem
3367 3547 3596 3592 natura.

2010 3645 2122 3701 Aut
2165 3643 2210 3698 si
2247 3657 2336 3696 res
2378 3642 2452 3696 ita
2493 3655 2552 3696 se
2599 3654 2712 3693 non
2742 3638 2930 3699 habet,
2974 3635 3141 3689 homo
3169 3632 3286 3702 ipse
3319 3631 3375 3684 in
3407 3628 3601 3699 hujus-

2013 3733 2165 3789 modi
2199 3733 2442 3787 divinam
2486 3738 2739 3785 naturam
2775 3741 3099 3788 conversus,
3145 3723 3346 3778 divinae
3389 3729 3603 3775 natura:

2014 3822 2338 3894 dignitatem
2382 3835 2510 3875 cum
2544 3817 2767 3873 nomine
2799 3814 3061 3870 obtinuit.
3113 3813 3181 3867 Et
3208 3811 3336 3866 inde
3377 3809 3483 3864 erit
3508 3815 3606 3862 aut

2013 3930 2197 3984 neque
2227 3920 2480 3968 servetur
2513 3910 2695 3965 adhuc
2727 3909 2846 3978 ipse
2887 3906 2983 3977 qui
3018 3903 3342 3976 dignitatem
3373 3913 3598 3969 prome-

2017 4007 2152 4070 ruit,
2189 4021 2295 4060 nec
2332 4009 2654 4074 permaneat
2686 4000 2780 4070 qui
2827 3997 3036 4068 recepit
3077 3995 3332 4067 gratiam,
3364 4008 3467 4047 nec
3492 3991 3604 4045 sint

2018 4098 2248 4154 omnino
2287 4097 2410 4151 duae
2457 4101 2671 4148 natura:
2727 4090 3008 4161 subjectaz,
3049 4103 3153 4142 nec
3196 4087 3330 4157 ipsis
3375 4099 3606 4155 prorsus

2019 4197 2274 4247 servetur
2323 4185 2473 4257 quod
2526 4193 2613 4239 est
2660 4184 2962 4237 humanum
3007 4180 3063 4234 in
3119 4176 3363 4237 Christo.
3399 4177 3528 4230 licet
3572 4189 3606 4229 e

2021 4291 2212 4339 contra
2259 4278 2406 4350 quod
2461 4285 2546 4334 est
2597 4275 2848 4331 divinum
2900 4273 2969 4328 ab
3009 4272 3132 4342 ipso
3173 4269 3357 4342 potius
3385 4267 3605 4324 auferre

2021 4373 2380 4430 contendant.

2089 4461 2354 4516 Libenter
2391 4457 2571 4512 adlmc
2612 4455 2680 4510 ab
2729 4455 2811 4510 eis
2835 4462 2892 4509 et
2924 4453 3028 4507 hoc
3060 4450 3510 4506 sciscitaremur:
3549 4446 3606 4501 Si

2023 4553 2266 4608 Verbum
2315 4549 2593 4619 appellant
2646 4545 2968 4608 Christum,
3026 4540 3341 4613 quomodo?
3399 4539 3494 4595 Vel
3554 4547 3611 4592 et

2023 4645 2327 4707 Christum,
2375 4651 2574 4711 praeter
2603 4639 2801 4692 Filium
2837 4646 2894 4692 et
2936 4636 3130 4700 Deum,
3165 4633 3358 4688 dicunt
3389 4643 3444 4686 et
3473 4630 3611 4684 Ver-

2026 4737 2179 4800 bum,
2215 4734 2304 4788 vel
2355 4748 2488 4788 non.
2545 4730 2603 4785 Si
2633 4729 2860 4800 quidem
2910 4743 3060 4794 non;
3108 4741 3240 4782 ecce
3297 4731 3496 4778 cuncta
3543 4720 3613 4775 ab

2023 4830 2158 4900 ipsis
2189 4840 2451 4883 concessa
2497 4824 2554 4879 in
2585 4825 2852 4878 honorem
2877 4819 3088 4878 Christi
3134 4823 3480 4878 everterunt,
3511 4828 3614 4868 nec

2023 4923 2200 4994 ipsam
2229 4921 2372 4976 hanc
2411 4918 2715 4987 simplicem
2751 4914 3054 4970 secundum
3089 4927 3292 4966 nomen
3324 4907 3614 4978 proferunt

2027 5013 2495 5074 communionem,
2529 5025 2694 5080 quam
2726 5008 2957 5078 lingunt.
3015 5004 3130 5059 Nisi
3166 5002 3316 5056 enim
3347 4997 3612 5057 Verbum,

2027 5125 2133 5165 nec
2179 5107 2277 5162 Dei
2308 5105 2482 5160 Filius
2506 5100 2796 5163 naturalis,
2853 5112 2954 5152 nec
2997 5093 3312 5149 nominalis.
3369 5089 3426 5144 Si
3458 5102 3612 5146 vero,

2033 5202 2158 5256 istis
2195 5195 2502 5271 perspectis
2531 5235 2545 5260 ,
2592 5192 2868 5262 appellent
2930 5187 3211 5243 Christum
3265 5182 3504 5237 Verbum
3561 5186 3618 5233 et

2036 5293 2280 5350 Verbum
2307 5290 2608 5352 Christum,
2648 5293 2779 5339 tunc
2802 5283 2869 5338 ad
2903 5295 3151 5352 personae
3181 5275 3524 5346 negationem
3553 5288 3618 5327 ac

2039 5382 2558 5443 contradictionem,
2606 5391 2808 5432 nomen
2837 5373 3020 5430 carnis
3067 5380 3122 5427 et
3166 5372 3345 5442 ipsum
3374 5366 3616 5423 Verbum

2037 5479 2317 5549 accepisse
2347 5475 2558 5531 dicunt.
2610 5471 2668 5526 In
2714 5483 3046 5540 quocunque
3090 5479 3222 5521 sane
3251 5465 3367 5533 ipsa
3395 5458 3622 5531 propria

2037 5586 2274 5643 persona
2302 5582 2524 5623 carnem
2546 5579 2827 5620 assumere
2857 5561 2990 5617 velit
3025 5559 3190 5628 idque
3233 5553 3433 5618 videri,
3479 5553 3620 5621 ipse,

2041 5640 2190 5734 quod
2217 5670 2302 5718 est
2345 5658 2550 5723 carnis,
2597 5655 2808 5712 habere
2853 5651 3180 5724 reperietur.
3237 5645 3343 5702 Sed
3371 5644 3490 5699 haec
3515 5640 3624 5697 erit
