4116 6446
568 416 708 482 1639

1850 417 2159 478 LEONTII
2196 417 2603 478 ΒῩΖᾹΝΤΙΝῘ

3699 414 3826 484 1610

569 534 823 607 quaedam
876 529 1244 602 reciprocatio
1293 544 1660 601 personarum
1717 541 1774 586 et
1825 529 2152 595 nominum,

2259 529 2400 600 λαγή
2441 545 2524 592 τις
2563 526 2717 580 ἔσται
2745 523 3060 596 προσώπων
3082 523 3176 578 καὶ
3201 523 3504 596 ὀνομάτων,
3539 522 3630 579 διὰ
3677 527 3828 580 ποίαν

553 631 710 703 juxta
761 632 968 682 certam
1031 623 1502 694 dispensationem
1554 641 1568 676 :
1621 624 1824 678 etcnim
1875 624 1920 678 si
1974 623 2152 678 solum

558 729 709 774 certe
743 717 1002 771 convenit
1050 714 1241 784 majori
1291 715 1515 768 nomine
1557 714 1828 769 minorem
1861 729 2152 784 personam

559 812 824 873 exaltare,
852 809 982 878 quid
1023 823 1163 877 opus
1207 814 1293 860 est
1331 808 1594 876 majorem
1625 821 1916 876 personam
1949 806 2152 860 minori

561 903 784 956 nomine
819 901 1155 970 deprimere.
1199 899 1356 954 Nulla
1399 909 1486 953 est
1515 899 1665 953 enim
1700 899 1908 952 utilitas
1940 895 2152 969 gloriﬁ-

561 1008 685 1052 cato
735 1013 802 1050 ex
862 995 1206 1066 ignobilitate
1254 992 1618 1064 glorificantis
1674 1006 1822 1045 eum.
1882 990 1993 1045 Sed
2050 1006 2153 1046 nec

561 1090 740 1159 ipsum
784 1089 1045 1153 Verbum,
1107 1102 1208 1141 suo
1243 1086 1467 1156 proprio
1511 1085 1735 1139 nomine
1770 1100 1990 1139 carnem
2037 1085 2153 1155 glo-

560 1183 806 1246 riﬁcans,
848 1197 914 1235 ex
972 1181 1091 1249 ejus
1147 1179 1369 1233 nomine
1413 1179 1642 1249 gloriam
1688 1194 1964 1248 qmerens,
2016 1177 2150 1232 illud

559 1273 797 1343 accepit.
871 1274 1132 1338 Quaenam
1193 1271 1360 1341 igitur
1405 1281 1490 1324 est
1536 1287 1701 1325 causa
1752 1281 1936 1342 partes
1980 1270 2151 1325 advo-

558 1365 742 1426 candi,
791 1364 999 1426 dicant,
1048 1363 1152 1416 nisi
1211 1370 1384 1414 totum
1425 1361 1720 1432 colligendi
1773 1361 1956 1415 ratio?
2011 1360 2149 1414 Dum

558 1471 692 1508 vero
734 1454 936 1507 frustra
964 1452 1176 1517 dicunt,
1227 1453 1410 1506 omnia
1443 1469 1572 1507 sane
1621 1468 1964 1523 quaecunque
2008 1453 2152 1506 Deus

559 1546 804 1600 Verbum
839 1553 944 1610 est,
1003 1545 1119 1598 haec
1155 1554 1212 1598 ct
1263 1561 1384 1600 esse
1433 1546 1714 1600 hominem
1763 1545 1863 1615 ipsi
1908 1545 2145 1602 unitum.

559 1636 698 1689 nihil
746 1636 913 1691 Verbi
973 1637 1280 1692 tribuentes
1331 1636 1554 1691 Christo
1595 1636 1666 1692 ab
1712 1637 1804 1690 illo
1857 1647 2146 1706 separato,

556 1725 839 1795 quomodo
880 1725 1090 1795 pudore
1143 1743 1251 1780 non
1316 1725 1668 1781 aﬂicieutur?
1699 1727 1832 1781 Nam
1903 1727 1970 1790 si,
2011 1743 2150 1796 prie-

558 1829 644 1874 ter
694 1820 869 1890 ipsius
922 1820 1289 1876 substantiam
1335 1821 1543 1891 aliquid
1591 1830 1676 1875 est
1724 1821 1870 1874 Deus
1904 1821 2145 1874 Verbum

560 1885 733 1984 quod-
761 1913 983 1968 Christo
1035 1885 1450 1980 communicat,
1509 1930 1576 1969 eo
1630 1916 1752 1985 ipso
1799 1913 2005 1984 aliquid
2065 1901 2149 1968 esi
2181 1885 2221 1940 Β

557 2007 818 2062 accidens
850 2016 1058 2061 tantum
1091 2025 1103 2060 ε
1140 2007 1288 2077 quod
1342 2023 1450 2062 non
1488 2023 1555 2063 ex
1605 2024 1693 2063 me
1746 2007 1906 2074 dico;
1957 2007 2053 2062 sed
2104 2007 2149 2061 si

555 2099 691 2169 quid
743 2101 798 2152 in
835 2100 954 2169 ipso
1004 2114 1234 2169 prorsus
1282 2099 1543 2155 accidens
1597 2110 1843 2172 putatur,
1891 2110 2150 2156 crcterum

558 2210 670 2248 non
707 2194 812 2247 erit
841 2194 1005 2248 Deus.
1050 2192 1105 2248 Si
1139 2202 1323 2247 autem
1359 2203 1560 2264 praeter
1605 2195 1969 2250 substantiam
2014 2195 2150 2250 Ver-

558 2286 689 2340 bum
721 2297 804 2339 est
838 2293 1047 2338 tantum
1099 2285 1410 2356 hypostasis
1450 2287 1564 2350 Dei,
1596 2287 1701 2341 hoc
1732 2287 1895 2340 etiam
1940 2287 2146 2342 dicant.

558 2380 640 2436 Εο
689 2378 836 2449 quod
895 2394 1045 2432 nunc
1097 2379 1265 2433 homo
1324 2378 1582 2434 Christus
1635 2389 1721 2434 est
1763 2395 1888 2434 cum
1945 2381 2146 2445 Verbo,

559 2471 838 2542 quomodo
860 2487 969 2524 non
1015 2471 1307 2526 evidenter
1357 2472 1669 2526 secundum
1713 2472 2034 2542 hypostasin
2067 2473 2146 2526 illi

559 2565 752 2619 unitus
778 2565 903 2619 est?
949 2564 1045 2620 Vel
1093 2565 1240 2617 enim
1278 2564 1421 2634 apud
1456 2565 1696 2619 Verbum
1726 2565 1887 2618 aliam
1913 2565 2146 2637 similem

565 2656 808 2710 hominis
858 2672 980 2711 esse
1035 2657 1230 2710 dicunt
1286 2657 1630 2726 hypostasin,
1684 2656 1814 2709 huic
1853 2656 2057 2722 datam,
2092 2667 2150 2713 et

559 2757 729 2804 erunt
771 2749 883 2802 duo
915 2749 1116 2812 Verba,
1156 2757 1212 2801 et
1255 2747 1358 2800 ista
1397 2747 1510 2800 duo
1546 2747 1644 2812 dii,
1697 2756 1752 2801 et
1785 2747 1896 2801 duo
1939 2747 2055 2811 lilii,
2084 2757 2150 2803 et

552 2841 918 2912 .quaternaria
961 2849 1146 2895 sancta
1197 2839 1482 2904 Trinitas;
1530 2840 1617 2893 vel
1643 2839 1687 2894 si
1737 2840 1853 2893 haec
1892 2857 1999 2894 uua
2042 2842 2147 2894 hu-

552 2952 737 2989 mana:
775 2945 986 2988 natura:
1030 2932 1456 2996 communicata,
1487 2931 1540 2985 id
1572 2941 1676 2994 est,
1710 2948 1832 2987 eam
1860 2949 2148 2989 assumens

551 3029 615 3084 in
650 3027 966 3096 semetipsa,
1001 3024 1313 3080 communis
1339 3032 1423 3078 est
1451 3023 1618 3080 Verbi
1650 3033 1706 3080 et
1729 3025 1912 3080 carnis
1940 3025 2145 3082 Christi

559 3119 893 3192 hypostasis,
945 3127 1094 3173 recte
1127 3133 1228 3172 nos
1269 3132 1599 3172 veneramur
1631 3117 1684 3171 in
1733 3117 1954 3173 Christo
1979 3117 2146 3174 Verbi

552 3225 617 3270 et
644 3213 829 3268 carnis
871 3209 1176 3267 secundum
1209 3209 1528 3280 hypostasin
1569 3210 1853 3264 unionem.
1885 3211 1993 3265 Sed
2027 3211 2150 3282 qui-
2177 3240 2219 3296 α

557 3307 684 3362 dem
715 3321 802 3360 res
839 3307 912 3359 ita
940 3314 1042 3359 est.

631 3401 834 3455 Verum
876 3397 1094 3452 etiamsi
1144 3413 1253 3451 non
1305 3405 1452 3451 esset
1511 3397 1619 3451 ulla
1656 3397 1968 3453 confutatio
2011 3399 2148 3454 isto-

561 3508 684 3548 rum
729 3501 1187 3564 argumentorum
1229 3491 1297 3544 ab
1343 3491 1478 3562 ipsis
1518 3492 1811 3546 allatorum
1839 3493 1894 3546 in
1919 3493 2151 3562 gratiam

562 3586 818 3656 ipsorum
870 3569 1196 3653 impietatis,
1248 3580 1530 3650 quomodo
1565 3597 1675 3636 non
1716 3583 1832 3637 sola
1875 3583 2155 3638 suﬂiceret

556 3679 631 3738 ad
664 3675 1041 3748 repellendam
1067 3690 1261 3730 eorum
1290 3674 1742 3744 superstitionem
1777 3675 1868 3730 illa
1909 3692 2032 3747 quae
2064 3693 2154 3732 se-

560 3769 753 3840 quitur
782 3781 850 3820 ex
881 3766 1105 3820 illorum
1134 3763 1611 3836 propositionibus
1634 3765 1990 3821 absurditas?
2015 3766 2153 3822 Cum

553 3861 714 3916 enim
742 3873 889 3914 unus
921 3858 994 3913 sit
1032 3858 1374 3929 proprietate
1410 3857 1606 3928 Filius,
1637 3865 1700 3912 ut
1739 3858 1953 3925 dicunt,
1982 3869 2161 3915 totus-

557 3970 675 4026 que
709 3964 906 4008 natura
937 3950 1110 4006 Filius
1147 3949 1268 4016 Dei,
1297 3956 1427 4003 ante
1452 3949 1737 4005 Christum
1766 3959 1823 4006 et
1850 3961 1976 4022 post
1995 3951 2159 4008 Chri-

556 4051 705 4100 stum
736 4040 946 4110 absque
980 4054 1146 4094 carne
1170 4038 1506 4104 intellectus,
1535 4055 1640 4094 una
1658 4041 1872 4097 scilicet
1898 4042 2157 4115 hyposta-

553 4117 660 4197 .sis,
676 4145 911 4200 cumque
929 4130 1034 4183 alia
1050 4127 1122 4182 sit
1140 4126 1452 4199 hypostasis
1466 4127 1696 4193 Christi,
1715 4137 1936 4200 totaque
1957 4139 2154 4185 natura

559 4222 738 4279 Filius
774 4219 1018 4275 hominis
1059 4225 1116 4273 et
1158 4217 1444 4271 incarnata
1476 4217 1715 4288 cognita,
1745 4217 1839 4272 sed
1870 4217 2044 4288 gratia
2069 4217 2155 4272 di-

554 4319 932 4391 gnationeque
956 4328 1092 4385 pura
1114 4329 1178 4368 ac
1217 4312 1454 4382 simplici
1486 4312 1660 4367 Filius
1682 4311 1778 4366 Dei
1818 4311 1990 4375 dicta,
2018 4325 2157 4380 quo-

557 4413 728 4467 modo
758 4425 871 4465 non
921 4415 1110 4463 essent
1135 4405 1247 4461 duo
1272 4405 1369 4462 ﬁlii
1396 4406 1514 4461 istae
1541 4405 1664 4460 dum
1687 4405 2031 4476 hypostases,
2059 4417 2159 4474 per

553 4506 853 4561 distinctas
888 4501 1186 4557 ﬁliationes
1217 4508 1273 4555 et
1313 4499 1606 4554 distinctos
1648 4507 1832 4568 patres
1859 4496 2156 4563 distinctae,

2257 621 2367 692 ἄρα
2403 620 2716 690 οίκονομίαν
2739 636 2755 684 ;
2796 619 2843 672 εί
2882 617 2993 690 γὰρ
3036 618 3101 690 δὴ
3157 618 3318 689 μόνον
3367 617 3580 689 ὑψῶσαι
3625 619 3730 674 ἔδει
3758 621 3830 693 τῷ

2260 713 2466 784 μείζονι
2493 712 2721 783 ὀνόματι
2743 711 2805 765 τὸ
2829 707 2994 784 ἦττον
3025 713 3343 783 πρόσωπον,
3379 713 3464 776 τίς
3493 713 3526 782 ἡ
3564 714 3723 784 χρεία
3743 713 3829 767 τοῦ

2253 803 2595 858 ταπεινῶσαι
2624 802 2686 857 τὸ
2718 804 2902 874 μεῖζον
2934 802 3231 874 πρόσωπον
3259 803 3338 874 τῷ
3372 805 3554 874 ἥττονι
3577 806 3828 874 ὀνόματι;

2252 899 2314 951 οὐ
2352 897 2462 966 γάρ
2499 913 2584 959 τις
2603 894 2800 967 ’ὄνησις
2826 896 2904 967 τῷ
2935 895 3281 961 δοξασθέντι,
3315 900 3379 949 ἐκ
3406 898 3505 967 τῆς
3542 898 3640 950 τοῦ
3688 898 3829 963 δοξά-

2255 1007 2448 1054 σαντος
2479 990 2644 1043 αὑτὸν
2675 988 2922 1056 ἀδοξίας·
2955 989 3072 1042 ἀλλ’
3108 989 3232 1044 οὐδὲ
3260 991 3420 1052 αὐτὸς
3445 993 3472 1042 ὁ
3506 991 3738 1056 δοξάσας
3760 991 3828 1062 τῷ

2257 1085 2372 1154 ἰδίῳ
2388 1083 2616 1154 ὀνόματι
2639 1081 2737 1152 τὴν
2763 1083 2943 1152 σάρκα
2968 1083 3161 1150 Λόγος,
3193 1083 3350 1154 δόξης
3378 1084 3633 1154 δεόμενος
3659 1089 3722 1138 ὲκ
3746 1087 3828 1138 τοῦ

2252 1177 2518 1246 ὀνόματος
2541 1174 2712 1243 αὑτῆς
2743 1175 2902 1228 τοῦτο
2934 1176 3231 1247 μετείληφε
3250 1193 3266 1210 ·
3285 1179 3368 1239 τίς
3388 1175 3482 1229 οὖν
3508 1179 3539 1246 ἠ
3564 1179 3716 1231 αἰτία
3740 1178 3830 1248 τῆς

2256 1267 2647 1340 μετακλήσεως
2676 1267 2787 1320 τῶν
2821 1269 3030 1339 μερῶν,
3063 1270 3294 1333 εἴποιεν,
3321 1270 3369 1323 εί
3409 1269 3484 1341 μὴ
3508 1271 3537 1323 ό
3568 1271 3724 1340 λόγος
3741 1273 3830 1338 τῆς

2250 1360 2342 1414 τοῦ
2380 1361 2502 1414 ὅλου
2536 1359 2881 1426 συνθέσεως;
2926 1362 2984 1412 ἐν
3019 1361 3076 1413 δὲ
3110 1362 3190 1433 τῷ
3219 1361 3400 1430 λέγειν
3435 1363 3636 1426 αὐτοὺς
3675 1363 3788 1432 εξκῆ
3812 1403 3826 1427 ,

2251 1453 2332 1506 ὅτι
2367 1453 2496 1518 Ναὶ,
2530 1452 2708 1505 πάντα
2750 1453 2855 1506 ὅσα
2877 1453 3026 1505 ἐστὶν
3053 1455 3081 1506 ὀ
3110 1453 3245 1517 Θεὸς
3271 1454 3444 1523 Λόγος
3467 1495 3482 1518 ,
3519 1457 3640 1508 ἐστὶ
3685 1455 3773 1508 καὶ
3805 1454 3830 1507 ὁ

2251 1546 2475 1609 ἑνωθεὶς
2502 1545 2651 1616 αὐτῷ
2673 1545 2981 1617 ἄνθρωπος,
3013 1546 3180 1617 μηδὲν
3213 1545 3309 1598 τοῦ
3339 1546 3516 1613 Λόγου
3566 1545 3830 1608 alaeam;

2250 1637 2476 1711 Χριστῷ
2496 1638 2987 1709 διακεχωρισμένῳ
3031 1638 3241 1703 αὑτοῦ,
3296 1637 3415 1703 πῶς
3461 1640 3690 1703 ἑαυτοὺς
3739 1640 3831 1692 οὐκ

2251 1714 2727 1802 ἐντραπήσονταη
2759 1733 2807 1784 εί
2837 1732 2944 1802 γάρ
2973 1731 3087 1784 ἐστι
3117 1749 3168 1783 τι
3198 1734 3226 1785 ὁ
3249 1730 3381 1795 Θεὸς
3403 1731 3577 1799 Λόγος
3608 1731 3742 1803 πρὸς
3770 1733 3829 1802 τῇ

2249 1824 2410 1895 οὐσίᾳ.
2441 1822 2610 1876 αὑτοῦ
2636 1822 2664 1876 ὃ
2693 1821 3019 1892 μεταδίδωσι
3075 1823 3298 1894 Χριστῷ
3321 1864 3337 1889 ,
3394 1822 3743 1894 συμϐεϐηκός
3784 1839 3832 1875 τι

2253 1913 2375 1967 κατ’
2408 1915 2586 1968 ἐκεῖνο
2612 1913 2773 1985 μόνον
2803 1915 2976 1979 ἐστὶν,
3004 1915 3064 1968 οὐ
3096 1914 3240 1983 λέγω
3273 1911 3366 1969 οῦν
3392 1915 3558 1978 αὑτός
3587 1931 3602 1945 ·
3636 1914 3767 1968 ἀλλὰ
3787 1915 3831 1966 εί

2254 2010 2312 2060 ἑν
2344 2006 2495 2078 αὑτῷ
2524 2008 2662 2070 ὅλως
2695 2007 3046 2078 συμϐεϐηκός
3087 2026 3140 2060 τι
3161 2011 3389 2073 νοεῖται,
3423 2010 3486 2061 οὑ
3515 2009 3652 2070 Θεὸς
3689 2008 3832 2060 ἔσται

2254 2099 2439 2152 λοιπόν
2465 2115 2479 2128 ο
2523 2101 2571 2151 εί
2604 2098 2662 2152 δὲ
2693 2098 2997 2161 ὑπόστασις
3049 2100 3166 2152 ἐστι
3202 2097 3340 2151 Θεοῦ
3384 2099 3524 2168 πρὸς
3578 2102 3645 2170 τῇ
3684 2099 3832 2169 οὐσίᾳ

2257 2193 2419 2264 μόνον
2440 2193 2469 2245 ὁ
2498 2191 2692 2261 Λόγος,
2741 2195 2835 2246 καὶ
2865 2191 3026 2245 τοῦτο
3071 2193 3277 2246 είποιεν
3303 2209 3316 2223 ·
3345 2194 3428 2247 ὅτι
3452 2193 3550 2246 καὶ
3579 2194 3607 2246 ὁ
3635 2192 3831 2262 ἅνθρω-

2254 2302 2355 2348 πος
2386 2285 2622 2356 Χριστός
2645 2285 2762 2338 ἑστι
2783 2284 2877 2337 νῦν
2897 2287 2992 2338 σὺν
3017 2284 3098 2356 τῷ
3126 2285 3305 2356 Λόγῳ,
3334 2284 3455 2349 πῶς
3476 2285 3538 2337 οὐ
3561 2285 3683 2338 καθ’
3707 2285 3830 2336 ὑπό·

2255 2394 2443 2431 στασιν
2486 2377 2696 2448 ἥνωται
2742 2376 2891 2447 αὑτῴ
2944 2378 3164 2448 σαῳῶςς
3202 2377 3234 2449 ἢ
3275 2377 3385 2450 γὰρ
3413 2378 3608 2449 μᾶλλην
3651 2377 3830 2447 ὁμοίαν

2254 2469 2552 2523 ὑπόστασίν
2587 2485 2721 2539 φασι
2749 2468 2844 2522 τοῦ
2873 2470 3165 2539 ἀνθρώπου
3189 2471 3334 2525 κατὰ
3363 2471 3456 2524 τὸν
3477 2471 3653 2538 Λόγον
3700 2466 3829 2524 εἶναι

2250 2562 2349 2632 τὴν
2378 2561 2624 2616 δοθεῖσαν
2659 2562 2827 2631 αὐτῷ,
2853 2564 2945 2615 καὶ
2972 2563 3064 2615 δύο
3092 2565 3241 2632 λόγοι
3268 2560 3380 2616 εἷεν
3406 2605 3420 2624 ,
3460 2564 3556 2617 καὶ
3587 2563 3680 2620 δύο
3726 2562 3828 2615 θεοὶ

2250 2646 2420 2716 οὗτοι,
2453 2654 2548 2705 καὶ
2575 2653 2680 2705 υίοὶ
2713 2652 2826 2713 δύο,
2859 2654 2955 2707 καὶ
2990 2656 3188 2726 τετράς
3233 2658 3266 2726 ή
3311 2657 3446 2725 ἁγία
3479 2658 3681 2727 Τριάς·
3717 2657 3750 2728 ἢ
3785 2658 3828 2710 εἱ

2251 2744 2390 2816 αῦτη
2427 2745 2528 2815 μία
2571 2745 2924 2815 μεταδοθεῖσα
2940 2751 3005 2820 τῇ
3027 2749 3272 2822 φύσειτῇ
3305 2751 3650 2823 ἀνθρωπεία,
3674 2751 3830 2821 ἧγουν

2253 2835 2759 2907 συμπαραλαϐοῦσα
2775 2839 2834 2890 ὲν
2853 2841 3048 2909 ἑαυτῇ,
3084 2841 3236 2912 κοινή
3275 2845 3390 2894 ἐστι
3420 2841 3518 2894 τοῦ
3547 2843 3720 2910 Λόγου
3746 2841 3829 2894 καὶ

2249 2931 2349 3000 τῆς
2382 2931 2583 3003 σαρκὸς
2621 2931 2860 3001 Χριστοῦ
2895 2932 3235 2998 ὑπόστασις,
3278 2933 3457 3003 ὀρθῶς
3511 2933 3740 3004 σέϐομεν
3778 2933 3828 2985 ἐν

2250 3023 2474 3093 Χριστῷ
2505 3025 2606 3093 τὴν
2633 3025 2758 3078 καθ’
2793 3025 3094 3079 ὑπόστασιν
3123 3025 3216 3078 τοῦ
3247 3027 3423 3094 Λόγου
3458 3027 3558 3080 καὶ
3581 3027 3682 3097 τῆς
3711 3041 3830 3098 σαρ-

2251 3114 2348 3179 κὸς
2379 3116 2577 3171 ἕνωσιν
2600 3118 2762 3189 ἡμεῖς
2803 3133 2818 3149 ·
2857 3117 2972 3172 ἀλλ’
2997 3117 3174 3182 οὕτως
3213 3118 3314 3188 μὲν
3343 3118 3496 3175 τάδε.

2326 3386 2392 3441 Et
2421 3385 2478 3440 δὲ
2504 3386 2694 3458 καὶμὴ
2719 3383 2788 3459 ἦν
2829 3405 2911 3453 τις
2951 3390 3234 3463 ἀνατροπὴ
3261 3391 3431 3449 τῶνδε
3469 3393 3582 3448 τῶν
3616 3395 3824 3468 είρημέ-

2255 3493 2364 3531 νων
2400 3477 2585 3541 αὐτοῖς
2614 3477 3040 3548 πειθανολογιῶν
3072 3481 3215 3553 ὑπὲρ
3239 3483 3338 3551 τῆς
3360 3483 3547 3539 αὑτῶν
3568 3486 3824 3547 ἀσεϐείας,

2258 3569 2376 3632 πῶς
2407 3569 2506 3622 οὐκ
2541 3569 2767 3640 ἀρκέσει
2811 3573 2905 3624 καὶ
2955 3574 3090 3645 μόνη
3147 3574 3284 3645 πρὸς
3332 3578 3693 3650 ἀποστροφὴν
3739 3579 3824 3648 τῆς

2257 3666 2378 3721 κατ’
2402 3666 2599 3730 αὐτοὺς
2623 3666 3052 3740 δεισιδαιμονίας
3079 3673 3112 3742 ἡ
3137 3673 3379 3745 ἑπομένη
3429 3677 3546 3738 τοῖς
3583 3675 3711 3748 παρ’
3737 3677 3824 3730 αὐ·

2256 3757 2364 3811 τῶν
2398 3757 2631 3827 θέμασιν
2660 3760 2901 3827 άτοπία;
2936 3763 3055 3826 ἑνὸς
3084 3764 3192 3834 γάρ
3239 3763 3371 3817 Υίοῦ
3403 3765 3558 3830 ὖντος
3595 3767 3715 3839 ίδίᾳ,
3759 3765 3824 3828 ὣς

2258 3865 2442 3916 φασιν,
2475 3850 2600 3903 ὅλου
2629 3868 2689 3904 τε
2717 3851 2879 3920 φύσει
2910 3853 3042 3908 Υίοῦ
3071 3854 3168 3908 τοῦ
3201 3855 3360 3921 Θεοῦ,
3391 3859 3502 3928 πρὸ
3529 3858 3755 3930 Χριστοῦ
3774 3874 3822 3912 τι

2258 3943 2353 3996 καὶ
2389 3943 2528 4014 μετὰ
2563 3945 2797 4015 Χριστὸν
2831 3947 3089 4018 άσάρκως
3127 3950 3445 4020 νοουμένου,
3498 3953 3668 4024 ἡγουν
3713 3951 3824 4023 μιᾶς

2259 4037 2612 4103 ὑποστάσεως
2637 4079 2653 4103 ,
2685 4041 2776 4092 καὶ
2805 4040 2996 4112 ἑτέρας
3036 4042 3388 4108 ὑποστάσεως
3431 4047 3534 4116 τῆς
3574 4046 3666 4100 τοῦ
3703 4047 3823 4117 Χριο

2262 4128 2411 4195 στοῦ,
2436 4130 2565 4202 ὅλης
2593 4148 2653 4186 τε
2683 4133 2842 4202 φύσει
2878 4133 3006 4188 Υίοῦ
3031 4135 3320 4204 ἀνθρώπου
3351 4139 3446 4191 καὶ
3467 4141 3728 4210 ἑνσάρκου
3752 4153 3824 4205 γι-

2260 4221 2631 4292 νωσκομένης,
2669 4225 2854 4295 χάριτι
2874 4224 2931 4278 δὲ
2956 4228 3052 4279 καὶ
3075 4227 3202 4299 δόξῃ
3227 4227 3356 4300 ψιλῇ
3388 4231 3528 4302 μόνῃ
3549 4229 3823 4300 λεγομένης

2261 4311 2394 4365 Υίοῦ
2424 4311 2560 4366 Θεοῦ
2586 4353 2602 4380 ,
2641 4314 2756 4378 πῶς
2786 4317 2847 4370 οὐ
2887 4316 2982 4372 δύο
3025 4319 3133 4372 υἱοὶ
3162 4315 3273 4374 εἷεν
3303 4321 3360 4376 αί
3389 4321 3485 4376 δύο
3520 4322 3824 4378 ὑποστάσεις

2260 4400 2420 4459 αὗται
2442 4405 2692 4478 διάφοροί
2724 4425 2782 4461 τε
2805 4409 2901 4462 καὶ
2921 4409 3013 4465 ἑπὶ
3033 4411 3311 4484 διαφόροις
3329 4414 3598 4485 υίότησιν,
3619 4417 3710 4468 καὶ
3732 4411 3822 4466 άπὸ

2259 4501 2533 4573 διαφόρων
2566 4503 2774 4557 τοκέων
2795 4546 2810 4569 ,
2844 4505 2940 4558 καὶ
2995 4506 3354 4578 διωρισμέναι
3383 4511 3450 4578 τῇ
3484 4509 3712 4581 ὑπάρξει
3745 4506 3824 4562 καὶ

553 4605 619 4651 ct
640 4594 983 4650 subsistendi
1008 4591 1173 4647 modo
1195 4593 1425 4662 locoque
1451 4605 1670 4661 semper
1695 4588 1984 4645 discretae?
2007 4587 2154 4657 Qua-

2261 4593 2413 4664 τόπῳ
2442 4593 2563 4660 dei;
2589 4585 2664 4647 ὧν
2686 4595 2735 4648 εί
2763 4595 2862 4664 μὲν
2884 4597 2984 4667 τὴν
3015 4596 3176 4665 φύσει
3207 4598 3361 4652 Θείαν
3387 4598 3820 4672 προσκυνοῦντες.

557 4701 686 4741 tum
707 4682 752 4736 si
772 4683 996 4752 quidem
1017 4697 1183 4736 unam
1200 4689 1401 4739 natura
1421 4680 1665 4736 divinam
1690 4687 2044 4744 venerantes,
2075 4679 2159 4734 al-

557 4785 741 4831 teram
770 4784 856 4830 est
884 4774 1415 4831 consubstantialem
1465 4772 1572 4828 sibi
1620 4769 1924 4829 difﬁtentur
1960 4771 2158 4835 Judwi,

553 4869 769 4926 Christi
791 4867 1097 4925 adversarii
1121 4865 1396 4922 manifesti
1426 4875 1632 4931 erunt;
1658 4865 1909 4920 dicentes
1931 4873 1987 4920 et
2012 4865 2116 4935 ipsi
2144 4881 2157 4918 :

568 4982 589 5014 ι
615 4962 849 5032 Propter
872 4961 1083 5017 nullum
1097 4959 1303 5017 bonum
1322 4975 1464 5030 opus
1485 4958 1797 5030 lapidamus
1816 4967 1890 5024 te,
1913 4958 2010 5014 sed
2031 4957 2161 5028 quia

567 5059 626 5104 tu
655 5048 962 5105 homocum
985 5049 1083 5115 sis,
1108 5049 1245 5105 facis
1265 5048 1616 5119 temetipsum
1639 5047 1837 5103 Filium
1864 5049 1981 5103 Dei.
2005 5067 2024 5100 ι
2053 5048 2161 5104 Sed

564 5141 689 5197 etsi
721 5143 880 5197 istam
911 5152 972 5196 ut
998 5143 1171 5198 Deum
1199 5143 1452 5206 adorant,
1491 5157 1654 5212 quam
1681 5141 2028 5195 solummodo
2054 5141 2161 5196 hu-

566 5250 786 5289 manam
820 5244 1128 5306 agnoscunt
1157 5250 1280 5289 esse
1314 5244 1593 5298 naturam,
1622 5233 1798 5288 Graeci
1825 5232 2159 5303 produntur,

566 5335 878 5382 creaturam
909 5328 1030 5382 loco
1067 5327 1349 5383 Creatoris
1371 5327 1693 5390 adorantes,
1724 5325 2022 5395 reipsaque
2052 5325 2162 5380 An-

567 5415 946 5486 thropolatre,
989 5424 1044 5470 et
1090 5415 1516 5486 quaternionem
1549 5414 1865 5468 divinarum
1896 5413 2161 5485 hyposta-

565 5522 699 5564 seon
720 5523 786 5562 ex
817 5507 994 5563 tribus
1033 5507 1602 5564 consubstantialibus
1620 5516 1676 5562 et
1699 5522 1808 5561 una
1829 5507 2158 5578 alienigena,

566 5598 990 5654 constituentes.
1036 5602 1101 5653 lit
1127 5615 1237 5653 non
1259 5600 1484 5653 dicant:
1513 5599 1816 5654 Voluntate
1850 5599 1947 5654 Dei
1982 5599 2162 5654 homi-

567 5705 695 5744 nem
727 5691 1010 5746 Chris‘tum
1034 5692 1353 5747 adoramus.
1388 5691 1493 5747 Ubi
1531 5692 1682 5745 enim
1713 5691 2028 5748 docuerunt
2061 5707 2160 5747 nos

568 5781 757 5836 divina
792 5785 1015 5840 oracula
1043 5785 1323 5840 hominem
1350 5794 1410 5839 ut
1433 5785 1604 5840 Deum
1635 5786 1906 5842 adorare?
1929 5788 1996 5843 At
2029 5802 2160 5842 vero

572 5886 692 5930 non
719 5883 806 5932 est
832 5875 988 5934 locus
1008 5893 1117 5949 quo
1137 5877 1323 5934 divina
1349 5877 1635 5952 Scriptura
1670 5893 1783 5936 non
1809 5892 2002 5952 arguat
2025 5881 2162 5936 tales

2262 4686 2365 4756 τὴν
2398 4685 2594 4758 ἑτέραν
2617 4686 2692 4751 ὡς
2721 4688 3008 4758 ὁμοούσιον
3035 4691 3248 4756 ἑαυτοῖς
3290 4693 3821 4765 άποπροσποιοῦνται,

2276 4777 2515 4849 Ἑϐραῖοι
2538 4779 2732 4846 σαφεῖς
2758 4776 2870 4831 εῖεν
2898 4780 3260 4852 ἀντίχριστοιο
3281 4781 3534 4852 λέγοντες
3561 4784 3655 4842 καὶ
3671 4778 3819 4837 αὐτοί⁹

2270 4888 2289 4920 ι
2315 4869 2453 4939 Περὶ
2485 4869 2651 4924 καλοῦ
2685 4871 2846 4943 ἔργου
2885 4872 2948 4925 οὐ
2981 4872 3274 4944 λιθάζομέν
3295 4890 3379 4942 σε,
3404 4875 3521 4930 ἀλλ’
3551 4877 3634 4930 ὅτι
3660 4875 3719 4928 σὺ
3741 4871 3822 4928 ἄν’

2265 4960 2482 5026 θρωπος
2507 4959 2796 5026 ὢν,ποιεῖς
2819 4962 3011 5018 ἑαυτὸν
3041 4964 3168 5018 Υίδν
3193 4965 3330 5020 Θεοῦ
3351 4983 3366 4998 ·
3394 4983 3413 5017 ι
3439 4969 3487 5020 εἰ
3512 4965 3569 5020 δὲ
3596 4966 3688 5020 καὶ
3711 4960 3822 5017 ταύ-

2262 5069 2365 5123 την
2388 5051 2466 5116 ὡς
2494 5052 2628 5107 Θεὸν
2675 5053 2952 5120 σέϐουσιν,
3005 5057 3072 5126 ἢν
3116 5057 3276 5127 μόνον
3310 5057 3659 5130 ἀνθρωπίνην
3703 5050 3822 5108 εἶναι

2264 5146 2429 5216 φύσιν
2459 5145 2840 5216 γινώσκουσιν,
2866 5148 3130 5219 Ἕλληνες
3159 5149 3417 5222 πρόδηλοι
3440 5149 3713 5221 σεϐόμενοι
3741 5143 3822 5213 τὴν

2264 5238 2443 5292 κτίσιν
2474 5239 2628 5309 παρὰ
2662 5238 2755 5292 τὸν
2786 5240 3071 5306 κτίσαντα,
3129 5241 3228 5295 καὶ
3285 5241 3456 5306 ὅντως
3496 5237 3820 5313 ἁνθρωπο).ἀ-

2261 5347 2411 5400 τραι,
2436 5330 2533 5384 καὶ
2571 5332 2807 5402 τετράδα
2840 5333 3200 5397 συνιστῶντες
3243 5333 3405 5388 θείων
3453 5333 3782 5388 ὑποστάσεων
3804 5365 3816 5388 ι

2262 5419 2326 5471 ἑκ
2357 5419 2527 5490 τριῶν
2573 5420 2878 5492 ὀμοουσίων
2911 5422 3008 5474 καὶ⁹
3045 5423 3175 5492 μιᾶς
3207 5421 3551 5492 ἑτεροουσίου
3579 5435 3592 5450 ·
3624 5416 3710 5470 καὶ
3735 5411 3817 5465 οὐκ

2261 5513 2486 5578 εἴποιεν,
2531 5515 2614 5566 ὅτι
2660 5512 2820 5566 Ἀλλά
2848 5513 3099 5586 βουλήσει
3127 5513 3263 5569 Θεοῦ
3295 5515 3384 5567 τὸν
3413 5513 3692 5584 ἄνθρωπον
3708 5506 3834 5599 Χᾲρξνί

2263 5604 2388 5657 στὸν
2417 5605 2831 5677 προσκυνοῦμεν
2853 5623 2865 5635 ·
2893 5607 2999 5660 ποῦ
3031 5606 3141 5676 γὰρ
3164 5602 3317 5660 εἶπεν
3342 5608 3474 5678 ἡμῖν
3502 5605 3569 5657 τὰ
3599 5601 3709 5655 θεῖα
3731 5592 3833 5678 Λὸέἶ

2261 5713 2376 5766 γα,
2432 5702 2758 5764 προσκυνεῖν
2809 5701 2966 5771 ἀνδρὶ
2998 5701 3074 5764 ὼς
3121 5700 3277 5770 Θεῷ;
3324 5677 3440 5754 ἀλλ’
3468 5697 3574 5753 οὐδ’
3603 5695 3737 5748 ἔστιν
3762 5677 3812 5738 οὗ

2263 5787 2338 5860 μὴ
2372 5789 2644 5860 ὲγκαλεῖή
2676 5789 2806 5856 ἁγία
2839 5790 3028 5861 Γραφὴ
3057 5792 3169 5851 τοῖς
3203 5789 3430 5844 τοιοῖσδε
3455 5804 3469 5819 ·
3516 5785 3606 5840 καὶ
3629 5791 3786 5850 παρετ

2261 5883 2390 5953 γυᾷ,
2414 5881 2497 5934 ὅτι
2524 5899 2541 5934 ι
2573 5881 2764 5952 Κυρίῳ
2775 5879 2853 5952 τῷ
2875 5881 2993 5952 Θεῷ
3016 5898 3108 5937 σου
3132 5882 3550 5955 προσκυνήσεις,
3579 5873 3666 5931 καὶ
3686 5861 3810 5939 αὗτῷ
