4116 6452
372 357 505 421 1641

1297 359 1695 421 ADVERSUS
1731 356 2354 421 NESTORIANOS.-‘-
2393 362 2543 424 LIB.
2586 362 2703 423 III.

3494 352 3632 417 lﬁlf.’

375 474 524 541 μόνῳ
542 470 860 542 λατρεύσεις
882 485 897 505 ο
931 488 950 523 ι
978 470 1094 524 ἀλλ’
1124 470 1324 541 ἴδωμεν
1350 471 1480 542 ἑξῆς
1491 471 1651 525 τίκαὶ
1673 470 1809 542 πρὸς
1825 471 1950 525 τάδε
1978 516 1986 531 ι

2088 468 2377 528 doratores
2406 482 2489 528 let
2544 474 2744 529 clamet
2784 489 2798 527 :
2856 489 2875 525 ι
2907 469 3201 526 Dominum
3255 468 3429 523 Deum
3476 477 3633 522 tuum

379 561 768 632 ⁸ιπολογοῦνται
790 563 844 617 οι
883 561 1171 634 βέλτιστοι.

939 850 1195 907 ΚΕΦᾹΛ.
1255 853 1398 910 Θ’-ι⁹.

450 946 511 999 Εἰ
532 945 660 1008 τοὺς
683 945 778 999 δύο
804 945 976 1010 υἱοὺς,
1002 947 1157 1016 φησὶ,
1188 944 1331 999 κατὰ
1353 943 1515 1013 φύσιν
1536 942 1795 1012 ἐλέγομεν
1816 934 1957 994 εἶναι

379 1039 444 1093 ὲκ
478 1037 571 1091 τοῦ
608 1036 767 1100 Θεοῦ,
804 1036 838 1107 ἦ
867 1038 1036 1107 ἄμφω
1066 1036 1207 1090 κατὰ
1244 1036 1429 1107 χάριν,
1457 1034 1629 1097 ὅντως
1668 1030 1851 1095 καλῶς
1892 1030 1958 1084 ἂν

381 1130 514 1197 ήμῖν
568 1126 661 1179 δύο
708 1125 891 1194 λέγειν
942 1127 1092 1189 υἱοὺς
1130 1124 1267 1179 Θεοῦ
1303 1125 1565 1196 συνήγετε
1594 1137 1610 1156 ο
1644 1124 1794 1186 υἱοὺς
1850 1124 1959 1193 γὰρ

378 1216 471 1270 δύο
502 1216 535 1287 ἢ
563 1217 779 1281 πλείους
809 1205 1285 1288 τηνικαῦταῖέγει
1323 1216 1358 1284 ἡ
1388 1216 1520 1284 ἁγία
1548 1213 1761 1285 Γραφὴ,
1795 1214 1962 1286 ἡνίκα

380 1309 446 1361 ὲκ
474 1307 568 1361 τοῦ
600 1308 767 1361 αὑτοῦ
792 1310 982 1378 εἴησαν
1017 1308 1221 1372 πάντες
1247 1308 1297 1361 οἱ
1331 1306 1830 1378 συναριθμοὺμενοι
1862 1306 1958 1360 καὶ

382 1400 525 1453 κατὰ
543 1401 635 1454 τὸν
655 1400 817 1454 αὐτὸν
845 1400 1003 1469 λόγον
1031 1400 1127 1453 καὶ
1157 1399 1359 1469 τρόπον
1393 1415 1408 1430 ·
1442 1398 1543 1452 εἴτ’
1586 1396 1681 1452 οὖν
1716 1396 1877 1466 φύσει
1927 1397 1961 1467 ἢ

384 1491 532 1544 θέσει
559 1490 725 1561 ἄμφω
746 1492 1105 1562 γεγενημένοι
1134 1490 1306 1560 αὐτῷ,
1359 1489 1503 1543 ῶστε
1550 1490 1648 1543 atat
1700 1488 1965 1557 ἀδελφοὺς

384 1586 583 1649 αὐτοὺς
618 1582 864 1652 ἀλλήλων
901 1583 1164 1639 δύνασθαι
1209 1584 1389 1651 λέγειν
1419 1599 1431 1612 ·
1460 1580 1639 1644 οὕτως
1685 1580 1822 1651 γοῦν
1871 1580 1965 1634 καὶ

386 1678 603 1746 εἴρηται
637 1675 671 1747 ή
699 1676 903 1746 Μήτηρ
935 1675 1046 1728 τῶν
1063 1674 1157 1728 δύο
1189 1674 1321 1727 υἱῶν
1341 1672 1628 1727 Ζεϐεδαίου
1649 1686 1665 1703 ⁹
1697 1670 1792 1725 καὶ
1815 1670 1875 1723 ἐν
1899 1670 1964 1740 τῇ

388 1766 625 1818 Γενέσει·
655 1758 744 1834 Τῷ
769 1766 827 1818 δὲ
874 1764 1071 1833 Ἰωσὴφ
1094 1765 1342 1831 ἐγένοντο
1372 1763 1478 1815 υἱοὶ
1504 1760 1619 1815 δύω
1655 1761 1750 1814 καὶ
1782 1778 1802 1812 ι
1830 1754 1964 1812 Eius

398 1854 627 1924 'Pou6‘tp.
657 1831 734 1924 τῶ
762 1853 937 1924 πατρὶ
965 1831 1136 1906 αὐτοῦ
1154 1869 1169 1884 ·
1211 1853 1351 1915 Τοὺς
1379 1849 1476 1905 δύο
1520 1848 1669 1913 υἱούς
1702 1865 1805 1919 μου
1835 1846 1971 1901 ἀπό·
2000 1831 2043 1886 Β

390 1963 621 2011 κτεινον,
658 1946 754 1999 eam
786 1945 862 2015 μὴ
890 1944 1085 2013 ἀγάγω
1115 1943 1280 1998 αὑτὸν
1307 1943 1447 2014 πρὸς
1472 1942 1555 2006 σὲ,
1588 1940 1833 1994 τουτέστι
1874 1937 1967 1990 τὸν

391 2034 671 2105 Βενιαμίν·
696 2053 715 2085 ι
745 2034 1019 2105 καὶπαρά
1030 2031 1430 2103 τῷἈποστόλῳ
1458 2030 1621 2085 πάλιν
1637 2029 1970 2098 γέγραπται,

396 2146 415 2179 ι
441 2127 564 2182 Ὀτι
579 2125 832 2197 Ἀϐραὰμ
845 2125 937 2179 δύο
954 2126 1103 2188 υἱοὺς
1120 2124 1298 2196 ἐσχενο
1324 2142 1343 2177 ι
1370 2124 1498 2177 ἔνθα
1510 2119 1604 2178 οὖν
1616 2123 1710 2176 δύο
1730 2122 1764 2192 ἢ
1790 2118 1975 2174 πολλώ⁹

388 2220 515 2283 υἱοὶ,
547 2219 643 2273 καὶ
669 2218 889 2287 ἀδελφοὶ
910 2216 1179 2290 εἴρηνται,
1199 2217 1292 2269 καὶ
1305 2217 1671 2288 πρωτοτόκια,
1693 2214 1789 2268 καὶ
1812 2213 1972 2266 ὑστε-

393 2312 615 2382 ροτόκια
646 2310 868 2380 λέγεται
924 2309 1001 2375 ὡς
1050 2311 1108 2364 ὲν
1156 2309 1329 2364 Ἦσαῦ
1365 2309 1462 2364 καὶ
1505 2307 1699 2363 Ἰακώϐ
1742 2322 1759 2338 ο
1800 2308 1851 2359 εἰ
1881 2304 1976 2359 οὖν

389 2402 552 2472 φύσει
583 2401 676 2455 τόν
701 2418 761 2455 τε
779 2400 952 2469 Λόγον
979 2400 1074 2454 καὶ
1098 2402 1189 2454 τὸν
1213 2401 1447 2471 Χριστὸν
1471 2399 1680 2470 ἔφημεν
1708 2400 1772 2451 ὲκ
1803 2396 1966 2461 Θεοῦ,

389 2493 426 2564 ἦ
457 2492 637 2563 χάριτι
661 2491 828 2560 ἄμφω
864 2489 1046 2552 καλῶς
1072 2490 1138 2543 ἂν
1179 2488 1490 2559 ὲλογίζεσθε
1519 2491 1696 2560 ἡμᾶς’
1720 2487 1829 2541 ἔδει
1851 2489 1963 2556 γὰρ

394 2584 487 2635 καὶ
512 2582 773 2650 ἀδελφοὺς
792 2580 1045 2648 λέγεσθαι
1072 2581 1271 2643 αὐτοὺς
1298 2580 1391 2634 δύο
1414 2580 1598 2645 ὄντας,
1626 2579 1723 2633 καὶ
1748 2578 1976 2648 θάτερον

393 2676 740 2748 πρωτότοκον
770 2678 864 2729 καὶ
898 2675 1270 2746 πρεσϐύτερον
1295 2669 1437 2729 εἶναι
1460 2713 1475 2740 ,
1507 2675 1666 2742 εἴπερ
1709 2674 1787 2746 μὴ
1830 2672 1973 2728 δίδυ-

395 2786 487 2839 μοι
507 2784 522 2797 ·
551 2770 601 2823 εἰ
632 2768 690 2822 δὲ
718 2771 746 2822 6
785 2768 885 2838 μὲν
915 2768 1086 2833 θέσει,
1124 2768 1154 2821 ό
1185 2768 1241 2821 δὲ
1274 2767 1438 2837 φύσει
1470 2768 1619 2833 ἐστὶ,
1654 2770 1748 2822 καὶ
1780 2769 1970 2841 ἐτέρου

396 2857 497 2928 μὲν
522 2858 679 2926 φύσει
708 2859 894 2928 ἐτέρου
926 2858 982 2911 δὲ
1016 2857 1164 2911 θέσει
1194 2858 1223 2911 6
1254 2858 1491 2927 Χριστὸς
1516 2859 1666 2924 Υἱὸς,
1694 2860 1854 2930 δῆλον
1882 2862 1967 2916 ὅτι

391 2947 493 3001 οὐκ
514 2947 626 3019 ἔχει
658 2947 844 3019 χώραν
868 2949 902 3019 ή
927 2948 1037 3003 τῶν
1062 2947 1155 3001 δύο
1183 2948 1316 3002 υἱῶν
1363 2950 1783 3022 συναρίθμησις.
1946 2964 1947 2967 ‘

2058 562 2317 621 adorabis
2360 573 2420 622 et
2475 566 2554 621 illi
2608 552 2710 622 seli
2757 563 2969 621 servies
2994 564 3061 618 δι.
3100 580 3119 615 ι
3174 560 3281 616 Sed
3331 574 3399 614 ex
3441 559 3637 613 ordine

2058 656 2346 715 videamus
2397 658 2533 729 quid
2577 659 2648 715 ad
2703 644 2821 714 haéc
2863 657 3100 727 allegent
3143 652 3237 710 isti
3286 650 3638 708 reverendis-

2059 745 2208 801 simi.

2655 857 2809 912 CAP.
2850 854 3021 911 iX-X.

2132 947 2191 1003 Si
2227 948 2368 1003 duos
2404 947 2565 1015 ﬁlios,
2596 949 2880 1020 inquiunt,
2915 948 3248 1009 diceremus,
3284 959 3350 999 ex
3380 945 3494 1000 Deo
3514 956 3638 999 esse

2063 1038 2371 1093 secundum
2414 1048 2670 1094 naturam
2711 1039 2798 1095 vel
2848 1039 3011 1094 ambo
3042 1036 3347 1093 secundum
3383 1035 3637 1107 gratiam,

2066 1134 2215 1181 recte
2244 1125 2467 1197 quidem
2496 1143 2599 1183 nos
2631 1128 2770 1183 duos
2803 1128 2988 1183 dicere
3022 1126 3166 1181 ﬁlios
3208 1125 3306 1180 Dei
3337 1123 3638 1179 inferretis.

2067 1218 2216 1274 Duos
2261 1218 2412 1273 enim
2448 1219 2532 1274 vel
2574 1220 2763 1289 plures
2802 1204 2949 1275 ﬁlios
2986 1227 3119 1273 tunc
3173 1217 3309 1273 dicit
3354 1215 3644 1285 Scriptura

2069 1324 2246 1375 sacra,
2299 1325 2425 1365 cum
2474 1326 2541 1366 ex
2581 1312 2776 1367 eodem
2828 1321 2959 1367 sunt
2996 1325 3188 1366 omnes
3230 1309 3345 1373 isti,
3387 1324 3498 1364 uno
3523 1322 3645 1363 ser-

2068 1416 2231 1456 mone
2257 1401 2561 1471 eodemque
2609 1403 2774 1457 modo
2820 1399 3225 1466 eonnumerati,
3255 1400 3383 1455 'sive
3426 1406 3643 1460 natura.

2070 1489 2188 1544 sive
2237 1490 2534 1560 adoptione
2572 1491 2683 1546 sint
2726 1492 2891 1547 ambo
2923 1491 3104 1547 eidem
3148 1489 3418 1562 generati,
3460 1488 3535 1543 ita
3586 1495 3651 1541 ut

2072 1581 2271 1636 fratres
2303 1597 2449 1637 unus
2476 1583 2617 1638 alius
2646 1581 2753 1637 dici
2786 1590 3011 1653 queant.
3043 1581 3121 1636 Ita
3144 1580 3369 1652 quidem
3401 1577 3647 1633 dicitur:

2075 1673 2248 1728 Mater
2303 1673 2540 1729 duorum
2587 1674 2839 1730 Zebedeei
2888 1674 3158 1741 ﬁliorum;
3209 1681 3267 1729 et
3312 1672 3365 1727 ih
3397 1669 3648 1728 Genesi:

2072 1765 2277 1835 Ioseph
2322 1774 2505 1821 autem
2554 1776 2714 1821 erant
2746 1766 2855 1821 duo
2888 1766 2982 1821 ﬁlii
3016 1784 3030 1820 :
3057 1767 3147 1857 ‘Et
3175 1782 3191 1819 :
3229 1783 3248 1817 ι
3280 1763 3427 1819 Dixit
3452 1762 3652 1857 Ruben

2073 1854 2216 1923 patri
2249 1869 2388 1909 suo:
2422 1855 2573 1910 Duos
2602 1854 2746 1911 ﬁlios
2779 1871 2934 1911 meos
2960 1850 3126 1910 morti
3162 1853 3337 1919 trade,
3364 1852 3410 1907 si
3440 1867 3551 1906 non
3581 1850 3653 1905 ad

2075 1952 2128 2002 te
2154 1945 2413 2001 reducam
2445 1948 2623 2012 illum,
2656 1947 2832 2011 idest,
2861 1945 3149 2017 Beniamin
3171 1944 3237 1999 “.
3275 1961 3293 1995 ι
3328 1943 3655 2010 Rursusque

2072 2040 2218 2109 apud
2257 2040 2579 2110 Apostolum
2630 2040 2898 2110 scriptum
2942 2045 3031 2095 est
3067 2055 3081 2092 :
3121 2055 3143 2089 ι
3187 2034 3344 2103 Quod
3374 2033 3654 2090 Abraham

2073 2133 2214 2188 duos
2240 2133 2381 2188 ﬁlios
2401 2133 2597 2188 habuit
2620 2133 2691 2187 ⁸⁸.
2724 2151 2743 2184 ι
2776 2132 2857 2187 lbi
2890 2146 3025 2203 ergo
3054 2141 3186 2186 sunt
3207 2129 3319 2185 duo
3348 2128 3434 2183 vel
3465 2127 3660 2199 plures

2082 2224 2203 2291 ﬁlii,
2255 2223 2569 2294 fratresque
2624 2224 2907 2289 dicuntur,
2967 2232 3024 2279 et
3068 2220 3222 2293 prior
3268 2218 3660 2291 posteriorque

2075 2324 2253 2379 ortus,
2284 2326 2346 2371 ut
2376 2315 2429 2369 in
2458 2316 2604 2371 Esau
2632 2323 2687 2370 et
2714 2315 2906 2378 Jacob,
2952 2320 3360 2369 memorantur.
3407 2305 3658 2382 Igitur'si

2076 2407 2322 2463 Verbum
2350 2414 2405 2462 et
2425 2405 2706 2463 Christum
2733 2406 3047 2461 diceremus
3072 2419 3142 2459 ex
3171 2404 3285 2459 Deo
3313 2412 3534 2467 natura,
3566 2401 3658 2456 vel

2077 2500 2251 2571 gratia
2296 2498 2511 2566 ambos,
2542 2506 2695 2554 recte
2734 2498 2898 2553 nobis
2945 2497 2999 2552 id
3039 2495 3410 2552 eausaremini
3445 2510 3460 2548 :
3494 2509 3663 2565 opor-

2077 2589 2228 2643 tebat
2252 2588 2400 2643 enim
2425 2588 2571 2653 illos,
2596 2596 2788 2658 utpote
2812 2587 2974 2653 duos,
3002 2586 3203 2642 fratres
3225 2585 3356 2652 diei,
3378 2598 3664 2653 unumque

2076 2692 2201 2733 esse
2247 2676 2680 2749 primogenitum
2735 2684 2793 2733 et
2848 2684 2983 2732 natu
3037 2678 3325 2748 majorem,
3382 2673 3658 2745 siquidem

2081 2786 2192 2826 non
2221 2770 2449 2841 gemini.
2490 2769 2548 2825 Si
2589 2777 2772 2825 autem
2799 2769 2892 2825 hic
2918 2768 3240 2838 adoptione,
3275 2766 3368 2822 ille
3393 2781 3529 2822 vero
3561 2780 3666 2820 na-

2078 2871 2226 2927 tura,
2257 2871 2314 2917 et
2332 2862 2586 2918 Christus
2613 2862 2781 2917 unius
2804 2863 3028 2932 quidem
3051 2870 3269 2925 natura,
3303 2860 3447 2915 alius
3475 2866 3665 2913 autem

2080 2954 2378 3023 adoptione
2412 2955 2484 3011 sit
2514 2954 2706 3020 Filius,
2734 2954 2961 3009 evidens
2988 2960 3075 3008 est
3105 2969 3217 3008 non
3243 2952 3449 3008 habere
3478 2950 3665 3006 locum

2081 3046 2319 3101 duorum
2348 3046 2588 3101 ﬁliorum
2618 3045 3188 3101 connumerationem.

464 3126 656 3181 Ταῦτα
687 3124 786 3197 μὲν
810 3121 904 3181 οὖν
925 3126 1099 3190 οὕτως
1129 3126 1179 3180 οἱ
1205 3126 1375 3191 ὅντως
1422 3126 1744 3198 παραδόξων
1773 3127 1979 3199 δογμά-

2153 3138 2280 3193 Haec
2312 3137 2532 3207 quidem
2561 3137 2635 3193 ita
2671 3136 2856 3193 ferunt
2884 3136 2972 3193 isti
3006 3135 3369 3190 fabricatores
3400 3132 3659 3188 invento-

396 3235 506 3272 των
526 3217 763 3272 πλάσται
787 3234 847 3270 τε
877 3218 974 3271 καὶ
994 3218 1307 3287 ὲφευρεταὶ,
1357 3215 1410 3269 ol
1456 3217 1555 3280 τὰς
1598 3216 1692 3270 δύο
1741 3216 1933 3285 φύσεις
1961 3257 1978 3280 ,

397 3309 568 3381 ἤγουν
599 3309 700 3380 τήν
734 3307 884 3363 θείαν
914 3308 1009 3363 καὶ
1038 3308 1420 3379 ἀνθρωπίνην,
1468 3309 1549 3370 εἰς
1590 3308 1690 3363 ἕνα
1728 3308 1843 3362 υἱὸν
1887 3310 1983 3363 καὶ

403 3402 535 3473 μίαν
564 3400 865 3455 ὑπόστασιν
893 3399 1201 3453 συντιθέναι
1242 3400 1318 3465 ὡς
1361 3400 1624 3456 άδυνατον
1666 3401 1866 3472 τρόπον
1908 3401 1984 3472 μὴ

399 3494 749 3559 εὑδοκοῦντες
782 3510 798 3526 ·
831 3493 1050 3549 καὶδύο
1082 3494 1375 3565 πρόσωπα,
1418 3495 1515 3548 καὶ
1562 3493 1657 3548 δύο
1701 3494 1853 3557 υἱοὺς
1892 3510 1985 3547 τεο
2054 3485 2066 3499 ’

401 3588 583 3652 λείους
619 3587 728 3659 ἰδίᾳ
758 3604 818 3639 τε
856 3586 1219 3658 κεκριμένους
1259 3588 1340 3650 εἰς
1382 3587 1480 3641 ἕνα
1527 3587 1643 3640 υἱὸν
1688 3587 1987 3641 συνάπτειν

403 3678 609 3749 ἀρτίως
636 3676 1057 3748 νομοθετοῦντες
1089 3690 1103 3705 ·
1148 3677 1402 3747 εἷποιμεν
1439 3673 1534 3730 οὖν
1576 3676 1714 3746 πρὸς
1744 3673 1942 3738 αὐτούς
1968 3688 1985 3706 ο

402 3770 497 3841 Μὴ
518 3768 882 3841 περιφέρεσθε
908 3771 1022 3833 τοῖς
1058 3769 1293 3839 νοήμασι
1327 3767 1784 3840 κραιπαλούντων
1806 3765 1985 3835 δίκην,

406 3859 454 3920 ῶ
487 3866 751 3938 βέλτιστοι
785 3879 800 3893 ·
833 3864 868 3934 ἢ
902 3863 1011 3935 γὰρ
1044 3865 1072 3917 6
1118 3863 1376 3932 ἀνόμοιος
1418 3863 1621 3932 τρόπος
1654 3861 1754 3930 τῆς
1798 3859 1993 3929 γεννή-

410 3957 549 4021 σεώς
586 3958 736 4009 ἐστιν
759 3957 789 4010 6
818 3955 993 4018 αἴτιος
1026 3954 1121 4008 τοῦ
1173 3953 1631 4025 συναριθμεῖσθαι
1678 3953 1780 4023 τὴν
1821 3950 1992 4005 δυάδα

407 4051 517 4105 τῶν
542 4048 698 4115 υἱῶν,
734 4048 840 4103 κᾶν
868 4048 964 4101 τοῦ
998 4045 1165 4100 αὑτοῦ
1194 4042 1305 4100 εἷεν
1331 4047 1564 4116 πατρὸς,
1612 4045 1645 4116 ἢ
1682 4045 1743 4098 τὸ
1780 4046 1845 4098 ὲκ
1873 4043 1993 4097 δια-

408 4136 589 4208 φόρων
619 4130 759 4189 εἶναι
791 4134 995 4204 γονέων
1013 4134 1273 4206 ἑκάτερον
1310 4136 1447 4198 υἱὸν,
1474 4134 1507 4205 ἢ
1533 4134 1703 4203 ἄμφω
1723 4134 1829 4187 εἰσὶ
1868 4151 1997 4187 συν-

408 4229 562 4283 αιτια
612 4232 711 4298 τῆς
760 4228 1100 4299 ἀναιρέσεως
1151 4229 1252 4298 τῆς
1303 4227 1494 4291 δυάδος
1538 4226 1635 4280 ὲπὶ
1666 4227 1777 4279 τῶν
1821 4227 1996 4289 υἱῶν.

408 4320 579 4391 ἦγουν
612 4319 649 4388 ἡ
700 4318 937 4387 διαφορὰ
968 4318 1068 4388 τῆς
1124 4318 1372 4388 υἱότητος
1408 4319 1506 4372 καὶ
1544 4318 1656 4373 τῶν
1688 4318 1955 4371 τεκόντων
1980 4332 1995 4347 °

410 4412 462 4465 ει
501 4409 603 4481 μὲν
630 4405 725 4464 οὖν
749 4412 777 4463 6
798 4410 1059 4480 διάφορος
1079 4410 1284 4481 τρόπος
1311 4410 1413 4480 τῆς
1458 4409 1776 4480 γεννήσεως
1809 4410 1960 4463 ἐστιν
1981 4446 1999 4474 ,

2083 3242 2281 3296 resque
2294 3226 2715 3296 paradoxorum,
2733 3224 2827 3295 qui
2844 3224 2982 3280 duas
2999 3234 3243 3288 naturas,
3264 3223 3507 3279 divinam
3524 3221 3673 3279 scili-

2082 3328 2171 3374 cet
2194 3327 2251 3375 et
2272 3317 2659 3383 humanam,in
2689 3333 2862 3372 unum
2890 3316 3064 3372 ﬁlium
3084 3325 3141 3373 et
3162 3331 3327 3372 uuam
3349 3314 3673 3388 hypostasin

2083 3411 2399 3472 convenire.
2423 3409 2581 3481 quasi
2607 3408 2828 3464 modum
2850 3408 3269 3480 lmpossibilem,
3288 3424 3396 3464 non
3415 3407 3673 3478 probant;

2084 3513 2142 3561 et
2172 3505 2309 3559 duas
2336 3518 2601 3575 personas
2622 3512 2679 3559 et
2699 3503 2838 3558 duos
2860 3502 3001 3558 ﬁlios
3017 3503 3289 3574 perfectos
3311 3502 3677 3573 proprietate-

2088 3613 2196 3667 que
2211 3596 2483 3651 discretos
2502 3595 2557 3650 in
2579 3610 2749 3649 unum
2769 3593 2940 3649 ﬁlium
2961 3593 3207 3664 coaptari
3225 3593 3387 3664 plane
3403 3599 3675 3648 statuunt.

2088 3688 2346 3744 Dicamus
2387 3686 2558 3758 igitur
2598 3685 2708 3740 illis
2738 3702 2752 3739 :
2788 3684 2991 3751 Nolite,
3033 3685 3364 3749 ebarissimi,
3398 3685 3679 3741 ebriorum

2092 3781 2303 3845 instar,
2356 3776 2789 3850 cogitationibus
2836 3776 3119 3831 vacillare.
3175 3777 3273 3832 Vel
3309 3776 3458 3833 enim
3493 3777 3683 3834 varius

2094 3868 2469 3942 generationis
2502 3867 2698 3923 modus
2718 3876 2912 3923 auctor
2953 3874 3039 3923 est
3077 3868 3219 3923 duos
3250 3868 3309 3922 in
3333 3884 3506 3923 unum
3544 3884 3682 3924 eon-

2103 3960 2436 4017 numeraudi
2473 3960 2637 4025 ﬁlios,
2686 3959 2818 4019 licet
2871 3960 3119 4032 ejusdem
3174 3959 3286 4015 sint
3331 3959 3538 4031 patris,
3593 3961 3682 4015 vel

2100 4060 2392 4124 utriusque
2420 4051 2519 4106 ﬁlii
2545 4067 2613 4107 ex
2636 4050 2870 4107 diversis
2888 4051 3213 4120 parentibus
3236 4050 3574 4122 procreatio,
3596 4052 3684 4105 vel

2098 4142 2283 4207 ambo,
2316 4140 2534 4196 diversa
2576 4139 2790 4211 scilicet
2835 4140 3027 4195 ﬁliatio
3065 4149 3123 4195 et
3153 4148 3544 4211 generatorum
3569 4142 3684 4196 dis-

2102 4234 2299 4298 cretio,
2341 4232 2505 4288 simul
2532 4246 2710 4287 causa:
2754 4239 2885 4287 sunt
2913 4246 3015 4287 cur
3063 4232 3244 4287 dualis
3287 4232 3532 4289 ﬁliorum
3582 4249 3686 4288 nu-

2100 4339 2291 4379 merus
2338 4324 2581 4379 tollatur.
2630 4321 2689 4379 Si
2732 4323 2961 4394 quidem
3006 4323 3176 4395 igitur
3224 4324 3480 4380 diversus
3517 4340 3687 4396 gene-

2102 4415 2333 4471 rationis
2354 4415 2552 4470 modus
2573 4416 2767 4484 estqui
2790 4430 2889 4486 pro
2911 4414 3128 4471 duobus
3148 4415 3275 4472 ﬁliis
3297 4432 3466 4471 unum
3488 4433 3685 4473 nume-

408 4503 439 4555 6
472 4501 616 4555 κατὰ
642 4503 769 4565 τοὺς
797 4502 893 4555 δύο
921 4502 1075 4565 υἱοὺς
1106 4502 1204 4557 ἕνα
1230 4502 1399 4556 ποιῶν
1424 4500 1815 4572 ἀριθμεῖσθαι,
1846 4500 1986 4572 πρῶ·

2104 4510 2215 4564 rari
2254 4509 2439 4575 faciat,
2472 4507 2651 4579 primo
2688 4507 2914 4578 quidem
2956 4507 3234 4578 quomodo
3286 4508 3436 4564 hunc
3467 4524 3691 4581 quoque

409 4611 503 4648 τον
540 4594 639 4665 μὲν
671 4594 791 4658 πῶς
820 4595 916 4648 καὶ
943 4594 1035 4649 τὸν
1061 4594 1162 4649 ἕνα
1185 4594 1313 4648 Υῑδν
1335 4593 1578 4663 δικάζειν
1619 4593 1724 4664 τὴν
1745 4593 2003 4664 διάφορον

410 4686 670 4758 γέννησιν
692 4686 932 4755 ἐλέγετε,
959 4687 1019 4739 ὲν
1041 4685 1120 4757 τῷ
1135 4686 1508 4740 δυσωπεῖσθαι
1533 4685 1668 4757 παρ’
1693 4685 1853 4757 ήμῶν
1869 4683 2004 4738 Oso-

413 4779 572 4833 τόκον
610 4778 794 4847 λέγειν
813 4779 913 4849 τὴν
940 4778 1107 4847 ἁγίαν
1127 4779 1405 4850 Παρθένον
1434 4795 1450 4846 ;
1490 4778 1539 4832 ει
1588 4778 1861 4848 ἐγεννήθη
1894 4776 2004 4847 γὰρ

414 4869 579 4941 ἑτέρᾳ
621 4870 910 4939 γεννήσει,
960 4870 1036 4942 μὴ
1086 4872 1270 4941 μεῖναι
1298 4870 1394 4924 τὸν
1424 4870 1591 4924 αὑτὸν
1621 4868 1855 4941 ἄχρονον
1876 4869 2005 4922 Υἱὸν

413 4962 553 5017 Θεοῦ
588 4963 761 5032 Λόγον
789 4963 1063 5033 ἐφάσκετε
1082 4979 1098 4995 ·
1130 4963 1193 5017 τὺ
1220 4962 1331 5036 γὰρ
1360 4962 1613 5017 ὁπωσοῦν
1635 4961 2003 5033 γεννώμενον,

415 5055 606 5126 ἕτερον
633 5051 776 5109 εἶναι
808 5055 961 5126 παρὰ
986 5056 1045 5109 τὸ
1071 5056 1173 5127 ήδη
1204 5055 1374 5124 προὸν
1398 5096 1413 5121 ,
1456 5056 1733 5117 παντοίως
1770 5053 2009 5123 ἀπεφαί-

415 5147 576 5200 νεσθε
610 5165 624 5179 ο
659 5148 837 5212 ἄλλως
868 5147 948 5211 δὲ.
976 5149 1027 5201 εἰ
1056 5150 1085 5202 ό
1112 5148 1371 5221 διάφορος
1394 5148 1597 5218 τρόπος
1632 5146 1827 5211 ἁπλῶς
1857 5148 2010 5201 ἀναι-

418 5239 507 5308 ρεῖ
538 5237 628 5289 τὸν
653 5238 888 5309 ἀριθμὸν
912 5238 1024 5291 τῶν
1053 5238 1208 5303 υἱῶν,
1237 5238 1419 5292 καίτοι
1472 5238 1569 5292 καὶ
1602 5238 1837 5308 υἰότητα
1879 5254 2008 5292 και-

417 5329 643 5399 νοτέραν
687 5330 1005 5399 προστιθεὶς
1048 5330 1302 5401 Ἰωάννης
1330 5332 1359 5384 6
1404 5329 1834 5399 εὐαγγελιστὴς,
1891 5330 2009 5393 υἱὸς

416 5421 495 5473 ὢν
523 5421 671 5474 θέσει
710 5422 809 5491 τῆς
850 5421 1170 5492 Δεσποίνης,
1200 5422 1290 5475 διὰ
1330 5422 1394 5474 τὸ
1444 5423 1747 5492 εἰρημένον
1774 5420 1881 5474 ὑπὸ
1908 5419 2003 5473 τοῦ

418 5513 693 5566 Δεσπότου
726 5514 782 5564 ὲν
811 5513 888 5583 τῷ
911 5512 1152 5584 σταυρῷ·
1188 5532 1206 5563 ι
1233 5512 1363 5565 Ἰδοὺ
1397 5514 1430 5581 ἡ
1464 5512 1649 5582 μήτηρ
1685 5528 1806 5564 σου·
1846 5530 1865 5564 ι
1888 5509 2009 5575 καὶ,

427 5625 444 5657 ι
470 5605 604 5658 Ἰδοὺ
632 5607 660 5659 6
684 5605 797 5668 ui6;
831 5622 946 5659 σουο
976 5624 994 5657 ι
1018 5607 1047 5658 6
1072 5604 1128 5658 δὲ
1151 5603 1356 5674 Κύριος
1380 5604 1541 5673 φύσει
1563 5604 1680 5665 υἱὸς
1710 5603 1887 5674 αὐτῆς
1911 5600 2009 5667 ὢν,

2109 4614 2280 4655 unum
2315 4598 2516 4655 Filium
2565 4598 2842 4669 duplicem
2868 4614 2936 4654 ac
2963 4598 3239 4655 diversam
3274 4600 3691 4673 generationem

2111 4691 2319 4747 habere
2359 4691 2652 4758 dicebatis,
2704 4707 2816 4747 non
2861 4692 3200 4748 sustinentes
3249 4707 3462 4747 sacram
3508 4691 3692 4764 Virgi-

2112 4797 2243 4837 nem
2272 4798 2304 4837 a
2334 4781 2497 4836 nobis
2531 4782 2823 4852 Deiparam
2850 4782 3076 4836 vocari?
3114 4781 3173 4838 Si
3212 4782 3361 4837 enim
3391 4783 3497 4838 alia
3524 4800 3666 4854 gene

2110 4874 2327 4930 ratione
2371 4883 2665 4945 generatus
2708 4880 2891 4937 esset.
2945 4874 3203 4929 eumdem
3264 4890 3377 4930 non
3420 4876 3691 4929 mansisse

2111 4976 2380 5021 :eternum
2425 4966 2622 5021 Filium
2653 4966 2749 5021 Dei
2775 4968 3016 5023 Verbum
3053 4964 3357 5031 dicebatis;
3395 4979 3521 5019 nam
3551 4980 3692 5035 quo-

2110 5053 2248 5108 libet
2279 5052 2444 5107 modo
2486 5053 2732 5123 genitum
2769 5053 2921 5108 aliud
2966 5066 3088 5108 esse
3134 5067 3199 5106 ac
3234 5053 3346 5121 jam
3369 5058 3491 5104 erat
3525 5051 3691 5120 plane

2108 5145 2491 5217 exponebatis.
2537 5145 2773 5201 Aliunde
2816 5161 2971 5211 vero,
3026 5145 3073 5199 si
3116 5144 3349 5213 simplex
3400 5142 3548 5197 modi
3605 5143 3692 5198 di-

2110 5240 2346 5295 versitas
2366 5253 2661 5293 numerum
2688 5237 2925 5291 ﬁliorum
2946 5237 3109 5302 tollit,
3134 5245 3286 5292 certe
3311 5243 3370 5290 et
3393 5234 3462 5290 ad
3489 5250 3689 5291 novam

2110 5328 2431 5383 ﬁliationem
2462 5326 2735 5396 ascriptus
2776 5326 3015 5381 Joannes
3044 5326 3412 5395 evangelista,
3449 5324 3692 5380 Domina:

2113 5417 2260 5471 ﬁlius
2298 5415 2597 5485 adoptione
2626 5414 2804 5469 factus
2836 5415 2942 5469 hoc
2970 5415 3025 5468 in
3051 5430 3216 5469 cruce
3246 5414 3461 5469 Domini
3493 5413 3643 5468 dicto
3674 5433 3688 5467 :

2117 5528 2137 5561 ι
2176 5510 2316 5564 Ecce
2351 5516 2527 5563 mater
2560 5515 2691 5574 tua;
2732 5527 2750 5559 ι
2784 5516 2841 5562 et
2869 5524 2882 5560 :
2932 5525 2949 5558 ι
2974 5508 3115 5563 Ecce
3143 5507 3288 5562 ﬁlius
3320 5517 3447 5562 tuus
3469 5508 3536 5573 ⁸⁸,
3578 5524 3597 5559 ι
3636 5514 3694 5561 et

2113 5599 2403 5665 Dominus,
2455 5598 2611 5655 illius
2662 5608 2860 5653 natura
2914 5599 3080 5665 ﬁlius,
3131 5614 3278 5653 unus
3337 5596 3485 5653 ﬁlius
3533 5603 3692 5653 erant

430 5758 435 5763 Ι
493 5785 540 5817 ⁸³
579 5786 739 5841 Deut.
784 5804 858 5847 vr,
902 5787 999 5851 15;
1037 5786 1227 5842 Matth.
1273 5803 1344 5851 IV,
1389 5786 1474 5840 IO.
1551 5786 1599 5819 “
1634 5785 1778 5841 Gen.
1840 5800 1967 5850 xw,

2087 5825 2094 5838 .
2169 5783 2215 5814 ⁸³
2266 5780 2440 5837 Galat.
2491 5796 2564 5846 IV,
2613 5780 2703 5834 22.
2766 5779 2828 5847 »⁵⁸
2863 5777 3154 5845 Joan.xnx,
3184 5777 3274 5839 26,
3309 5776 3400 5829 27.

684 5881 953 5940 l‘nuon.
1002 5884 1117 5940 Gn.
1166 5884 1265 5941 LX
1281 5882 1491 5941 XXVI.

3290 5872 3369 5930 52
