4116 6430
491 355 516 420 i
530 354 635 419 643

1774 357 2087 420 LEONTII
2121 352 2527 417 BYZANTINI

3626 340 3765 407 1644

489 469 677 532 ambo,
714 475 943 539 propter
966 467 1183 523 varium
1216 466 1503 526 ﬁliationis
1539 468 1798 525 modum!
1838 470 1995 537 Quod
2030 471 2068 524 si

2182 462 2265 531 εἷς
2292 465 2603 537 υίὺςάμφω
2648 457 2814 534 ἦσαν,
2842 458 2931 515 διά
2978 457 3071 513 τὸν
3117 454 3377 527 διάφορον
3423 454 3631 527 τρόπον
3663 457 3765 526 τῆς

488 574 606 614 non
641 558 1016 630 generationis
1050 558 1346 630 disparitas
1392 560 1488 615 sed
1528 562 1864 632 genitorum,
1903 578 2074 616 unum

485 655 545 701 et
580 661 703 702 esse
736 646 927 716 plures
954 655 1250 717 generatos
1291 648 1556 708 ostendit.
1598 650 1857 719 nunquid
1906 650 2075 720 igitur

487 734 618 804 quia
648 734 836 787 Simon
869 734 1096 803 quidem
1127 735 1300 801 Jonas,
1331 736 1573 791 Joannes
1595 745 1779 792 autem
1806 736 2074 792 Zebedaao

486 831 805 891 generatur,
850 838 996 877 unus
1027 821 1174 879 ﬁlius
1201 833 1361 879 erant
1390 826 1600 880 ambo?
1650 826 1707 882 Si
1755 836 1940 881 autem
1984 826 2073 881 di-

486 927 681 967 versus
704 914 1080 985 generationis
1128 917 1327 971 modus
1358 918 1855 989 generantiumque
1880 933 2074 988 perso-

486 1019 685 1057 narum
740 1005 1030 1061 diversitas
1063 1008 1227 1063 simul
1271 1010 1663 1064 concurrentia
1710 1020 2007 1080 generatos
2041 1024 2074 1063 a

487 1096 722 1152 diversis
758 1105 814 1152 et
858 1098 1076 1155 diverse
1116 1100 1367 1157 diversos
1400 1119 1573 1158 unum
1604 1103 1778 1157 ﬁlium
1808 1103 2071 1167 eﬁiciant,

484 1201 615 1256 ergo
640 1185 880 1243 Joannes
911 1188 1205 1259 adoptione
1238 1190 1387 1245 ﬁlius
1418 1191 1663 1246 Domina:
1684 1200 1739 1246 et
1768 1192 1956 1246 Simon
1981 1208 2075 1247 na-

488 1280 610 1327 tura
641 1274 787 1329 lilius
810 1275 963 1330 J0me
998 1293 1143 1332 unus
1173 1278 1323 1333 ﬁlius
1347 1287 1506 1333 erant
1534 1288 1760 1349 pmpter
1789 1279 2069 1334 diversum

486 1366 713 1422 modum
765 1377 823 1423 et
877 1370 1191 1439 genitorum
1243 1372 1663 1426 diversitatem?
1717 1372 1844 1427 llaec
1888 1380 2072 1426 autem

483 1459 669 1512 omnia
702 1460 747 1515 si
779 1460 1067 1516 manifeste
1097 1461 1231 1516 falsa
1257 1463 1387 1528 sint,
1422 1463 1709 1518 evidenter
1739 1464 1794 1518 in
1822 1464 1923 1531 eis,
1951 1465 2075 1534 qui-

482 1548 587 1601 bus
626 1563 733 1603 una
768 1556 981 1603 tantum
1036 1551 1281 1620 suppetit
1332 1551 1665 1621 hypostasis,
1725 1553 1835 1607 boc
1876 1568 2071 1607 verum

479 1649 585 1695 cst.
608 1640 824 1695 Etenim
850 1642 1100 1697 Zebedaai
1138 1653 1355 1709 natura,
1396 1645 1751 1715 Dominaeque
1774 1645 2070 1716 adoptione

485 1730 635 1785 idem
677 1742 797 1788 erat
839 1750 985 1789 unus
1027 1734 1174 1790 ﬁlius
1218 1736 1398 1806 reipsa
1442 1737 1593 1792 solus
1623 1739 1894 1802 Joannes,
1942 1739 2071 1809 quia

2178 558 2427 627 υίότητος
2452 572 2467 587 ο
2502 555 2551 607 εί
2580 552 2641 608 δὲ
2673 552 2734 606 οὐ
2762 551 2861 622 τῆς
2899 550 3208 620 γεννήσεως
3248 548 3284 619 ή
3324 546 3594 618 διαφορά,
3630 544 3773 601 ἀλλὰ

2174 651 2285 703 τῶν
2309 648 2711 718 γεννησάντων,
2734 644 2831 696 ἕνα
2854 638 2996 697 εἶναι
3020 641 3262 694 δείκνυσι
3284 640 3526 703 καὶτοὺς
3548 639 3773 701 πλείους

2175 740 2539 810 γεννηθέντας
2575 754 2588 767 ’
2620 733 2733 809 ἆρά
2759 752 2823 803 γε
2856 735 2989 789 διότι
3015 734 3200 803 Σίμων
3228 732 3328 803 μὲν
3370 732 3548 795 Ἰωνᾶ,
3582 731 3771 785 Ἰωάν-

2176 850 2276 904 νης
2312 832 2369 885 δὲ
2393 830 2664 899 Ζεϐεδαῐῳ
2706 828 2997 895 γεννᾶται,
3032 819 3114 888 εἷς
3149 822 3265 887 υίὸς
3301 818 3442 894 ἦσαν
3479 823 3680 894 ἄμφω;
3717 822 3768 874 εί

2173 925 2231 978 δὲ
2276 925 2359 977 ὅτι
2414 922 2671 993 διάφορος
2721 918 2923 991 τρόπος
2993 917 3095 988 τῆς
3168 916 3498 986 γεννήσεως,
3557 917 3655 967 καὶ
3708 913 3773 964 τὸ

2170 1017 2410 1087 διάφορα
2487 1009 2629 1067 εῖναι
2685 1011 2957 1083 πρόσωπα
3032 1008 3104 1063 τὰ
3180 1009 3521 1078 γεννήσαντα
3552 1047 3569 1070 ,
3629 1006 3770 1061 ἀλλὰ

2176 1108 2501 1163 συνελθόντα
2564 1105 2663 1160 ἕνα
2713 1103 2829 1158 υἱὸν
2891 1102 3020 1170 τοὺς
3064 1100 3431 1171 γεννηθέντας
3484 1099 3769 1169 διαφόροις

2173 1200 2271 1255 καὶ
2337 1196 2608 1267 διαφόρως
2687 1194 2980 1265 διαφόρους
3053 1190 3439 1263 παριστῶσιν,
3525 1184 3641 1259 ἆρά
3700 1205 3768 1256 γε

2186 1291 2441 1358 Ἰωάννης
2492 1287 2640 1340 θέσει
2698 1286 2813 1349 υίὸς
2855 1284 2932 1337 ὢν
2978 1283 3079 1353 τῆς
3120 1281 3442 1352 Δεσποίνης,
3471 1279 3656 1349 Σίμων
3705 1277 3769 1330 δὲ

2175 1382 2291 1445 υίὸς
2319 1381 2395 1435 ὣν
2436 1380 2599 1433 Ἰωνᾶ
2617 1377 2818 1447 φύσει,
2853 1374 2933 1439 εἷς
2962 1375 3077 1438 υίὸς
3103 1370 3243 1446 ἦσαν
3274 1373 3363 1426 διά
3389 1372 3483 1425 τὸν
3506 1371 3768 1440 διάφορον

2173 1473 2399 1545 τρόπον,
2425 1471 2667 1534 καὶτοὺς
2696 1469 2995 1539 διαφόρους
3022 1468 3132 1519 τῶν
3161 1465 3399 1535 γονέων;
3427 1466 3477 1518 εί
3506 1465 3562 1517 δὲ
3587 1462 3768 1516 ταῦτα

2172 1565 2356 1619 πάντα
2386 1561 2665 1635 προφανὲς
2685 1558 2907 1631 ψεῦδος,
2945 1558 3104 1630 δῆλον
3147 1559 3225 1621 ὡς
3258 1558 3347 1626 ἐφ’
3375 1552 3452 1610 ὧν
3484 1558 3585 1627 μία
3631 1556 3769 1610 ὑπό-

2174 1674 2367 1720 στασις
2402 1656 2689 1711 ὑπόκειται
2718 1655 2906 1726 μόνον,
2931 1652 3134 1726 ἀληθὲς
3148 1653 3269 1707 τόδε
3290 1652 3407 1705 ἔστί
3430 1668 3444 1681 ·
3474 1651 3769 1705 Ζεϐεδαίου

2172 1749 2284 1819 γὰρ
2318 1748 2499 1817 φύσει,
2531 1748 2629 1802 καὶ
2659 1747 2759 1819 τῆς
2781 1746 3082 1816 Δεσποίνης
3106 1743 3255 1798 θέσει
3274 1783 3291 1808 ,
3318 1743 3349 1795 ὁ
3383 1742 3546 1808 αὐτὸς
3589 1738 3657 1812 ἦν
3683 1736 3767 1804 εἷς

480 1823 704 1881 duobus
733 1818 1096 1883 ﬁliationibﬂs
1144 1827 1347 1901 subiici
1393 1838 1572 1900 potest
1603 1846 1710 1885 una
1741 1830 2068 1901 hypostasis.

2179 1818 2291 1904 υίδς
2320 1840 2492 1904 ὅντως
2522 1840 2683 1911 μόνος
2723 1839 3015 1909 Ἰωάννης,
3058 1838 3143 1892 ὅτι
3190 1836 3474 1908 διαφόροις
3518 1835 3772 1905 υἰότησιν

552 2004 660 2061 Sed
702 2005 915 2061 Christi
951 2016 1009 2062 et
1061 2007 1233 2062 Verbi
1282 2007 1422 2062 duas
1462 2007 1788 2079 hypostases
1819 2008 2065 2078 duasque

477 2114 748 2170 personas
773 2099 1054 2169 perfectas
1077 2114 1189 2153 non
1214 2101 1470 2171 ambigue
1493 2101 1850 2156 conclamatis
1877 2118 1890 2153 :
1914 2101 2065 2166 Quo-

478 2191 645 2245 modo
694 2206 826 2261 ergo
856 2190 1031 2246 Filius
1070 2206 1172 2262 per
1205 2191 1481 2247 diversam
1514 2193 1931 2264 generationem
1956 2192 2068 2246 erit

477 2282 735 2337 Christus
769 2290 824 2336 et
853 2282 1119 2348 Verbum,
1154 2298 1187 2337 o
1230 2283 1369 2337 mira
1402 2284 1740 2354 loquentes?
1782 2284 1874 2339 Sic
1908 2282 2067 2339 vobis

478 2370 774 2425 diversitas
805 2369 1029 2424 unionis
1057 2380 1207 2425 esset
1244 2386 1434 2436 causa,
1474 2380 1531 2427 et
1568 2371 1898 2435 similitudo,
1926 2372 2067 2425 ratio

478 2461 834 2517 discretionis
889 2462 944 2516 in
1004 2461 1175 2517 rebus
1206 2502 1221 2528 ,
1269 2478 1393 2532 quae
1422 2462 1649 2533 quidem
1692 2470 1820 2518 ante
1858 2479 1958 2517 vos
1997 2462 2067 2517 ab

481 2563 695 2611 aeterno
740 2552 952 2608 nemini
1002 2553 1243 2609 revelata
1276 2563 1426 2609 sunt.
1481 2552 1646 2609 Certe
1693 2554 1739 2608 si
1777 2554 1965 2609 dicant
1994 2554 2067 2609 ob

478 2643 794 2713 genitorum
825 2640 1226 2707 diversitatem,
1275 2656 1448 2696 unum
1479 2656 1623 2707 esse,
1661 2641 1909 2697 ridenda:
1939 2649 2069 2696 sunt

477 2728 703 2799 ineptiae
727 2745 743 2795 ;
776 2727 821 2783 si
850 2728 1075 2798 quidem
1103 2744 1170 2783 ex
1198 2728 1496 2796 similibus,
1527 2728 1670 2783 duos
1702 2743 1862 2795 esse;
1892 2745 1958 2783 ex
1983 2728 2070 2782 di-

475 2817 654 2873 versis
677 2826 863 2872 autem
899 2815 1273 2887 genitoribus,
1305 2832 1475 2869 unum
1508 2831 1629 2871 esse
1664 2814 2069 2883 ﬁlium,omnes

471 2912 693 2984 genitos
724 2909 1089 2982 praatendant,
1133 2925 1264 2981 ergo
1311 2908 1493 2981 Ophni
1539 2919 1596 2965 et
1645 2910 1886 2968 Pbinecs
1908 2917 2069 2965 erant

476 3006 588 3061 duo
636 3005 758 3070 ﬁlii,
812 3010 1005 3073 utpote
1060 3018 1128 3058 ex
1173 3004 1368 3058 eodem
1426 3002 1547 3059 Heli
1602 3003 1755 3071 nati;
1802 3002 2068 3059 Jonathas

476 3108 664 3154 autem
701 3106 757 3152 ct
808 3096 1003 3161 David,
1048 3104 1238 3166 utpote
1290 3113 1435 3152 unus
1461 3113 1531 3152 ex
1575 3096 1706 3153 Saul
1735 3105 1793 3151 et
1818 3096 1960 3151 alter
2000 3111 2067 3149 ex

2170 1934 2325 1988 ἔστιν
2350 1934 2757 1989 ὑποϐάλλεσθαι
2800 1932 2929 2004 μίαν
2960 1932 3289 1985 ὑπόστασιν.

2237 2021 2344 2075 Δύο
2369 2021 2427 2075 δὲ
2458 2022 2788 2083 ὑποστάσεις
2808 2017 3050 2091 Χριστοῦ
3073 2018 3170 2072 καὶ
3199 2015 3297 2070 τοῦ
3325 2015 3527 2084 Λόγου,
3553 2014 3772 2070 καὶδύο

2165 2116 2440 2187 πρόσωπα
2458 2115 2641 2169 τέλεια
2671 2114 2971 2187 διαρρήδην
2992 2111 3154 2183 βοᾶτε
3182 2126 3200 2144 ο
3229 2111 3349 2175 πῶς
3380 2107 3479 2164 οὖν
3510 2110 3643 2173 Υίὸς
3670 2109 3767 2161 διὰ

2166 2206 2269 2278 τὴν
2299 2205 2561 2276 διάφορον
2583 2205 2840 2276 γέννησιν
2867 2204 3021 2257 ἔσται
3054 2200 3291 2273 Χριστὸς
3312 2201 3410 2255 καὶ
3434 2203 3463 2255 ό
3496 2201 3691 2268 Λόγος,
3716 2197 3769 2251 ὦ

2167 2297 2555 2369 τερατολόγοις
2602 2295 2778 2359 οὕτως
2824 2294 2882 2348 δὲ
2940 2293 3010 2349 ἂν
3055 2295 3154 2349 καὶ
3187 2293 3274 2363 εἴη
3328 2293 3363 2362 ή
3400 2292 3498 2363 μὲν
3525 2288 3771 2361 διαφορά

2169 2388 2419 2453 ὲνώσεως
2468 2387 2621 2442 αἰτία
2653 2386 2777 2441 καθ’
2810 2385 2956 2457 ὑμᾶς
2980 2400 2995 2417 ο
3037 2386 3072 2455 ή
3126 2384 3185 2438 δὲ
3234 2384 3515 2453 ὁμοιότης,
3551 2380 3765 2449 διακρί-

2172 2496 2311 2542 σεως
2365 2480 2423 2533 ὲν
2474 2480 2589 2542 τοϊς
2636 2478 3010 2547 πράγμασινδ
3041 2475 3212 2545 -άπερ
3254 2474 3317 2538 ἐξ
3345 2473 3543 2536 αἰῶνος
3584 2470 3768 2524 οὐδενὶ

2169 2572 2279 2643 πρό
2309 2569 2467 2643 ὑμῶν
2500 2568 2868 2641 ἀπεκαλύφθη
2897 2583 2911 2597 ·
2945 2569 2995 2622 εί
3021 2568 3087 2639 δὴ
3122 2566 3338 2634 λέγοιεν
3378 2566 3470 2631 διὰ
3501 2564 3599 2635 τὴν
3648 2564 3767 2617 τῶν

2170 2664 2376 2734 γονέων
2406 2664 2676 2735 διαφοράν
2697 2702 2712 2730 ,
2744 2663 2842 2715 ἕνα
2877 2659 3021 2715 εἶναι
3046 2699 3065 2727 ,
3100 2661 3309 2730 γελοῖος
3349 2659 3518 2730 λῆρος
3555 2674 3576 2693 ⁹
3625 2659 3680 2714 σε
3705 2657 3773 2710 τὸ

2175 2757 2276 2827 μὲν
2310 2756 2371 2824 ἐξ
2399 2757 2631 2828 ὁμοίων,
2664 2756 2760 2811 δύο
2787 2751 2930 2811 εἷναι
2951 2772 2967 2788 ⁸
2987 2755 3051 2810 τὸ
3081 2754 3140 2809 δὲ
3169 2755 3233 2808 ἐκ
3258 2753 3536 2825 διαφόρων
3557 2752 3771 2822 γονέων

2166 2850 2268 2904 ἕνα
2301 2851 2417 2905 υἱὸν
2447 2847 2611 2918 εἶναι,
2643 2850 2857 2914 πάντας
2885 2849 3015 2914 τοὺς
3041 2848 3338 2920 τεχθέντας
3381 2847 3725 2919 παρίστησιν
3747 2863 3765 2878 ⁸

2170 2938 2282 3013 ἆρα
2314 2938 2410 2996 οὗν
2444 2943 2604 3011 Ὀφνὶ
2637 2942 2740 3014 μὲν
2767 2941 2864 2997 καὶ
2896 2942 3086 3006 Φινεὲς
3113 2941 3211 2995 δύο
3234 2941 3363 3005 υίοὶ,
3416 2942 3540 2994 imi.
3566 2942 3631 2994 ὲκ
3664 2940 3771 2994 τοῦ

2170 3037 2340 3091 αὐτοῦ
2406 3037 2593 3091 Ἠλεί’
2652 3036 2907 3092 Ἰωνάθαν
2955 3037 3011 3090 δὲ
3064 3038 3161 3092 καὶ
3195 3037 3361 3091 Δαὸὶδ
3390 3076 3407 3102 ,
3446 3037 3621 3089 suam
3664 3037 3773 3107 μὲν

2172 3130 2346 3184 Σαοὺλ
2380 3130 2408 3183 ὁ
2432 3130 2489 3185 δὲ
2526 3132 2586 3198 ἐξ
2632 3129 2837 3184 Ἰεσσαὶ
2860 3171 2876 3197 ,
2909 3130 2974 3184 οὐ
3022 3130 3116 3184 δύο
3139 3130 3270 3195 υἱοὶ,
3322 3124 3403 3194 εἷς
3460 3131 3520 3184 δὲ
3560 3130 3770 3201 μόνως

475 3192 653 3255 Jesse,
684 3207 799 3245 non
823 3191 935 3245 duo
958 3189 1081 3256 ﬁlii,
1118 3189 1218 3245 sed
1247 3205 1391 3244 unus
1426 3197 1663 3244 tantum.
1702 3189 1875 3243 Porro
1901 3189 1947 3243 si
1979 3202 2068 3242 res

2171 3222 2285 3276 ἀλλ’
2318 3224 2366 3276 εί
2396 3223 2515 3277 τόδε
2547 3189 2745 3289 οὕτως,
2767 3189 2891 3279 οὐδὲ
2921 3225 2972 3278 οί
3000 3226 3066 3278 ὲκ
3089 3225 3230 3279 Κάῖν
3256 3189 3351 3278 ita!
3378 3189 3489 3279 ἀπό
3511 3189 3620 3294 Σξιθ
3651 3189 3772 3276 τῶι

476 3280 554 3335 ita
586 3280 678 3344 sit,
711 3295 781 3334 ex
820 3278 957 3333 Cain
1000 3288 1057 3335 et
1100 3296 1169 3334 ex
1203 3278 1336 3335 Seth
1375 3279 1616 3334 diversis
1661 3279 1771 3334 orti
1820 3294 1932 3333 non
1956 3278 2067 3334 duo

479 3370 603 3436 ﬁlii,
626 3369 721 3425 sed
762 3386 906 3425 unus
943 3369 1089 3425 ﬁlius
1118 3381 1283 3425 erunt
1307 3387 1502 3427 omnes
1535 3370 1811 3425 homines.
1846 3369 1905 3425 Si
1936 3385 2068 3425 vere

476 3462 714 3531 simplex
781 3462 987 3531 speciei
1057 3462 1369 3533 genitorum
1423 3463 1717 3533 disparitas
1766 3463 1933 3534 hujus
1984 3463 2067 3519 rei

478 3567 647 3605 causa
680 3549 791 3615 sit,
832 3550 961 3620 equi
1004 3559 1061 3606 et
1093 3551 1274 3621 pisces
1302 3562 1466 3607 erunt
1499 3567 1691 3608 omnes
1720 3568 1866 3607 unus
1898 3553 2064 3609 ﬁlius.

478 3642 614 3709 Quis
637 3643 755 3698 haec
785 3643 1026 3699 absurda
1066 3644 1243 3700 feret?
1284 3644 1401 3699 Hoc
1428 3645 1574 3699 enim
1611 3644 1692 3700 sic
1723 3646 1885 3716 plane
1914 3661 2071 3701 resu-

477 3735 669 3801 mitur,
722 3744 802 3803 ut,
851 3735 897 3790 si
940 3734 1218 3806 genitores
1264 3735 1473 3791 diversi
1499 3746 1669 3803 sunt,
1717 3736 1905 3806 plures
1959 3736 2070 3791 sint

476 3824 625 3879 ﬁlius
652 3840 818 3890 unus,
857 3832 935 3889 et,
962 3825 1006 3879 si
1034 3840 1143 3879 non
1175 3824 1379 3880 diversi
1410 3835 1559 3891 sunt,
1593 3826 1780 3897 plures
1803 3825 1923 3883 ﬁlii.
1950 3826 2071 3882 Erit

478 3916 647 3986 igitur
676 3916 969 3971 diversitas
1014 3916 1236 3971 unionis
1267 3925 1325 3971 et
1359 3917 1591 3973 unitatis
1629 3933 1833 3985 causa;
1863 3919 2067 3973 simili-

478 4007 613 4063 tudo
644 4002 852 4075 autem,
884 4008 1239 4064 discretionis
1263 4017 1321 4064 et
1346 4009 1721 4066 multitudinis
1753 4026 1767 4064 :
1795 4025 1918 4081 qua:
1939 4018 2072 4064 sunt

482 4104 818 4161 interversa.

1136 4194 1287 4251 CAP.
1325 4191 1420 4248 XI.

547 4285 691 4341 Ecce
708 4294 910 4353 tamen,
932 4286 1211 4357 inquiunt,
1234 4286 1302 4342 de
1314 4285 1663 4342 duabusistis
1680 4284 1885 4349 causis,
1904 4284 2068 4349 Baiae,

475 4379 689 4433 ancillae
717 4379 944 4445 Rachel,
971 4380 1251 4439 naturales
1280 4379 1402 4446 ﬁlii,
1431 4385 1561 4434 sunt
1581 4388 1637 4433 et
1657 4378 1951 4449 adoptione
1971 4377 2069 4432 ﬁlii

476 4470 705 4537 Rachel,
723 4480 903 4525 etnon
936 4471 1376 4542 multiplicantur
1390 4485 1646 4535 numero,
1670 4470 1814 4526 sicut
1828 4470 1898 4525 ab
1909 4485 1973 4526 ea
1989 4469 2073 4524 di-

2167 3315 2445 3385 διαφόρων
2479 3316 2574 3371 δύο
2603 3316 2734 3381 νίοὶ,
2785 3316 2902 3370 ἀλλ’
2934 3312 3018 3380 εἷς
3050 3316 3169 3380 υίὸς
3222 3317 3433 3379 πάντες
3460 3317 3510 3368 οί
3555 3314 3775 3384 ἂνθρω-

2171 3424 2263 3460 ποι
2288 3423 2302 3439 ο
2322 3409 2371 3461 εί
2416 3407 2475 3461 δὲ
2522 3407 2711 3473 ἁπλῶς
2735 3410 2769 3480 ή
2802 3407 3037 3479 διαφορά
3069 3406 3164 3460 τοῦ
3199 3407 3372 3471 εἴδους
3417 3405 3527 3461 τῶν
3557 3406 3775 3475 γονέων

2171 3499 2322 3553 αίτία
2347 3498 2528 3566 τοῦδε,
2564 3500 2663 3555 καὶ
2694 3502 2856 3555 ἵπποι
2890 3501 2985 3555 καὶ
3022 3500 3204 3571 ίχθὺες
3232 3498 3459 3563 πάντες,
3509 3493 3592 3561 εἷς
3619 3500 3765 3562 υἱός.

2171 3591 2284 3645 Καὶ
2309 3592 2395 3656 τίς
2418 3593 2673 3661 ἀνέξεται
2698 3593 2809 3646 τῶν
2831 3594 3237 3663 ἀτοπημάτων;
3263 3591 3452 3655 άπλῶς
3474 3590 3585 3661 γὰρ
3609 3589 3779 3643 τοῦτο

2173 3685 2489 3754 συνάγεται,
2541 3685 2623 3739 ὅτι
2651 3687 2703 3738 εί
2742 3685 2841 3757 μὲν
2868 3685 3117 3757 διάφοροι
3177 3680 3288 3738 εἷεν
3322 3685 3372 3737 οἱ
3420 3684 3623 3752 γονεῖς,
3686 3678 3776 3745 εἷς

2173 3774 2288 3838 υίὸς
2338 3776 2387 3829 οί
2438 3775 2661 3840 πλείους
2694 3792 2710 3808 ⁸
2738 3776 2788 3830 εί
2836 3776 2894 3831 δὲ
2935 3774 3221 3847 ἀδιάφοροι
3265 3777 3373 3828 είσι
3408 3814 3423 3837 ,
3473 3774 3726 3838 πλείονες
3752 3787 3771 3804 ⁵

2172 3866 2326 3919 ἔσται
2349 3862 2444 3921 οῦν
2469 3867 2503 3936 ή
2532 3866 2789 3938 διαφορὰ,
2826 3866 3074 3931 ὲνώσεως
3110 3867 3205 3920 καὶ
3232 3866 3463 3938 μονάδος
3493 3865 3647 3918 αίτία
3683 3880 3702 3896 ο
3736 3867 3773 3935 ἡ

2170 3957 2226 4010 δὲ
2262 3959 2544 4030 ὁμοιότης,
2575 3958 2902 4030 διακρίσεως
2931 3959 3027 4015 καὶ
3063 3958 3331 4031 πλήθους,
3367 3957 3404 4013 ά
3432 3958 3583 4012 ἐστιν
3610 3957 3775 4013 ἀντιη

2171 4051 2440 4108 κατάλλα.

2759 4213 3013 4267 ΚΕΦΑΛ.
3068 4214 3176 4268 IA'.

2244 4305 2387 4359 Ἀλλ’
2424 4306 2556 4373 ἰδοὺ,
2586 4305 2774 4378 φησιν,
2793 4308 2887 4361 ἐπὶ
2911 4309 3033 4371 ταῖς
3058 4306 3155 4364 δύο
3170 4306 3376 4374 αίτίαις
3396 4309 3447 4362 οἱ
3464 4305 3626 4376 φύσει
3655 4306 3771 4359 υἱοὶ

2172 4395 2384 4461 Βάλλας
2404 4397 2505 4468 τῆς
2537 4397 2853 4469 παιδίσκης,
2868 4399 3073 4472 Ῥαχὴλ
3088 4401 3186 4456 καὶ
3199 4403 3305 4455 υἱοὶ
3330 4400 3530 4471 Ῥαχήλ
3545 4401 3652 4452 είσι
3676 4398 3772 4451 θέο

2175 4503 2281 4551 σει,
2305 4486 2403 4541 καὶ
2429 4488 2529 4541 οὐκ
2548 4487 2880 4542 ἐπλεόνασαν
2916 4490 3137 4562 ἀριθμῷ
3158 4529 3174 4555 ,
3200 4488 3385 4554 καθὼς
3417 4491 3634 4561 εἴρηται
3671 4488 3772 4541 ὑπ’

476 4570 627 4616 ctum
651 4571 736 4616 est
756 4562 959 4618 Jacob:
989 4581 1007 4614 ι
1031 4563 1322 4635 Ingredere
1339 4562 1407 4617 ad
1425 4563 1679 4618 ancillam
1701 4578 1877 4620 meam
1903 4572 1960 4619 et
1980 4578 2068 4634 pa-

2179 4577 2350 4649 αὐτῆς
2368 4575 2446 4648 τῷ
2461 4576 2659 4632 Ἰακώϐ
2680 4593 2695 4609 ·
2733 4597 2752 4631 σ
2781 4578 3003 4633 Εἷσελθε
3018 4579 3158 4651 πρὸς
3181 4579 3284 4652 τὴν
3302 4579 3598 4650 παιδίσκην
3632 4596 3765 4649 μου,

475 4657 582 4711 riet
602 4671 768 4725 super
801 4670 980 4726 genua
1009 4670 1152 4721 mea,
1180 4663 1238 4709 et
1267 4669 1369 4727 ego
1396 4654 1691 4727 suscipiam
1724 4671 1792 4711 ex
1814 4671 1879 4712 ea
1899 4655 2066 4711 sobo-

473 4751 584 4806 lem
616 4749 687 4804 ⁵⁷.
712 4770 730 4803 ι
767 4750 836 4804 Et
867 4766 1095 4805 rursus:
1138 4769 1158 4803 ι
1185 4750 1461 4807 Judicavit
1482 4752 1618 4808 mihi
1648 4753 1794 4809 Deus
1813 4762 1871 4808 et
1891 4766 2064 4807 exau-

476 4843 619 4899 divit
662 4858 856 4899 vocem
922 4860 1122 4912 meum,
1176 4854 1234 4901 ct
1283 4846 1437 4902 dedit
1497 4848 1635 4903 mihi
1680 4847 1877 4904 ﬁlium.
1932 4848 2066 4903 Pro-

472 4942 666 5005 pterea
704 4933 1002 5005 appellavit
1033 4951 1235 4991 nomen
1260 4938 1379 5005 ejus
1408 4939 1525 4994 Dan
1559 4940 1624 4995 ⁵⁸.
1661 4959 1682 4995 ι
1712 4938 1828 4995 Sed
1862 4947 1917 4994 et
1944 4937 2063 5007 ipsa

473 5026 695 5097 peperit
727 5035 926 5083 natura
966 5027 1171 5100 Joseph
1203 5037 1260 5085 et
1291 5031 1607 5104 Benjamin;
1654 5044 1711 5090 et
1757 5047 1869 5087 non
1912 5030 2060 5096 ideo,

472 5135 541 5174 ex
573 5119 866 5176 duodecim
897 5121 1249 5191 patriarchis,
1274 5134 1511 5195 quatuor
1538 5134 1668 5181 sunt
1691 5125 1789 5179 ﬁlii
1816 5124 2022 5180 Rachel
2046 5140 2060 5178 :

2172 4670 2267 4722 καὶ
2290 4669 2503 4734 τέξεται
2527 4668 2746 4723 ἐπὶτῶν
2777 4670 3020 4738 γονάτων
3047 4688 3150 4742 μου
3170 4672 3268 4727 καὶ
3295 4674 3769 4742 τεκνοποιήσομαι

2172 4758 2330 4828 κάγὼ
2352 4758 2410 4824 ἐξ
2425 4758 2616 4829 αὐτῆς.
2648 4778 2667 4811 ι
2705 4761 2814 4814 Καὶ
2835 4760 3019 4829 πάλιν,
3039 4761 3123 4815 ὅτι
3139 4778 3159 4812 ο
3204 4763 3426 4832 Ἐκρινέ
3442 4779 3532 4831 μοι
3555 4762 3585 4812 ὁ
3607 4761 3769 4824 Θεὸς,

2171 4850 2267 4902 καὶ
2289 4849 2564 4919 ἐπήκουσε
2588 4852 2687 4921 τῆς
2704 4849 2889 4920 φωνῆς
2910 4868 3035 4921 μου,
3055 4851 3149 4905 καὶ
3170 4850 3340 4905 ἔδωκέ
3367 4870 3458 4922 μοι
3484 4852 3600 4904 υἱόν
3624 4867 3640 4881 ·
3667 4851 3760 4904 διὰ

2170 4939 2330 4994 τοῦτο
2363 4940 2590 4995 ἐκάλεσε
2616 4941 2676 4995 τὸ
2718 4941 2890 5013 όνομα
2918 4942 3085 4996 αὑτοῦ
3114 4943 3245 4998 Δάν.
3282 4961 3305 4996 ι
3337 4944 3543 4997 Τέτοκε
3572 4943 3632 4997 δὲ
3666 4944 3770 4997 καὶ

2170 5028 2309 5100 αῦτη
2335 5028 2497 5099 φύσει
2516 5030 2611 5084 τὸν
2646 5030 2845 5102 Ἰωσὴφ
2868 5032 2964 5086 καὶ
2986 5032 3249 5104 Βενιαμίν
3271 5046 3288 5064 ο
3314 5034 3408 5088 καὶ
3439 5035 3500 5088 οὐ
3530 5035 3619 5088 διὰ
3642 5035 3768 5089 τόδε

2160 5124 2428 5193 τέσσαρες
2452 5123 2561 5177 υίοὶ
2597 5124 2701 5196 τῆς
2742 5125 2982 5197 Ῥαχὴλ,
3018 5128 3083 5180 ὲκ
3126 5126 3236 5180 τῶν
3280 5127 3345 5197 ιβ’
3398 5130 3769 5200 πατριαρχῶν

471 5226 583 5266 non
628 5213 779 5268 enim
828 5224 1195 5269 numerantur
1237 5217 1548 5287 adoptionis
1595 5218 1716 5273 ﬁlii.
1767 5218 2066 5274 Possemus

2171 5218 2301 5270 εἰσιν
2324 5232 2338 5245 ·
2375 5217 2437 5271 οὐ
2467 5217 2578 5289 γὰρ
2609 5218 2979 5292 ἀριθμοῦνται
3002 5220 3099 5273 καὶ
3118 5220 3167 5272 οἱ
3197 5219 3344 5274 θέσει
3395 5222 3518 5276 υἱοί.
3568 5221 3768 5275 Καίτοι

472 5309 657 5357 tamen
691 5303 919 5360 dicere:
957 5304 1013 5361 Si
1050 5321 1160 5360 non
1209 5309 1435 5363 omnino
1486 5318 1871 5374 numerantur,
1922 5323 2065 5379 quo-

472 5394 660 5460 modo,
701 5394 815 5451 Dan
842 5406 897 5450 et
924 5396 1215 5466 Nephthali
1246 5415 1357 5455 non
1382 5403 1733 5473 computatis,
1767 5402 2062 5458 duodecim

473 5483 805 5553 patriarcha:
855 5486 1177 5559 sunt?VSed
1226 5504 1321 5544 eos
1369 5505 1494 5546 cum
1545 5502 1754 5548 natura:
1785 5493 1916 5548 ﬁliis
1948 5507 2062 5547 non

472 5574 756 5629 numerari
792 5577 1145 5633 manifestum
1179 5592 1282 5636 est.
1306 5583 1478 5639 Porro
1510 5585 1555 5641 si
1590 5603 1703 5642 non
1733 5594 1795 5641 ut
1829 5585 1927 5641 ﬁlii
1956 5585 2065 5640 Ra-

474 5663 620 5730 chel,
655 5676 713 5721 at
740 5676 891 5723 certe
936 5670 1082 5727 sicut
1119 5673 1215 5729 ﬁlii
1244 5675 1406 5743 Balac,
1435 5695 1557 5750 quae
1586 5680 1693 5735 alia
1723 5688 1829 5749 est,
1863 5694 2061 5734 nume-

549 5774 595 5815 ⁸⁷
625 5775 766 5835 Gen.
799 5795 923 5847 xxx,
953 5782 1008 5839 5.
1082 5785 1128 5816 ⁸⁸
1156 5785 1292 5841 ibid.
1335 5788 1383 5844 6.

2171 5309 2426 5381 εῐποιμεν
2456 5311 2505 5364 εί
2532 5311 2655 5365 οὐδὲ
2701 5310 2841 5374 ὃλως
2886 5311 3292 5383 ἀριθμοῦνται,
3331 5312 3453 5377 πῶς
3487 5309 3582 5366 οὖν
3618 5314 3688 5384 ιβ’
3716 5317 3768 5367 οἱ

2173 5401 2516 5472 πατριάρχαι
2545 5403 2673 5470 εἰσὶ,
2706 5401 2816 5457 Δάν
2842 5404 2939 5477 καὶ
2986 5403 3313 5475 Νεφθαλείμ
3339 5405 3417 5476 μὴ
3453 5406 3769 5475 συλλογιζοο

2176 5495 2385 5564 μένων;
2416 5494 2533 5549 ἀλλ’
2580 5497 2664 5550 ὅτι
2692 5497 2794 5549 οὐκ
2824 5497 3190 5569 ἀριθμοῦνται
3228 5499 3327 5551 σὺν
3359 5501 3472 5562 τοῖς
3502 5499 3668 5567 φύσει
3718 5502 3773 5554 οἱ

2173 5585 2343 5650 θέσει,
2366 5584 2527 5656 δῆλόν
2551 5586 2701 5639 ἐστιν
2743 5602 2759 5618 ·
2813 5587 2862 5638 εἰ
2891 5586 3001 5658 γάρ
3026 5589 3121 5641 καὶ
3159 5588 3234 5659 μὴ
3262 5587 3337 5651 ὡς
3366 5588 3465 5659 τῆς
3519 5589 3724 5661 Ῥαχὴλ
3753 5632 3769 5655 ,

2171 5676 2309 5731 ἀλλά
2338 5693 2403 5745 γε
2428 5676 2505 5741 ὡς
2531 5677 2631 5749 τῆς
2658 5676 2868 5743 Βάλλας
2896 5679 3008 5733 ἰδοὺ
3034 5679 3400 5755 ἀριθμοῦνται
3433 5681 3634 5753 ἑτέρας
3662 5680 3770 5736 ob-
