4116 6464
440 388 576 452 1645

1388 381 1785 444 ADVERSUS
1823 380 2374 445 NESTORIANOS.
2408 408 2473 420 -
2506 386 2653 446 LIB.
2694 386 2808 446 ΙΙΙ.

3558 389 3696 454 Πῖέϐ

437 517 538 569 σης
558 516 569 528 ·
600 497 695 553 καὶ
722 495 819 551 δύο
841 494 944 567 μὲν
980 493 1209 567 Ῥαχὴλ,
1241 493 1336 549 δύο
1360 495 1423 549 δὲ
1449 496 1631 568 ἕτεροι
1672 495 1773 566 τῆς
1803 494 2010 558 Βάλλας

2116 506 2340 563 rantur;
2376 508 2433 553 et
2470 500 2696 569 quidem
2739 500 2853 554 duo
2900 499 2996 554 ﬁlii
3047 501 3271 568 Rachel,
3312 504 3424 559 (luo
3448 521 3579 562 vero
3602 510 3695 564 alii

434 587 578 646 εἶναι
628 590 880 659 λέγονται
922 590 981 642 ὲν
1027 592 1141 652 τοῖς
1194 588 1261 657 ιβ’
1286 603 1300 617 ·
1343 589 1409 642 ὲκ
1453 588 1729 660 διαφόρων
1759 604 1819 641 τε
1863 587 2014 650 ὄντες

436 684 691 756 μητέρων
723 682 832 735 υἱοὶ
861 680 956 735 καὶ
978 681 1038 745 ἐξ
1058 681 1355 752 ἀδιαφόρου
1388 679 1597 751 πατρός
1628 694 1643 710 ·
1675 679 1817 733 ὥστε
1845 680 1939 733 καὶ
1963 679 2015 733 οἱ

433 776 499 828 ὲκ
536 773 834 843 διαφόρων,
874 773 970 823 καὶ
998 772 1050 825 oi
1084 769 1144 835 ἐξ
1167 771 1480 841 ἀδιαφόρων
1507 770 1668 835 ὅλως,
1690 771 1740 823 εί
1769 769 2015 833 πλείονές

433 868 541 920 εἱσι
564 868 687 928 ταῖς
734 864 1103 917 ὑποστάσεσιν
1124 902 1139 929 ,
1180 863 1287 915 υἱοὶ
1324 861 1710 933 ἀριθμοῦνται.
1744 861 1922 915 Μόνον
1953 860 2013 914 δὲ

430 959 552 1011 τότε
582 957 684 1011 οὐκ
713 956 1074 1028 ἀριθμοῦνται
1124 954 1370 1019 πλείονες
1415 954 1546 1018 υἱοὶ,
1596 955 1685 1008 ὅτε
1723 954 1866 1008 κατὰ
1903 953 2015 1006 τῶν

430 1050 611 1103 αὐτῶν
633 1050 1009 1112 ὑποστάσεων,
1050 1048 1267 1111 πλείους
1316 1047 1583 1117 υίοτήτων
1626 1048 1820 1116 τρόποι
1870 1045 2010 1098 εἰσίο

430 1144 511 1197 διὸ
542 1144 649 1196 υἱοὶ
678 1141 887 1204 Βάλλας
909 1142 1029 1194 ἐπεὶ
1054 1140 1149 1193 καὶ
1178 1138 1384 1209 ταύτης
1414 1138 1577 1208 φύσει
1607 1138 1705 1193 καὶ
1751 1138 1851 1207 τῆς
1890 1138 2015 1191 Ῥα-

432 1236 536 1307 γὴλ
564 1236 714 1289 θέσει
743 1235 879 1287 εἰσὶν
902 1233 1009 1287 υἱοὶ
1030 1234 1081 1286 oi
1109 1234 1287 1296 αὐτοὶ,
1316 1233 1417 1302 οὐχ
1470 1232 1697 1294 ἕκαστος
1716 1230 1894 1283 αὐτῶν
1923 1228 2014 1282 διά

432 1329 531 1392 τὰς
564 1328 658 1381 δύο
687 1328 942 1398 υίότητας
965 1366 979 1389 ,
1012 1325 1107 1379 δύο
1146 1326 1253 1378 υἱοὶ
1298 1322 1782 1392 καταλογίζονταιο
1832 1321 1865 1393 ἦ
1901 1321 2011 1392 γάρ

433 1420 499 1475 ἂν
548 1418 721 1481 οῦτως
759 1418 1157 1486 δεκατέσσαρες
1205 1411 1348 1487 ἦσαν
1389 1416 1438 1468 οἱ
1478 1414 1861 1486 πατριάρχαι·
1893 1412 2007 1467 ἀλλ’

433 1506 516 1573 εἷς
552 1511 834 1580 ἑκάτερος,
870 1508 1149 1578 διαφόροις
1172 1508 1383 1577 υἱότησι
1409 1506 1510 1577 τὴν
1543 1507 1797 1577 διάφορον
1827 1504 2009 1576 σχέσιν

432 1602 756 1673 ποιούμενος
799 1601 936 1673 πρὸς
965 1602 1092 1664 τοὺς
1122 1601 1341 1665 τοκέας,
1365 1600 1427 1654 οὒ
1451 1600 1732 1672 διαφόροις
1753 1598 2012 1669 ἀριθμοῖς

432 1693 528 1745 καὶ
563 1692 895 1745 ὑποστάσεσι
932 1689 1293 1761 μετρούμενοι
1319 1705 1335 1721 ’
1369 1691 1505 1744 ὅπου
1541 1706 1605 1759 γε
1636 1689 1697 1742 τὸ
1717 1688 2010 1759 λεγόμενον

431 1784 525 1837 ὑπ’
550 1783 750 1849 αὐτῶν,
785 1784 832 1836 εί
860 1782 949 1835 διὰ
986 1782 1046 1835 τὸ
1077 1782 1224 1835 θέσει
1248 1779 1389 1835 εῖναι
1437 1783 1527 1836 τὸν
1564 1781 1852 1853 ἄνθρωπον
1880 1780 2010 1833 Υίδν

2118 588 2259 644 Baiae
2306 590 2572 645 dicuntur
2615 608 2740 647 esse
2784 593 2931 647 inter
2974 594 3298 661 duodecim,
3348 613 3415 652 ex
3461 597 3698 655 diversis

2118 681 2410 748 matribus,
2442 684 2537 738 sed
2566 700 2633 739 ex
2661 694 2814 754 patre
2844 698 2955 739 non
2987 684 3230 751 diverso,
3268 688 3381 743 nati
3410 705 3424 742 :
3452 689 3527 744 ita
3562 701 3622 746 ut
3643 701 3701 747 et

2114 786 2182 827 ex
2212 772 2448 828 diversis
2471 775 2607 839 nati,
2638 784 2694 830 et
2724 789 2791 829 ex
2816 790 2927 829 non
2956 774 3192 831 diversis
3234 778 3364 841 orti,
3398 779 3444 833 si
3482 781 3698 837 ratione

2116 864 2484 935 hypostaseon
2531 866 2717 935 plures
2758 867 2897 932 sint,
2947 866 3045 921 ﬁlii
3090 881 3479 924 numerantur.
3540 872 3699 925 Tunc

2114 956 2293 1010 solum
2326 972 2435 1011 non
2462 966 2826 1012 numerantur
2850 959 3040 1028 plures
3069 958 3166 1012 ﬁlii
3193 974 3319 1014 cum
3360 960 3464 1015 sub
3496 961 3698 1017 iisdem

2116 1047 2522 1118 hypostasibus,
2570 1049 2756 1118 plures
2801 1049 3085 1106 ﬁliationis
3133 1050 3281 1104 modi
3346 1060 3493 1106 sunt.
3560 1054 3699 1107 Pro-

2114 1146 2325 1206 pterea,
2352 1138 2447 1192 ﬁlii
2477 1139 2641 1203 Baiae,
2689 1154 2817 1194 eum
2845 1140 3014 1194 iidem
3055 1139 3167 1195 sint
3196 1141 3359 1211 hujus
3402 1151 3601 1196 natura
3638 1151 3698 1197 et

2116 1229 2320 1284 Rachel
2373 1229 2672 1300 adoptione
2717 1230 2851 1296 ﬁlii,
2901 1246 3013 1286 non
3061 1232 3413 1302 singulatim,
3479 1233 3696 1288 ratione

2114 1320 2349 1375 duarum
2380 1321 2732 1387 ﬁliationum,
2754 1323 2867 1377 duo
2890 1322 2985 1377 ﬁlii
3012 1334 3411 1378 numerantur:
3442 1326 3523 1379 sic
3543 1325 3693 1378 enim

2114 1417 2306 1464 essent
2333 1410 2752 1480 quatuordecim
2785 1412 3144 1482 patriarcha;
3165 1412 3257 1467 sed
3290 1413 3693 1483 unusquisque,

2114 1500 2349 1557 diversis
2391 1501 2752 1558 ﬁliatiouibus
2796 1503 3071 1558 diversam
3110 1504 3323 1558 habens
3369 1504 3696 1559 relationem

2072 1605 2241 1667 .cum
2292 1582 2674 1661 genitOribus,
2733 1608 2847 1647 non
2908 1592 3155 1648 numeris
3198 1602 3255 1648 et
3306 1594 3697 1666 hypostasibus

2114 1681 2397 1738 deﬁnitur.
2428 1684 2532 1741 Ubi
2566 1694 2718 1741 certe
2749 1685 2958 1742 dictum
2984 1693 3069 1741 est
3098 1687 3167 1741 ab
3186 1685 3291 1752 eis,
3324 1688 3495 1758 quod,
3526 1688 3569 1742 si
3600 1703 3698 1758 per

2114 1775 2469 1846 adoptionem
2507 1786 2594 1833 est
2619 1776 2786 1832 homo
2816 1778 2964 1833 ﬁlius
3000 1779 3115 1844 Dei,
3146 1779 3281 1833 illud
3313 1796 3425 1834 non
3460 1782 3607 1851 cogit
3640 1782 3696 1836 in

427 1874 587 1939 Θεοῦ,
623 1874 697 1946 μῂ
726 1872 1173 1943 συναριθμεῖσθαι
1194 1874 1272 1935 είς
1300 1872 1470 1926 δυάδα
1496 1873 1626 1926 Υίδν
1656 1851 1745 1926 τὸν
1770 1870 2007 1943 Χριστὸν

2111 1868 2259 1925 duali
2286 1886 2518 1926 numero
2548 1870 2723 1927 ﬁlium
2753 1873 3065 1943 computari
3093 1871 3374 1929 Christum
3402 1890 3526 1930 cum
3555 1875 3696 1930 Filio

430 1970 577 2020 ποιεῖ
602 1968 699 2020 σὺν
721 1965 798 2038 τῷ
830 1965 991 2036 φύσει
1027 1964 1142 2036 Υίῷ
1171 1965 1268 2019 τοῦ
1321 1965 1458 2019 Θεοῦ
1488 1966 1567 2035 τῷ
1592 1966 1775 2036 Λόγῳ,
1816 1964 1941 2018 ἐπεὶ
1979 1966 2009 2018 6

422 2057 662 2129 ἀριθμὸς
688 2057 785 2111 ἐπὶ
816 2057 927 2111 τῶν
950 2055 1109 2127 φύσει
1137 2057 1275 2123 ἐστὶ,
1318 2058 1477 2111 τοῦτο
1507 2057 1784 2112 δείκνυται
1808 2095 1823 2121 ,
1852 2057 1934 2111 δτι
1973 2055 2007 2127 ἢ

425 2149 501 2212 ὡς
520 2150 826 2221 ὑπερέχων,
850 2151 883 2221 ἢ
906 2151 981 2215 ὡς
1010 2150 1163 2205 οὐδὲν
1178 2150 1257 2204 ὢν
1279 2151 1437 2216 ὅλως,
1473 2151 1572 2221 οὐχ
1617 2151 1737 2221 ἥξει
1771 2152 1849 2213 είς
1884 2151 2009 2220 ἀρι-

428 2238 566 2310 θμὸν
596 2241 730 2294 υἱῶν
767 2244 795 2295 6
834 2242 981 2296 θέσει
1014 2258 1029 2274 ⁸
1066 2244 1115 2297 εί
1152 2244 1250 2315 μὲν
1274 2238 1368 2297 οῦν
1397 2244 1472 2307 ὡς
1498 2243 1782 2316 ὑπερέχων
1808 2242 2009 2313 μείζων

440 2330 692 2402 Ἰωάννης
718 2330 816 2385 τοῦ
859 2332 1130 2386 Δεσπότου
1166 2334 1223 2386 ὲν
1248 2336 1386 2398 υἱοῖς
1418 2336 1516 2406 τῆς
1541 2332 1858 2402 Δεσποίνης.
1914 2331 2008 2385 καὶ

426 2424 521 2477 τοῦ
554 2424 729 2493 Λόγου
763 2424 947 2489 ἁπλῶς
969 2427 998 2479 6
1028 2426 1312 2495 ἄνθρωπος
1353 2426 1505 2498 παρὰ
1537 2425 1659 2496 Θεῷ
1686 2426 1763 2496 τῷ
1792 2424 1964 2497 Πατρί
1989 2440 2004 2453 ο

428 2518 477 2568 εἰ
505 2516 561 2570 δὲ
590 2517 817 2589 χείρων,
860 2517 977 2582 πῶς
1025 2511 1106 2582 εἷς
1138 2518 1249 2582 υἱὸς
1289 2519 1318 2571 6
1362 2519 1563 2590 χείρων
1593 2519 1691 2572 σὺν
1720 2517 1799 2590 τῷ
1828 2517 2010 2589 κρείτ-

426 2625 583 2676 τονι;
615 2610 676 2663 οὐ
720 2609 831 2682 γάρ
879 2610 939 2664 ἓν
977 2608 1048 2664 τά
1082 2610 1318 2683 διάφορα
1345 2609 1585 2683 ἐροῦσιν.

498 2790 562 2844 El
595 2790 652 2845 δὲ
681 2790 885 2844 εῖποιεν
917 2790 998 2844 ὅτι
1027 2789 1104 2855 ὡς
1146 2790 1302 2845 οὐδὲν
1332 2790 1433 2859 ὣν,
1468 2791 1796 2863 ὲλήλεγκται
1826 2790 2017 2845 αὐτῶν

427 2887 463 2958 ἡ
488 2886 711 2956 δόκησις
744 2887 842 2957 τῆς
890 2887 1022 2958 περὶ
1070 2888 1310 2960 Χριστοῦ
1352 2889 1635 2961 υίότητος*
1673 2890 1758 2943 ῖνα
1795 2888 1853 2943 δὲ
1904 2889 2009 2943 κάν

426 2977 602 3049 τούτῳ
637 2977 899 3050 δειχθεῖεν
938 2980 1284 3051 ψευδόμενοι,
1317 2982 1426 3035 ἰδοὺ
1463 2984 1521 3035 ὲν
1563 2984 1631 3054 τῇ
1688 2982 2011 3053 γενεαλογίᾳ

425 3070 521 3125 τοῦ
556 3070 783 3142 Κυρίου,
821 3072 1020 3142 Ἰωσὴφ
1069 3071 1161 3125 τὸν
1196 3073 1484 3145 μνηστῆρα
1535 3074 1635 3142 τῆς
1682 3073 2007 3145 Δεσποίνης,

427 3163 544 3216 υἱὸν
575 3162 728 3232 λέγει
781 3162 874 3216 τοῦ
923 3162 1090 3229 Ἠλεὶ,
1133 3164 1309 3218 καίτοι
1347 3165 1406 3229 ἐξ
1463 3163 1658 3218 Ἰακὼδ
1689 3165 1851 3233 φύσει
1879 3164 2009 3219 ὄντα

427 3255 522 3309 τοῦ
568 3254 797 3324 ἀδελφοῦ
843 3255 1011 3310 αὐτοῦ
1052 3256 1416 3326 πρωτότοκον,
1450 3256 1587 3311 ἀλλὰ
1633 3256 1777 3310 κατὰ
1819 3257 2005 3326 νόμον,

427 3348 640 3402 ἐκείνου
673 3348 895 3419 σπέρμα
924 3346 1019 3402 τοῦ
1049 3350 1583 3419 προτελευτήσαντος
1605 3348 1834 3412 ἄπαιδος
1861 3347 2011 3401 ἀδελ-

427 3438 531 3508 φοῦ
567 3438 1067 3513 ἀναγορευόμενοψ
1111 3439 1194 3495 ἔτι
1236 3438 1293 3492 δὲ
1342 3439 1402 3492 τὸ
1450 3439 1778 3510 τρανότερον
1828 3437 2009 3492 αὐτῶν

427 3529 674 3601 γυμνοῦν
714 3531 816 3602 τὴν
862 3529 1058 3601 διπλῆν
1102 3529 1380 3597 ἀσέϐειαν,
1409 3529 1689 3601 εἴποιμεν
1719 3530 1795 3593 ὡς
1822 3531 1885 3584 Et
1915 3530 2009 3583 καὶ

430 3624 507 3696 μὴ
540 3624 955 3696 συναριθμεῖται
981 3626 1009 3678 6
1030 3624 1175 3679 θέσει
1201 3626 1331 3689 Υἱὸς
1350 3624 1448 3678 τοῦ
1464 3624 1599 3679 Θεοῦ
1625 3625 1863 3698 Χριστὸς
1885 3622 2009 3679 καθ’

428 3715 574 3786 ὑμᾶς
614 3714 692 3786 τῷ
727 3715 889 3784 φύσει
919 3716 1033 3789 Υίῷ
1075 3717 1169 3771 καὶ
1209 3718 1370 3787 Λόγῳ
1395 3717 1491 3770 τοῦ
1522 3715 1680 3783 Θεοῦ,
1712 3716 2009 3772 κάντεῦθεν

425 3807 520 3859 δύο
561 3808 711 3870 υἱοὺς
755 3807 1081 3878 πρεσϐεύειν
1128 3809 1227 3878 οὐχ
1253 3807 1581 3875 άλίσκεσθε;
1608 3806 1750 3860 Ἀλλ’
1774 3807 1899 3862 ὲπεί
1928 3824 2009 3862 τιο

428 3899 519 3962 νός
537 3898 771 3953 ἐστικαὶ
794 3900 954 3963 αὐτὸς
982 3900 1141 3969 φύσει
1164 3901 1315 3965 Υἱὸς,
1338 3902 1557 3963 πάντως
1580 3900 1677 3953 καὶ
1689 3900 1812 3954 καθ’
1840 3900 2007 3971 ὑμᾶς,

426 3989 597 4061 ἧγουν
640 3989 736 4043 τοῦ
786 3990 1076 4063 ἀνθρώπου
1097 4008 1111 4022 ’
1144 3993 1207 4046 οὐ
1257 3992 1368 4064 γὰρ
1402 3992 1511 4047 ἀπὸ
1540 3995 1888 4066 ταυτομάτου
1918 4011 2011 4064 γε-

2110 1963 2233 2029 Dei,
2276 1978 2376 2033 per
2423 1973 2677 2019 naturam
2727 1965 2909 2020 Verbo
2955 1966 3054 2037 (5),
3100 1966 3208 2022 hoc
3258 1967 3697 2036 demonstratur,

2110 2054 2344 2121 scilicet,
2382 2055 2556 2112 ﬁlium
2601 2072 2701 2128 per
2734 2057 3087 2128 adoptionem
3136 2059 3223 2114 vel
3269 2058 3400 2129 quia
3448 2068 3693 2130 praestat,

2110 2145 2197 2199 vel
2244 2146 2374 2216 quia
2415 2146 2555 2201 nihil
2600 2149 2827 2203 omnino
2870 2157 2976 2216 est,
3023 2149 3079 2204 in
3113 2166 3405 2206 numerum
3455 2151 3695 2206 ﬁliorum

2110 2251 2223 2291 non
2255 2252 2378 2293 esse
2416 2246 2755 2294 venturum:
2804 2255 2993 2310 porro,
3026 2242 3069 2296 si
3100 2250 3358 2312 tanquam
3402 2254 3695 2313 praestans,

2109 2342 2241 2399 ergo
2270 2328 2529 2397 Joannes,
2552 2330 2607 2385 in
2631 2332 2876 2387 Domina:
2902 2333 3048 2398 liliis,
3088 2334 3287 2388 melior
3326 2344 3407 2389 est
3433 2334 3692 2395 Domino,

2109 2422 2332 2493 etapud
2386 2424 2557 2480 Deum
2602 2425 2820 2480 Patrem
2871 2420 3039 2481 homo
3081 2426 3333 2481 absolute
3377 2427 3573 2481 melior
3611 2434 3698 2480 est

2112 2518 2335 2574 Verbo:
2387 2518 2538 2589 quod
2588 2518 2633 2574 si
2690 2528 2950 2587 tanquam
2994 2519 3171 2588 pejor,
3213 2518 3492 2588 quomodo
3544 2518 3699 2588 pejor

2112 2625 2260 2667 unus
2290 2610 2437 2667 ﬁlius
2470 2618 2556 2667 est
2578 2626 2707 2667 cum
2733 2610 3011 2665 meliore?
3052 2609 3171 2665 Non
3212 2610 3362 2665 enim
3404 2625 3576 2664 unum
3603 2608 3695 2663 di-

2110 2718 2270 2760 versa
2298 2713 2512 2775 rogant.

2185 2793 2292 2849 Sed
2320 2804 2377 2851 et
2414 2795 2461 2849 si
2497 2794 2717 2849 dicant:
2745 2795 2875 2866 quia
2901 2793 3038 2849 nihil
3072 2802 3177 2858 est,
3209 2792 3460 2864 arguitur
3500 2807 3695 2847 eorum

2113 2885 2302 2956 opinio
2326 2887 2394 2941 de
2419 2886 2622 2942 Christi
2660 2886 2953 2941 ﬁliatione.
2990 2886 3193 2940 Verum
3222 2893 3283 2939 ut
3312 2885 3369 2939 in
3397 2885 3501 2939 hoc
3523 2884 3693 2938 etiam

2113 2977 2408 3033 mendaces
2440 2978 2825 3042 ostendantur,
2862 2978 2917 3032 in
2958 2976 3175 3032 Domini
3207 2975 3547 3047 genealogia,
3598 2974 3694 3029 Jo-

2112 3069 2269 3138 scph,
2318 3069 2565 3124 Domina:
2607 3085 2864 3139 sponsus,
2916 3069 3124 3124 dicitur
3162 3068 3308 3123 ﬁlius
3348 3067 3487 3131 Heli,
3520 3081 3695 3135 quan-

2112 3175 2281 3230 quam
2309 3175 2377 3214 ex
2404 3159 2596 3226 Jacob,
2627 3160 2795 3230 hujus
2823 3159 3017 3225 fratre,
3045 3168 3240 3213 natura
3266 3156 3691 3228 primogenitus,

2110 3251 2208 3307 sed
2233 3252 2387 3323 juxta
2419 3253 2619 3324 legem,
2661 3253 2811 3308 illius
2834 3261 2996 3307 antea
3044 3252 3165 3307 sine
3206 3251 3399 3306 liberis
3446 3247 3693 3304 defuncti

2109 3345 2297 3401 fratris
2324 3362 2513 3401 semen
2549 3346 2881 3402 declaratus.
2912 3346 2993 3401 Ad
3032 3345 3280 3415 apertius
3310 3352 3495 3399 autem
3529 3342 3687 3398 dete-

2109 3437 2345 3509 gendam
2395 3453 2591 3492 eorum
2636 3438 2915 3508 duplicem
2950 3438 3311 3508 impietatem,
3358 3437 3610 3491 dicamus
3634 3445 3695 3489 et

2110 3530 2292 3585 istud:
2319 3530 2374 3585 Si
2396 3531 2550 3601 juxta
2582 3546 2680 3586 vos
2705 3530 2878 3585 Filius
2904 3529 3002 3585 Dei
3034 3546 3135 3600 per
3159 3529 3511 3600 adoptionem
3539 3527 3697 3583 Chri-

2110 3632 2231 3678 stus
2251 3638 2360 3678 non
2380 3638 2492 3677 uno
2516 3637 2751 3678 numero
2774 3623 3038 3694 jungatur
3057 3620 3197 3676 Filio
3224 3636 3323 3691 per
3349 3630 3605 3681 naturam
3634 3627 3693 3673 et

2110 3717 2293 3773 Verbo
2330 3717 2449 3781 Dei,
2478 3716 2679 3772 exinde
2712 3715 2854 3771 duos
2892 3714 3034 3771 ﬁlios
3059 3723 3311 3771 astruere
3340 3729 3527 3770 nonne
3554 3729 3693 3768 con-

2108 3809 2456 3865 vincemini?
2498 3812 2568 3864 At
2608 3825 2769 3873 vero,
2815 3824 2942 3864 cum
2976 3816 3031 3863 et
3061 3808 3177 3878 ipse
3211 3807 3373 3877 plane
3406 3805 3693 3877 cujusdam

2108 3900 2181 3955 sit
2213 3910 2409 3955 natura
2444 3899 2608 3965 ﬁlius,
2640 3908 2699 3955 et
2734 3901 2889 3970 juxta
2928 3915 3047 3965 vos,
3093 3898 3355 3961 hominis,
3391 3914 3501 3952 non
3543 3897 3695 3951 enim

2108 4002 2413 4064 spontanee
2440 4001 2739 4064 generatus
2766 4002 2873 4059 est,
2914 3992 3143 4047 evidens
3189 4000 3275 4046 est
3315 3991 3490 4056 illum,
3523 3990 3694 4044 etiam

428 4081 674 4152 γένηται,
703 4084 862 4155 δῆλον
890 4086 966 4150 ὡς
996 4087 1123 4152 Υἱός
1164 4089 1339 4156 ἐστιν,
1373 4090 1422 4143 εἰ
1470 4090 1564 4144 καὶ
1594 4089 1668 4161 μὴ
1700 4089 1861 4156 Θεοῦ,
1892 4089 2009 4143 ἀλλ’

2111 4085 2259 4156 juxta
2291 4100 2410 4151 vos,
2436 4083 2483 4139 si
2519 4099 2633 4139 non
2663 4084 2783 4151 Dei,
2818 4092 2875 4139 at
2905 4093 3057 4139 certe
3097 4082 3412 4140 necessario
3459 4083 3696 4152 alicujus

430 4173 581 4243 ὅμως
604 4174 821 4237 πάντως
854 4176 999 4240 τινὸς
1032 4179 1328 4248 προσώπου
1368 4179 1527 4250 φύσει
1559 4182 1647 4234 καὶ
1676 4180 1800 4234 καθ’
1827 4181 1971 4251 ὑμᾶς
1991 4197 2007 4214 ⁸

426 4265 618 4319 τοῦτον
645 4266 739 4320 οῦν
776 4271 869 4322 τὸν
913 4269 975 4323 οὐ
1014 4270 1167 4335 Θεὸν,
1197 4272 1319 4325 οὐδὲ
1360 4271 1497 4326 Θεοῦ
1548 4273 1709 4343 φύσει
1738 4272 1887 4339 Υίὸν,
1916 4274 2009 4327 άν-

429 4357 652 4429 θρώπου
681 4361 738 4415 δὲ
765 4361 927 4431 φύσει
957 4362 1088 4417 Υίὸν
1118 4365 1240 4419 καθ’
1266 4365 1433 4436 ὑμᾶς,
1466 4367 1560 4421 καὶ
1586 4368 1677 4422 τὸν
1698 4369 1860 4437 φύσει
1882 4368 2008 4423 Υίὸν

427 4448 525 4503 τοῦ
571 4451 707 4505 Θεοῦ
758 4453 956 4523 Λόγον,
1010 4454 1104 4509 δύο
1147 4456 1297 4521 υἱούς
1343 4474 1516 4526 (pater
1548 4458 1583 4529 ἢ
1609 4460 1730 4513 οὐδὲ
1758 4460 1865 4525 Σὴθ
1916 4461 2008 4515 τὸν

2108 4194 2379 4250 personae,
2412 4188 2608 4233 natura
2634 4178 2806 4233 ﬁlium
2830 4194 2974 4234 esse.
3017 4178 3174 4234 Hunc
3196 4177 3366 4248 igitur
3387 4192 3496 4231 non
3520 4177 3692 4231 Deum

2108 4289 2213 4330 nec
2261 4274 2358 4329 Dei
2403 4273 2715 4329 naturalem
2758 4273 2982 4339 Filium,
3032 4272 3129 4328 sed
3170 4273 3326 4344 juxta
3371 4288 3471 4327 vos
3519 4272 3694 4326 ﬁlium

2108 4362 2353 4417 hominis
2396 4362 2728 4429 naturalem,
2760 4370 2817 4417 et
2860 4362 3164 4417 naturalem
3198 4362 3396 4417 Filium
3428 4363 3524 4417 Dei
3556 4363 3696 4419 Ver-

2108 4453 2266 4519 bum,
2315 4455 2455 4508 duos
2508 4453 2650 4510 ﬁlios
2698 4453 2910 4519 dicitis,
2954 4454 3040 4508 vel
3086 4470 3267 4523 neque
3312 4454 3471 4519 Scth,
3523 4454 3696 4509 ﬁlium

430 4543 545 4597 υἱὸν
584 4543 777 4615 Ἀδὰμ,
810 4545 904 4600 καὶ
934 4546 1025 4601 τὸν
1057 4547 1228 4615 Λόγον
1257 4548 1351 4603 τοῦ
1380 4549 1537 4617 Θεοῦ,
1564 4552 1658 4605 δύο
1693 4554 1843 4619 υἱοὺς
1866 4554 2009 4624 ἐρεῖ-

2111 4546 2307 4611 Adam,
2351 4554 2407 4600 et
2452 4545 2692 4601 Verbum
2729 4545 2849 4611 Dei,
2901 4555 3092 4616 utpote
3140 4546 3305 4600 unius
3356 4554 3412 4600 et
3464 4545 3699 4601 alterius

428 4651 512 4699 τε,
544 4635 735 4708 ἑτέρου
776 4638 870 4691 καὶ
912 4639 1101 4709 ἐτέρου
1145 4640 1308 4707 ὄντας
1374 4643 1546 4709 υἱούς.
1602 4644 1665 4699 Εἰ
1705 4645 1763 4699 δὲ
1826 4646 2007 4713 τοῦτο,

432 4726 651 4789 πάντως
691 4725 851 4797 δῆλον
884 4729 960 4792 ὡς
990 4729 1084 4784 δύο
1125 4749 1224 4802 μεν
1272 4734 1421 4796 υἱοὺς
1461 4735 1597 4801 ῖστε,
1628 4735 1718 4788 τόν
1748 4753 1808 4789 τε
1835 4736 2009 4805 Λόγον

430 4816 527 4869 καὶ
544 4817 636 4870 τὸν
662 4818 896 4888 Χριστόν
918 4835 931 4848 ⁸
954 4819 1143 4893 ὥσπερ
1156 4817 1249 4875 οῦν
1276 4822 1476 4877 καὶδύο
1498 4824 1768 4893 πρόσωπα
1788 4826 1975 4895 λέγετε
1993 4843 2008 4858 ·

431 4906 547 4959 ἀλλ’
586 4907 710 4963 οὐδὲ
736 4909 892 4974 Θεὸν,
924 4911 1042 4964 οὐδὲ
1075 4911 1210 4965 Θεοῦ
1242 4913 1370 4967 Υίὸν
1406 4915 1499 4968 τὸν
1546 4917 1805 4983 Χριστὸν,
1849 4918 2013 4989 μόνον

428 5000 486 5053 δὲ
500 5000 656 5068 ψιλὸν
686 5001 800 5056 υιδν
832 5004 962 5058 ὄντα
989 5004 1113 5059 καθ’
1131 5006 1276 5076 ἡμᾶς
1307 5006 1433 5070 τοὺς
1454 5008 1776 5077 ἀνθρώπους
1797 5009 2013 5079 ἀνθρώ-

430 5110 537 5146 που
563 5109 577 5126 ·
608 5094 779 5149 ταῦτα
808 5096 865 5149 δὲ
894 5092 962 5168 ἦν
1000 5097 1138 5151 αὐτὰ
1172 5098 1208 5152 ἃ
1243 5099 1411 5153 πάλαι
1457 5100 1850 5172 ἐγκαλούμενοι
1879 5104 2012 5175 παρ’

428 5185 612 5255 ⁴ἡμῶν,
660 5186 828 5258 ἄλλην
860 5187 1095 5259 ἀλλαχοῦ
1136 5190 1527 5257 διεκδύνοντες,
1571 5191 1755 5247 λαθεῖν
1797 5196 2011 5265 ἐμηχα-

432 5278 631 5333 νᾶσθε⁶
665 5280 759 5333 καὶ
793 5279 902 5334 ἰδοῦ
934 5282 1140 5353 θατέρᾳ
1174 5282 1408 5354 θατέραν
1438 5284 1759 5349 κακοδοξίαν
1797 5286 2009 5339 ἑαυτῶν

431 5368 778 5441 διηλέγξατεο
814 5371 972 5425 τοῦτο
1003 5371 1264 5436 πολλάκις
1289 5375 1391 5427 κάν
1420 5376 1531 5437 τοῖς
1560 5375 1883 5443 δαιμονιῶσι
1907 5378 2010 5446 τῆς

432 5462 583 5528 θείας
630 5465 913 5536 δυνάμεως
972 5465 1294 5536 δεικνύσης,
1338 5468 1431 5519 καὶ
1480 5466 2007 5537 καταναγκαζούσης

432 5557 519 5610 διὰ
546 5557 653 5610 τῶν
682 5558 855 5626 ἁγίων
881 5556 1064 5627 λέγειν
1092 5558 1291 5622 αὐτοὺς
1326 5560 1454 5621 τοὺς
1483 5558 1744 5628 δαίμονας
1772 5558 2006 5622 ἄκοντας

432 5650 532 5712 τὰς
560 5649 768 5703 ἑαυτῶν
798 5650 1020 5719 ἐφόδους
1046 5650 1141 5703 καὶ
1178 5649 1466 5713 ἐπιϐουλάς
1496 5650 1593 5704 καὶ
1622 5650 1888 5722 πονηρίας
1912 5650 2010 5712 τὰς

505 5823 583 5889 (5)
613 5823 897 5893 Siquidem
938 5840 1210 5881 numerus
1245 5824 1299 5879 in
1326 5824 1479 5895 ﬁlios
1502 5841 1600 5895 per
1627 5834 1881 5881 naturam
1906 5823 2073 5879 cadit.

2110 4638 2280 4705 ﬁlios,
2315 4638 2454 4693 duos
2485 4637 2629 4692 ﬁlios
2660 4637 2976 4707 loquimini.
3010 4636 3116 4692 Sed
3152 4637 3197 4691 si
3231 4636 3305 4692 ita
3330 4645 3434 4701 est,
3468 4652 3698 4707 prorsus

2108 4738 2261 4801 patet
2293 4731 2441 4800 quod
2482 4745 2582 4785 vos
2623 4728 2765 4784 duos
2803 4730 2947 4784 ﬁlios
2986 4729 3309 4800 agnoscitis,
3357 4728 3601 4784 Verbum
3641 4737 3699 4783 et

2110 4821 2431 4887 Christum,
2483 4820 2953 4891 quemadmodum
3007 4820 3187 4889 reipsa
3239 4820 3380 4874 duas
3430 4834 3701 4889 personas

2111 4913 2320 4979 dicitis,
2354 4928 2549 4968 verum
2582 4928 2763 4983 neque
2787 4914 2959 4969 Deum
2991 4928 3173 4982 neque
3200 4912 3396 4967 Filium
3416 4912 3511 4965 Dei
3537 4910 3700 4965 Chri-

2116 5014 2284 5071 stum,
2316 5006 2411 5061 sed
2438 5021 2654 5060 merum
2682 5014 2739 5060 et
2761 5005 3091 5075 simplicem,
3121 5004 3263 5059 sicut
3293 5018 3395 5057 nos
3418 5002 3697 5067 homines,

2117 5095 2294 5151 ﬁlium
2332 5094 2598 5150 hominis.
2637 5092 2763 5148 llwc
2808 5103 2995 5148 autem
3045 5104 3209 5148 erant
3240 5093 3357 5163 ipsa
3379 5093 3448 5147 de
3496 5091 3702 5161 quibus

2115 5200 2147 5240 a
2198 5185 2361 5241 nobis
2414 5186 2717 5251 criminati,
2767 5187 2863 5240 alii
2912 5186 3018 5241 alio
3065 5185 3441 5255 diﬁugientes,
3471 5185 3697 5255 jamjam

2112 5277 2288 5332 latere
2315 5278 2803 5333 machinabamiui.
2833 5278 2901 5332 Et
2922 5293 3052 5333 ecce
3083 5292 3247 5331 unam
3274 5276 3379 5331 alia
3410 5292 3700 5347 perversas

2112 5372 2395 5429 doctrinas
2430 5382 2642 5429 vestras
2671 5372 3016 5443 prodidistis.
3050 5372 3163 5428 lloc
3192 5386 3335 5441 saepe
3376 5371 3569 5427 videre
3613 5381 3701 5425 est

2114 5464 2170 5519 in
2202 5465 2575 5529 dremoniacis,
2613 5465 2800 5520 divina
2835 5466 3081 5536 potentia
3124 5464 3391 5536 prodente
3440 5470 3699 5533 cogente.

2115 5573 2245 5629 quc,
2292 5558 2491 5613 mediis
2516 5557 2711 5621 sacris,
2746 5557 2896 5627 ipsos
2941 5556 3219 5611 daemones
3266 5571 3395 5610 suos
3437 5554 3607 5609 calles
3641 5563 3699 5607 et

2118 5649 2347 5705 consilia
2384 5656 2440 5705 et
2473 5647 2753 5719 nequitias
2783 5664 2913 5721 erga
2945 5661 3367 5719 energumenos,
3401 5646 3574 5703 invite
3609 5643 3700 5701 di-
