4116 6430
476 379 610 446 iiii?

1778 375 2091 436 LEONTII
2130 376 2535 441 ΒΥΖΛΝΤΙΝΙ

3609 377 3752 445 1648

469 508 619 559 cere,
649 498 709 545 ut
740 504 841 560 per
870 488 1199 558 semetipsos
1230 487 1484 559 proprias
1512 485 1775 557 perﬁdias
1798 496 2041 556 tanquan

2169 491 2307 543 κατὰ
2357 490 2469 544 τῶν
2510 490 2926 563 ἐνεργουμένων
2947 508 2963 524 ⁸
3000 492 3089 547 ἵνα
3124 492 3193 547 δι’
3224 492 3435 548 ἑαυτῶν
3475 492 3574 556 τὰς
3609 496 3752 559 ἰδίας

468 584 879 653 triumphantes
927 579 1236 649 producant
1283 590 1338 632 et
1374 593 1483 631 non
1532 576 1755 631 aliunde
1780 592 1880 646 per
1908 575 2050 629 invi-

470 677 620 731 diam
667 672 824 727 illudi
861 670 1174 725 videantur.
1208 669 1465 723 Attamen
1496 683 1600 722 nec
1633 666 2053 721 ratiocinatione

468 785 573 823 nec
622 766 1023 837 principiorum
1063 761 1429 832 expositione,
1480 758 1759 829 quomodo
1806 756 2054 811 diversas

465 874 731 930 personas
779 872 888 911 non
934 855 1077 909 duos
1128 853 1273 909 ﬁlios
1320 868 1442 907 esse
1492 852 1705 915 dicant,
1758 848 2053 904 ostendere

465 952 735 1013 valentes,
787 964 935 1004 nunc
968 946 1237 1017 exemplis
1279 945 1414 1001 illud
1458 943 1625 999 nobis
1668 942 2052 999 demonstrare

466 1041 661 1095 volunt
694 1047 751 1094 et
780 1038 973 1095 dicunt
996 1056 1010 1093 :

1101 1150 1254 1206 CAP.
1293 1148 1413 1205 ΧΠ.

538 1272 694 1341 Saepe
722 1283 813 1323 res
838 1273 1039 1321 natura
1069 1263 1317 1318 diversas
1357 1275 1468 1315 uno
1512 1259 1735 1316 nomine
1772 1256 2049 1330 designari

467 1378 686 1433 unaque
707 1359 900 1414 haberi
930 1354 1294 1412 aestimatione
1316 1352 1539 1423 dignas;
1567 1351 1664 1407 sed
1690 1351 1864 1406 nihilo
1891 1365 2052 1421 pror-

468 1471 567 1511 sus
626 1455 765 1509 duas
817 1447 1084 1520 reputari.
1145 1446 1359 1516 Corpus
1401 1444 1551 1499 enim
1594 1458 1716 1499 esse
1768 1442 2052 1498 credimus

465 1556 523 1603 et
554 1544 877 1606 Ecclesiam,
909 1550 965 1595 et
995 1553 1191 1608 panem
1219 1544 1492 1600 sanctum,
1521 1542 1579 1590 et
1604 1532 1966 1598 cruciﬁxum;
1994 1539 2052 1585 et

468 1648 621 1694 certe
677 1635 826 1690 aliud
870 1642 1034 1703 atque
1076 1630 1225 1685 aliud
1270 1627 1708 1698 unumquodque
1740 1640 1966 1691 eorum;
1994 1632 2050 1678 ct

466 1731 830 1788 nihilominus
876 1727 1003 1782 ideo
1041 1725 1148 1780 tria
1187 1722 1394 1780 Christi
1432 1736 1664 1793 corpora
1709 1720 1895 1775 dicere
1933 1733 2047 1773 non

2156 583 2539 655 θριαμϐεύωσι
2564 586 2920 656 μιαρότητας,
2955 586 3049 639 καὶ
3079 585 3154 657 μὴ
3186 587 3275 652 ὑφ’
3305 586 3512 658 ἑτέρων
3539 586 3755 652 δόξοιεν

2154 676 2223 729 δι’
2253 677 2559 749 ἀπέχθειαν
2611 677 3096 747 συκοφαντεῖσθαι.
3159 678 3301 731 Ἀλλ’
3333 678 3459 732 οὔτε
3499 678 3754 748 συλλογι-

2156 769 2381 835 στικῶς,
2438 769 2564 824 οὔτε
2626 771 3010 840 αίτιολογικῶς
3047 770 3316 825 δεικνύειν
3356 773 3506 835 ὅπως
3549 773 3610 825 οὐ
3654 771 3752 825 δύο

2152 861 2304 925 υἱούς
2364 880 2532 931 φασιν
2570 858 2707 917 εἶναι
2733 864 2800 918 τὰ
2827 863 3065 934 διάφορα
3097 863 3366 933 πρόσωπα
3404 863 3748 935 δυνηθέντες,

2152 952 2250 1007 νῦν
2296 954 2823 1027 παραδειγματικῶς
2864 956 2997 1027 ἡμῖν
3061 955 3221 1011 τοῦτο
3269 955 3553 1028 βούλονται
3605 968 3752 1029 παρ-

2156 1047 2415 1113 ιστάνειν,
2450 1048 2545 1103 καί
2580 1063 2767 1117 φασινο

2734 1162 2992 1218 ΚΕΦᾹΛ.
3035 1163 3138 1218 IB'.

2224 1275 2354 1331 Ὀτι
2399 1275 2664 1341 πολλάκις
2706 1278 2776 1330 τά
2813 1277 3049 1348 διάφορα
3097 1279 3164 1349 τῇ
3199 1276 3383 1347 φύσει,
3407 1277 3488 1331 ἐνὶ
3510 1278 3743 1348 ὀνόματι

2152 1369 2651 1442 προσαγορεύεται,
2700 1370 2798 1424 καὶ
2850 1372 2981 1441 μιᾶς
3027 1371 3195 1439 τιμῆς
3237 1370 3502 1439 ἠξίωται·
3546 1370 3641 1425 δύο
3678 1370 3742 1424 δὲ

2150 1466 2271 1520 οὐδὲ
2308 1466 2447 1529 ὅλως
2484 1468 2716 1518 νοεῖται’
2757 1464 2918 1534 σῶμα
2955 1466 3065 1535 γὰρ
3103 1466 3437 1536 πιστεύομεν
3470 1460 3743 1536 εἶναιτὴν

2149 1577 2206 1614 τε
2248 1559 2599 1628 Ἐκκλησίαν,
2630 1559 2727 1612 καὶ
2758 1559 2851 1612 τὸν
2876 1560 3031 1627 ἅγιον
3060 1559 3247 1630 ἀρτον,
3282 1560 3376 1612 ml
3398 1558 3460 1613 τὸ
3488 1575 3742 1629 σταυρω-

2149 1650 2245 1705 θέν
2264 1668 2278 1684 ο
2311 1651 2487 1705 καίτοι
2541 1650 2671 1705 ἄλλο
2699 1651 2792 1704 καὶ
2808 1649 2935 1704 ἄλλο
2956 1650 3188 1705 ἕκαστον
3207 1650 3414 1704 τούτων
3433 1668 3448 1682 σ
3467 1652 3563 1705 καὶ
3587 1651 3743 1716 ὅμως

2148 1742 2210 1797 οὐ
2242 1741 2333 1796 διὰ
2349 1741 2639 1812 τόδε,τρία
2676 1740 2907 1811 σώματα
2933 1740 3118 1809 λέγειν
3145 1740 3387 1810 Χριστοῦ
3416 1740 3741 1810 εἰσπραττό-

467 1822 873 1892 compellimur.
908 1817 1113 1873 Verum
1142 1814 1372 1870 evidens
1398 1819 1484 1867 est
1510 1812 1669 1882 quasi
1693 1809 1900 1865 Christi
1926 1823 2041 1862 cor-

2155 1835 2315 1905 μεθα.
2351 1832 2513 1887 Ἀλλά
2536 1809 2695 1902 δῆλόν
2721 1809 2859 1897 ἐστι,
2890 1832 3063 1896 ὂτιώς
3085 1809 3326 1903 Χριστοῦ
3355 1809 3605 1903 σώματα,
3634 1832 3741 1887 οὐκ

466 1930 602 1987 pora
649 1929 759 1967 non
804 1926 924 1966 esse
959 1909 1070 1963 duo
1117 1907 1205 1962 vel
1244 1905 1382 1960 tria:
1414 1919 1539 1959 nam
1578 1911 1872 1973 propterea
1898 1898 2046 1970 quod

468 2003 905 2075 unumquodque
934 2016 1129 2057 eorum
1162 1997 1418 2054 eumdem
1448 1996 1742 2067 participat
1764 1994 2043 2064 spiritum,

467 2098 601 2153 iilud
655 2096 879 2167 quidem
939 2091 1297 2155 cruciﬁxum,
1341 2097 1673 2160 ungentem,
1716 2086 1867 2141 hunc
1911 2100 2047 2140 vero

465 2206 698 2263 panem,
748 2196 1088 2251 sacrantem;
1124 2181 1428 2239 Ecclesiam
1475 2190 1684 2245 autem,
1736 2194 1835 2236 sua
1876 2186 2047 2233 totam

464 2280 969 2338 communicatione
1046 2276 1519 2339 sanetiﬁcantem,
1585 2272 1770 2328 omnia
1844 2284 2049 2340 corpus

464 2374 673 2430 Christi
718 2379 1036 2428 censentur.
1068 2369 1355 2437 Tanquam
1383 2365 1552 2436 igitur
1580 2363 1809 2429 Christi,
1841 2376 2043 2426 unum;

464 2466 510 2521 si
559 2475 745 2519 autem
796 2464 914 2517 haec
960 2461 1288 2530 simpliciter
1331 2467 1395 2512 ut
1436 2471 1673 2528 corpora
1714 2456 2047 2527 iudicamus,

466 2555 573 2610 tria
613 2562 765 2616 sunt,
809 2567 1029 2621 nempe,
1063 2565 1264 2619 corpus
1287 2547 1493 2604 Christi
1525 2546 1835 2617 proprium,
1866 2553 1922 2600 et
1947 2560 2046 2614 pa-

465 2648 575 2709 nis,
614 2654 671 2699 et
714 2643 983 2698 Ecclesia.
1032 2642 1091 2696 Si
1133 2656 1265 2711 ergo
1307 2639 1388 2695 sic
1420 2639 1660 2694 Verbum
1698 2645 1754 2693 et
1791 2636 2046 2692 Christus

466 2734 616 2790 aliud
671 2733 806 2803 quid
858 2747 1153 2786 commune
1204 2730 1568 2803 participant,
1624 2738 1682 2784 et
1726 2728 1891 2785 ambo
1940 2727 2045 2782 hoc

464 2826 665 2881 eodem
723 2821 1048 2878 ﬁliationem
1098 2823 1196 2878 Dei
1241 2823 1558 2889 obtineant,
1609 2820 1742 2891 quid
1787 2819 1859 2875 sit
1912 2820 2046 2875 illud

465 2918 676 2982 dicant,
713 2930 932 2971 necnon
969 2916 1102 2987 quid
1129 2923 1277 2971 esset
1304 2930 1401 2970 sua
1436 2914 1772 2985 proprietate
1811 2910 2045 2967 Verbum

465 3011 673 3080 absque
725 3023 813 3075 eo,
862 3023 961 3079 per
1000 3009 1148 3078 quod
1179 3007 1351 3063 Filius
1401 3007 1499 3062 Dei
1544 3005 1752 3061 factum
1795 3012 1901 3061 est.
1939 3003 2044 3060 Ubi

464 3117 596 3181 sane
636 3116 807 3154 unum
851 3110 907 3154 et
949 3099 1093 3154 idem
1115 3098 1352 3155 diversis
1389 3099 1601 3153 naturis
1629 3097 1820 3153 datum
1845 3095 2044 3150 Filium

2150 1924 2257 1979 εἰσὶ
2284 1924 2434 1996 δύοῆ
2466 1924 2616 1994 τρία·
2646 1922 2735 1977 διὰ
2754 1922 2860 1993 γὰρ
2892 1923 2956 1976 τὸ
2982 1921 3078 1976 τοῦ
3104 1921 3270 1976 αὑτοῦ
3293 1921 3604 1991 πνεύματος
3635 1938 3740 1993 με-

2148 2019 2371 2088 τασχεῖν
2410 2017 2619 2070 τούτων
2650 2018 2905 2080 ἕκαστον,
2933 2014 3026 2068 τοῦ
3058 2014 3348 2085 χρίσαντός
3393 2031 3454 2066 τε
3482 2013 3544 2067 τὸ
3566 2030 3737 2066 σταυ-

2149 2105 2323 2178 ρωθὲν
2352 2107 2547 2172 ἐκεῖνο,
2582 2107 2677 2159 ml
2703 2105 3027 2175 ἁγιάζοντος
3054 2102 3247 2158 τοῦτον
3286 2103 3378 2157 τὸν
3419 2102 3606 2175 ἄρτον,
3636 2104 3737 2156 καὶ

2148 2200 2250 2269 τὴν
2306 2198 2636 2270 Ἐκκλησίαν
2684 2197 2847 2253 πάλιν
2891 2196 2982 2250 διὰ
3022 2196 3121 2266 τῆς
3169 2194 3525 2265 μεταλήψεως
3563 2193 3734 2247 αὑτοῦ

2149 2292 2331 2345 πᾶσαν
2363 2288 2798 2359 ἀγιοποιοῦντος,
2845 2288 3007 2357 σῶμα
3046 2284 3284 2357 Χριστοῦ
3329 2284 3575 2339 νοοῦνται
3602 2284 3734 2338 πάν-

2146 2397 2214 2434 τα
2237 2397 2251 2410 ο
2278 2380 2353 2443 ὡς
2379 2380 2616 2450 Χριστοῦ
2640 2374 2757 2445 οῦν,
2786 2380 2844 2432 ἓν
2866 2397 2880 2410 ·
2923 2380 2973 2432 εἰ
3024 2379 3209 2449 μέντοι
3253 2376 3441 2441 ἁπλῶς
3487 2376 3615 2430 τάδε
3648 2375 3730 2438 ὡς

2149 2471 2380 2543 σώματα
2418 2472 2702 2543 κρίνομεν,
2735 2471 2865 2541 τρία
2908 2470 3047 2523 εἰσί’
3076 2471 3139 2523 τό
3170 2487 3231 2523 τε
3263 2467 3507 2541 Χριστοῦ
3534 2468 3728 2534 ίδικὺν,

2148 2565 2295 2619 καὶὸ
2327 2564 2513 2636 ἄρτος,
2562 2566 2656 2633 ml
2683 2567 2717 2635 ἡ
2762 2563 3090 2635 Ἐκκλησία·
3139 2564 3190 2617 εἰ
3235 2558 3334 2619 οὖν
3362 2562 3535 2626 οὕτως
3566 2562 3662 2617 καὶ
3702 2564 3739 2618 ὀ

2148 2658 2317 2728 Λόγος
2347 2659 2440 2713 ml
2467 2659 2496 2710 ὁ
2519 2658 2755 2729 Χριστὸς
2784 2656 3085 2727 μεταλήψει
3107 2655 3289 2710 κοινοῦ
3329 2672 3475 2719 τινος
3514 2656 3730 2727 ἐτέρου,

2149 2749 2320 2821 άμφω
2342 2748 2399 2802 δὲ
2425 2749 2520 2803 τοῦ
2562 2749 2730 2803 αὑτοῦ
2779 2747 3151 2802 υἱοποιοῦνται
3192 2746 3331 2818 Θεῷ,
3356 2747 3409 2800 τί
3437 2746 3595 2800 τοῦτό
3613 2747 3734 2799 ἐστι

2148 2843 2459 2912 λεγέτωσαν
2488 2859 2502 2874 ο
2531 2842 2628 2895 ml
2670 2842 2723 2895 τί
2757 2841 2907 2905 ὄντος
2939 2841 3109 2912 χωρὶς
3133 2840 3285 2893 τοῦδε
3313 2839 3434 2894 κατ’
3468 2839 3604 2893 ίδίαν
3635 2839 3733 2893 τοῦ

2149 2935 2348 3004 Λόγου,
2374 2934 2500 2998 Υίδς
2544 2935 2768 3003 γέγονεν
2789 2936 2818 2986 ὁ
2840 2934 3013 3001 Λόγος
3052 2932 3121 2985 δι’
3146 2930 3356 2986 ἐκείνου
3377 2948 3392 2963 ο
3428 2931 3563 2984 ὅπου
3589 2947 3653 2999 γε
3681 2931 3736 2985 εί

2148 3025 2210 3077 τὸ
2253 3025 2385 3080 αύτδ
2419 3025 2477 3078 ἓν
2521 3025 2672 3079 δοθὲν
2702 3025 2980 3096 διαφόροις
3024 3022 3273 3093 φύσεσιν,
3308 3021 3437 3075 Υίὸν
3465 3019 3601 3075 Θεοῦ
3633 3023 3737 3077 καὶ

2149 3116 2240 3170 τὸν
2270 3117 2443 3186 Λόγον
2472 3115 2695 3187 ἐποίησε
2731 3116 2823 3169 ml
2854 3115 2945 3169 τὸν
2975 3113 3232 3186 Χριστὸν,
3265 3113 3374 3184 ἄρα
3402 3111 3562 3181 φύσει
3602 3112 3741 3167 Tios

462 3193 563 3248 Dei
604 3191 799 3246 fecerit
825 3200 881 3246 ct
911 3190 1149 3247 Verbum
1191 3199 1247 3245 et
1281 3189 1589 3256 Christum,
1624 3188 1679 3244 id
1704 3203 1837 3261 ergo
1881 3186 2041 3241 faciet

2148 3208 2283 3263 Θεοῦ
2334 3208 2575 3280 ποιήσει,
2619 3186 2657 3279 ll
2709 3208 2878 3276 θέσει,
2917 3207 3014 3261 ml
3056 3208 3147 3262 τὸν
3189 3206 3363 3277 Λόγον
3400 3202 3543 3261 εἶναι
3586 3206 3741 3261 κατὰ

466 3284 663 3339 Filium
699 3282 798 3337 Dei
837 3292 1034 3336 natura
1074 3282 1159 3337 vel
1206 3281 1521 3351 adoptione,
1552 3288 1609 3336 et
1648 3280 1892 3336 Verbum
1925 3292 2046 3334 esse

465 3374 768 3429 secundum
803 3370 1085 3427 Christum
1120 3370 1435 3427 necessario
1463 3369 1741 3427 ostendet.

1087 3510 1241 3567 CAP.
1278 3505 1421 3561 Χιιι.

536 3632 821 3691 Attamen,
869 3623 1165 3694 inquiunt,
1213 3634 1327 3675 non
1369 3615 1482 3671 duo
1533 3610 1777 3667 dicimus
1826 3607 2041 3679 sigilla,

462 3719 823 3788 archetypum
873 3724 931 3769 et
975 3713 1182 3776 locum,
1217 3708 1315 3765 sed
1359 3719 1552 3770 unum,
1585 3703 1714 3757 licet
1742 3699 1892 3754 aliud
1937 3714 2042 3752 nu-

465 3822 617 3860 mero
645 3805 921 3859 videntes.
952 3801 1069 3867 Ast,
1102 3816 1134 3854 o
1160 3814 1257 3855 vos
1285 3797 1381 3869 qui
1408 3795 1489 3850 sie
1519 3790 1835 3864 loquimini,
1860 3804 2041 3860 neque

462 3899 602 3951 duos
636 3894 892 3951 homines
928 3903 1099 3947 totam
1126 3889 1547 3951 humanitatem,
1580 3899 1761 3953 neque
1786 3883 1897 3937 duo
1924 3882 2043 3935 ani-

464 3987 626 4040 malia
658 3991 832 4039 totum
866 3982 1188 4039 animalium
1218 3996 1412 4051 genus,
1446 3993 1645 4048 nempe
1670 3976 1819 4047 quod
1841 3974 2039 4031 simili-

465 4078 655 4133 tudine
700 4091 993 4132 commune
1022 4082 1129 4139 est,
1170 4071 1487 4143 singulatim
1518 4069 1890 4134 nominamus,
1935 4081 2039 4122 nec

464 4184 694 4224 numero
748 4168 1017 4238 plurimos
1064 4164 1376 4221 videbimus
1414 4177 1537 4217 esse
1580 4170 1638 4217 et
1683 4159 1937 4215 homines
1982 4167 2041 4213 et

462 4262 744 4325 animalia,
787 4268 843 4314 et
890 4259 1141 4323 arbores,
1188 4265 1246 4311 et
1287 4254 1486 4325 sigilla,
1533 4252 1809 4323 siquidem
1841 4265 2035 4306 eorum

458 4351 705 4405 omnium
749 4349 991 4418 speciem
1036 4348 1091 4401 in
1132 4343 1489 4400 multitudine
1523 4342 1759 4398 similem
1788 4349 1844 4397 et
1871 4355 2038 4395 unam

456 4457 579 4497 esse
608 4442 865 4497 dicimus.
900 4440 1291 4495 Verumtamen
1319 4444 1376 4492 et
1403 4434 1515 4490 duo
1559 4443 1617 4490 et
1657 4434 1784 4499 tria,
1831 4441 1889 4488 et
1936 4431 2035 4486 de-

2146 3301 2383 3372 Χριστδν
2407 3301 2574 3367 δείξει
2601 3300 2661 3369 ἐξ
2697 3301 2967 3370 ἀνάγκης.

2735 3499 2987 3554 ΚΕΦΛΛ.
3028 3499 3125 3553 lI".

2225 3616 2507 3671 ’Λλλόῦτε
2536 3614 2631 3669 δύο
2660 3614 2987 3686 σφραγῖδας,
3016 3612 3171 3683 φησὶ,
3196 3611 3450 3683 λέγομεν,
3471 3611 3531 3666 τὸ
3558 3610 3734 3682 ἀρχε-

2140 3729 2314 3766 τυπον
2354 3711 2451 3765 καὶ
2494 3710 2587 3763 τὸν
2612 3708 2800 3775 τόπον,
2835 3706 2975 3761 ἀλλὰ
3006 3705 3159 3775 μίαν,
3187 3703 3390 3760 mimi;
3414 3703 3603 3774 ἕτερον
3634 3703 3737 3757 καὶ

2139 3806 2328 3878 ἕτερον
2372 3802 2577 3867 εἰδότες
2614 3800 2692 3871 τῷ
2729 3799 2970 3870 ἀριθμῷ.
3015 3796 3180 3863 ’Λλλ’,
3211 3790 3257 3851 ὦ
3286 3792 3453 3866 οὗτοι,
3476 3797 3555 3868 τῷ
3582 3795 3737 3867 λόγῳ

2138 3896 2298 3967 τῷδε,
2328 3894 2453 3947 οῦτε
2489 3893 2585 3946 δύο
2616 3890 2940 3963 ἀνθρώπους
2976 3892 3084 3963 ἄρα
3126 3894 3312 3946 πᾶσαν
3352 3890 3454 3962 τὴν
3515 3887 3738 3956 ἀνθρω·

2141 3987 2372 4057 πότητα,
2407 3984 2525 4037 οὐδὲ
2553 3982 2647 4037 δύο
2672 3981 2791 4047 ζῶα
2826 3983 2889 4035 τὸ
2914 3982 3147 4036 καθόλου
3185 3981 3345 4049 ζῶον,
3374 3983 3543 4053 ῆγουν
3579 3979 3641 4033 τὸ
3668 3979 3736 4045 ἐξ

2142 4073 2464 4144 ὁμοιότητος
2509 4071 2713 4138 κοινὸν,
2762 4071 2959 4135 ἑνικῶς
3006 4068 3386 4141 ὀνομάζομεν·
3434 4069 3557 4122 οὐδὲ
3605 4071 3731 4122 κατ’

2137 4166 2372 4235 ἀριθμὸν
2411 4163 2632 4226 πλείους
2658 4161 2919 4234 εἰσόμεθα
2942 4157 3082 4216 εἶναι
3124 4162 3220 4217 ml.
3244 4162 3372 4225 τοὺς
3397 4160 3732 4233 ἀνθρώπους

2139 4259 2235 4313 ml.
2277 4257 2347 4311 τὰ
2398 4256 2516 4321 ζῶα
2556 4256 2652 4310 ml
2693 4256 2763 4307 τὰ
2794 4254 2937 4323 φυτά
2969 4253 3062 4307 ml
3096 4254 3195 4317 τὰς
3221 4253 3528 4325 σφραγῖδας
3552 4267 3567 4283 ’
3600 4254 3731 4306 ἐπεὶ

2139 4351 2326 4422 ὅμοιον
2358 4350 2579 4403 πάντων
2612 4347 2797 4403 αὐτῶν
2842 4363 3025 4417 φαμεν
3050 4345 3111 4400 τὸ
3139 4344 3279 4410 εἶδος
3321 4341 3463 4400 εἶναι
3490 4345 3552 4399 τὸ
3582 4346 3731 4401 κατὰ

2137 4442 2198 4497 τὸ
2233 4441 2437 4511 πλῆθος
2471 4442 2566 4494 ml
2599 4440 2687 4493 ἓνο
2719 4440 2814 4493 ml
2847 4440 2953 4510 μὴν
2986 4438 3082 4493 δύο
3116 4455 3177 4492 τε
3219 4438 3316 4493 καὶ
3343 4436 3469 4510 τρία
3500 4439 3597 4491 καὶ
3629 4455 3734 4508 μυ-

455 4550 577 4589 cem
608 4533 777 4587 millia
820 4532 1056 4586 dicimus
1099 4529 1357 4585 animalia
1388 4536 1445 4583 et
1481 4528 1753 4583 homines.
1793 4526 1862 4581 At
1904 4540 2034 4580 vero

2148 4534 2237 4605 ρία
2270 4535 2502 4604 λέγομεν
2538 4533 2657 4599 ζῶα
2689 4534 2783 4586 καὶ
2815 4530 3170 4603 ἀνθρώπους·
3221 4531 3371 4598 ὅμως
3424 4529 3485 4583 τὸ
3538 4530 3731 4599 παρά-

454 4625 613 4681 vobis
673 4625 985 4694 exemplum
1047 4625 1154 4678 alia
1219 4637 1369 4678 nunc
1422 4623 1748 4679 consiliatur
1795 4635 1859 4676 ac
1908 4635 2032 4690 quae

454 4718 587 4772 olim
634 4717 771 4772 estis
803 4717 1055 4787 opinati:
1088 4717 1239 4771 duos.
1260 4716 1410 4770 enim
1450 4730 1685 4771 numero
1718 4714 1860 4769 ﬁlios
1886 4727 2035 4776 esse,

455 4812 723 4867 ﬁliatione
777 4818 959 4864 tamen
992 4809 1203 4863 similes
1244 4818 1301 4864 ct
1332 4824 1445 4863 non
1481 4809 1728 4863 diversas
1763 4805 2029 4870 ostendit,

452 4917 768 4972 quanquam
805 4917 980 4971 usque
1012 4900 1177 4955 modo
1204 4900 1475 4955 dicebatis
1503 4901 1664 4956 ambo
1706 4899 1791 4954 vel
1835 4908 2032 4953 natura

451 4995 539 5048 νει
582 4993 885 5063 adoptione
922 4991 1064 5047 ﬁlios
1097 5006 1221 5047 esse
1250 5001 1528 5062 oportere,
1557 5001 1614 5048 ct
1652 4991 1864 5047 similes
1890 4989 2032 5044 ﬁlia-

454 5085 621 5139 tionis
661 5085 848 5155 specie
891 5083 947 5137 in
981 5084 1132 5139 duali
1162 5084 1402 5139 ﬁliorum
1431 5099 1663 5141 numero
1697 5082 2031 5154 computari.

453 5177 625 5246 Igitur
653 5177 699 5233 si
727 5177 947 5232 diversa
992 5192 1104 5233 non
1145 5186 1232 5234 est
1266 5192 1458 5233 eorum
1500 5178 1784 5233 ﬁliationis
1816 5175 2035 5247 species

453 5279 712 5339 tanquam
763 5270 932 5341 sigilli
977 5270 1205 5325 relative
1247 5271 1316 5326 ad
1364 5271 1753 5343 archetypum,
1801 5277 2032 5341 propter

450 5361 891 5429 similitudinem,
910 5364 1058 5434 juxta
1077 5378 1195 5429 vos,
1221 5363 1332 5419 duo
1351 5364 1565 5420 censeri
1584 5372 1849 5436 possunt;
1878 5370 1932 5418 et
1951 5361 2032 5417 sic

449 5452 653 5519 denuo,
672 5455 717 5508 si
743 5454 924 5508 taliter
939 5469 1003 5509 ac
1020 5469 1109 5511 res
1128 5455 1335 5512 similes
1349 5455 1415 5511 ad
1435 5472 1492 5513 se
1514 5457 1749 5512 invicem
1768 5454 2031 5511 similitu-

448 5547 637 5600 dinem
658 5546 915 5611 habeant,
952 5548 1039 5603 vel
1073 5563 1203 5603 caro
1236 5559 1435 5604 natura
1465 5550 1638 5605 Fili-us
1673 5548 1918 5611 Deicrit,
1942 5545 2030 5600 vel

448 5637 617 5691 etiam
648 5637 891 5693 Verbum
939 5640 1115 5710 gratia
1148 5640 1257 5694 erit
1278 5642 1377 5697 Dei
1421 5642 1613 5697 Filius.
1646 5642 1753 5697 Sed
1786 5652 1842 5696 et
1870 5642 2031 5695 Pater

448 5728 558 5779 erit
592 5743 761 5782 caro:
790 5746 915 5783 nam
949 5732 1151 5787 similia
1181 5734 1286 5787 sibi
1325 5735 1627 5789 secundum
1658 5735 2028 5790 substantiam

453 5826 678 5886 generat
706 5822 970 5876 naturalis
990 5833 1166 5893 pater.
1197 5826 1254 5879 Si
1278 5842 1407 5897 ergo
1438 5830 1761 5884 naturaliter
1806 5842 2029 5883 carnem

2138 4626 2338 4695 δειγμα
2392 4624 2524 4693 ὑμῖν
2581 4624 2651 4678 τὰ
2708 4623 2929 4675 ἐναντία
2983 4621 3229 4691 βούλεται
3286 4618 3383 4673 νῦν
3425 4613 3502 4674 ὧν
3556 4620 3732 4674 πάλαι

2140 4718 2430 4783 δοξάζετεσ
2463 4714 2557 4770 δύο
2607 4716 2706 4786 μὲν
2747 4715 2857 4786 γὰρ
2915 4708 3055 4767 εἶναι
3107 4717 3234 4776 τοὺς
3283 4713 3435 4776 υἱοὺς
3480 4710 3731 4783 ἀριθμῷ,

2139 4808 2279 4864 ἀλλά
2331 4808 2557 4879 ὁμοίους
2614 4808 2757 4860 κατά
2797 4805 2896 4876 τὴν
2944 4806 3169 4875 υίότητα
3211 4806 3308 4858 καὶ
3331 4804 3393 4857 ού
3431 4803 3733 4875 διαφόρους

2138 4901 2320 4973 δηλοῖο
2366 4899 2544 4953 καίτοι
2598 4898 2817 4967 ἐλέγετε
2857 4896 2963 4960 ἕως
3006 4898 3153 4967 ἄρτι,
3186 4896 3263 4960 ὡς
3306 4896 3534 4967 apem)
3568 4896 3734 4967 φύσει

2139 4989 2282 5048 εἷναι
2314 4992 2397 5047 δεῖ
2454 4992 2487 5062 ἢ
2544 4990 2691 5045 θέσει
2730 4990 2916 5053 υἱούςο
2952 4989 3048 5043 ml
3078 4989 3297 5059 ὁμοίους
3343 4987 3423 5059 τῷ
3463 4988 3598 5042 εῖδει
3628 4987 3733 5059 τῆς

2141 5088 2391 5157 υίότητος
2451 5085 2579 5147 τοὺς
2654 5083 3094 5155 ἀριθμουμένους
3133 5084 3214 5146 είς
3264 5082 3433 5135 δυάδα
3472 5080 3641 5134 υίῶνο
3680 5082 3731 5133 εἰ

2139 5176 2233 5236 οὖν
2263 5179 2555 5248 ἀδιάφορον
2580 5175 2760 5232 αὐτῶν
2792 5177 2853 5229 τὸ
2879 5175 2985 5245 τῆς
3034 5174 3280 5245 υίότητος
3329 5168 3489 5237 εἶδος,
3539 5170 3733 5242 ὥσπερ

2138 5274 2241 5342 τῆς
2291 5271 2582 5343 σφραγῖδος
2636 5268 2774 5339 πρὸς
2829 5267 2894 5321 τὸ
2934 5266 3275 5338 ἀρχέτυπον,
3317 5264 3574 5319 δύνανται
3633 5263 3733 5316 δύο

2140 5362 2380 5418 νοεῖσθαι
2430 5362 2516 5415 διὰ
2562 5361 2664 5430 τὴν
2709 5360 3006 5429 ὁμοιότητα
3048 5357 3170 5412 καθ’
3214 5357 3393 5426 ὑμᾶς·
3438 5356 3582 5409 ὥστε
3634 5351 3733 5409 οὖν

2139 5456 2309 5513 πάλιν
2336 5455 2432 5508 καὶ
2465 5456 2514 5507 εί
2554 5450 2729 5514 οὕτως
2756 5452 2938 5522 ἔχουσι
2971 5450 3068 5522 τὴν
3112 5450 3410 5521 ὁμοιότητα
3452 5449 3591 5520 πρὸς
3632 5448 3733 5502 ἀλ-

2139 5549 2275 5621 ληλα
2328 5548 2404 5609 ὠς
2452 5546 2520 5600 τὰ
2566 5543 2813 5615 ὁμοειδῆ,
2862 5543 2958 5598 ml
2992 5543 3027 5612 ἡ
3070 5540 3207 5612 σάρξ
3258 5540 3420 5611 φύσει
3464 5541 3593 5603 Υἱὸς
3632 5537 3733 5593 τοῦ

2139 5641 2296 5706 Θεοῦ,
2326 5638 2359 5709 ἢ
2391 5639 2534 5691 καὶὸ
2564 5636 2737 5704 Λόγος
2766 5635 2950 5706 χάριτι
2993 5633 3124 5697 Υἱὸς
3149 5632 3286 5686 Θεοῦ
3307 5650 3323 5665 ο
3358 5632 3514 5686 ἔσται
3545 5631 3601 5684 δὲ
3632 5633 3733 5685 καὶ

2138 5736 2167 5786 ὁ
2195 5732 2407 5804 Πατὴρ,
2446 5730 2585 5800 σάρξ
2605 5746 2620 5763 ο
2646 5730 2808 5799 ὅμοια
2833 5727 2943 5799 γὰρ
2977 5728 3153 5781 τίκτει
3177 5726 3357 5796 ἑαυτῷ
3386 5726 3507 5780 κατ’
3538 5723 3732 5777 οὐσίαν

2139 5830 2167 5881 ὁ
2198 5825 2357 5895 φύσει
2385 5824 2572 5894 πατήρ
2591 5839 2603 5853 ·
2634 5823 2680 5876 εί
2708 5820 2800 5877 οῦν
2834 5820 3013 5891 σάρκα
3033 5820 3219 5875 τέτοκε
3250 5818 3434 5891 φύσει,
3464 5818 3558 5872 ml
3590 5815 3731 5887 σάρξ
