4116 6434
375 477 445 548 16
455 477 516 543 i9

1299 474 1696 537 ADVERSUS
1733 474 2283 536 NESTORIANOS.
2309 500 2381 512 -
2410 477 2558 538 LIB.
2597 477 2698 539 IV.

3507 478 3655 544 1650-

375 597 496 649 ἐστι
519 592 680 664 φύσει
706 609 721 625 ·
748 591 842 646 καὶ
872 591 901 644 6
937 589 1108 659 Λόγος
1134 587 1193 642 δὲ
1218 587 1354 653 Θεὸς
1378 587 1453 644 ὢν
1487 588 1674 659 φύσει,
1706 588 1769 642 o6
1798 587 1962 657 φύσει

2072 587 2260 658 gignit,
2308 597 2393 643 est
2416 589 2585 644 etiam
2628 591 2963 649 naturaliter
2998 608 3148 650 caro.
3180 592 3289 648 Sed
3321 600 3377 649 et
3401 592 3647 648 Verbum

378 688 507 751 Υἱός
546 688 665 739 ἐστι
705 683 803 738 τοῦ
848 681 1086 754 Πατρός,
1115 680 1252 736 ἀλλὰ
1296 682 1481 753 χάριτι
1512 682 1611 735 σὺν
1650 682 1719 753 τῇ
1760 680 1961 752 σαρκίο

377 782 438 833 ο)
480 777 612 842 Θεὸς
635 778 743 849 ἄρα
765 778 794 831 6
826 777 1009 847 πατήρ
1032 777 1205 842 ἐστιν,
1235 775 1348 827 εἴτε
1388 773 1483 827 οὖν
1515 774 1695 844 ὅμοιοι
1717 774 1829 826 εἴτε
1863 772 1965 826 ἀν-

378 869 558 939 όμοιοί
579 871 717 923 εἰσιν
744 869 800 921 οἱ·
821 868 928 921 uiol.
950 866 1256 937 καὶιοῦτως,
1287 866 1448 938 εἴπερ
1467 865 1524 918 αἱ
1550 865 1846 939 σφραγῖδες
1869 864 1966 918 καὶ

379 965 449 1016 τὰ
483 961 767 1033 ἀρχέτυπα
799 958 863 1015 τὸ
905 957 1027 1012 κατ’
1064 958 1300 1029 ἀριθμὸν
1345 957 1605 1028 διάφορον
1649 956 1887 1027 ἔχουσιν,
1913 957 1964 1010 εἰ

381 1056 477 1107 καὶ
520 1054 597 1125 μὴ
644 1053 707 1106 τὸ
741 1051 885 1107 κατὰ.
930 1052 992 1105 τὸ
1030 1048 1170 1115 εἶδος
1213 1050 1567 1105 διαλλάσσονο
1604 1051 1701 1105 καὶ
1741 1050 1850 1103 οἶδε
1886 1050 1967 1120 τῷ

380 1144 604 1216 ἀριθμῷ
627 1141 1255 1215 διαφέροντες,δύναιντο
1282 1141 1349 1196 ἂν
1377 1141 1539 1206 εἶναι,
1567 1141 1664 1196 καὶ
1694 1142 1775 1205 είς
1797 1141 1968 1196 δυάδα

383 1235 518 1288 υἱῶν
566 1234 1041 1307 συναριθμεῖσθαι,
1093 1232 1287 1307 ὥσπερ
1329 1232 1544 1297 Παῦλος
1584 1233 1678 1286 καὶ
1726 1232 1954 1302 Πέτρος·

381 1324 474 1395 ἢό
510 1324 795 1388 δακτύλιος
837 1324 934 1378 καὶ
981 1327 1009 1378 6
1052 1324 1243 1396 κηρὸς,
1292 1322 1325 1395 ἢ
1373 1323 1543 1395 πηλὸς
1591 1324 1685 1377 καὶ
1720 1323 1970 1393 μόλιϐδος

381 1416 855 1487 ἐντετυπωμένον
896 1417 1033 1471 ἀλλὰ
1072 1416 1239 1471 πάλιν
1298 1416 1399 1488 τὴν
1426 1416 1683 1489 διάφορον
1715 1415 1848 1488 ὕλην
1873 1416 1968 1470 dv-

389 1506 533 1559 ελεῖν
562 1523 696 1574 φασι
733 1506 829 1561 τδν
853 1507 1087 1579 ἀριθμὸν
1107 1507 1218 1561 τῶν
1249 1507 1565 1578 σφραγίδων
1600 1506 1845 1576 ⁴ἠλιθίως,
1871 1507 1969 1561 καὶ

386 1597 517 1667 μίαν
543 1601 716 1653 ποιεῖν
740 1600 841 1663 τὰς
864 1598 1069 1664 πολλὰς
1086 1599 1329 1653 νοεῖσθαι
1350 1617 1365 1631 ·
1393 1600 1589 1653 οὐκοῦν
1617 1599 1679 1653 τὸ
1707 1598 1969 1673 διάφορον

382 1691 555 1761 αὐτῆς
590 1692 839 1762 εἴποιμεν
866 1692 1072 1757 εἰσάξει
1095 1693 1257 1748 αὐτόν
1282 1709 1295 1723 ’
1320 1695 1370 1747 εί
1393 1692 1501 1764 γὰρ
1536 1692 1613 1762 τῷ
1644 1693 1872 1764 ἐναντίῳ
1906 1693 1970 1747 τὸ

381 1783 646 1849 ἐναντίον,
663 1786 721 1838 ἐν
742 1785 898 1856 κηρῷ
925 1782 1018 1839 οὖν
1037 1784 1201 1855 τυχὸν
1222 1779 1585 1848 οὗσαιπᾶσαι,
1610 1784 1828 1848 πλείους
1856 1777 1968 1837 εἷεν

384 1875 681 1946 σφραγῖδες
704 1890 718 1904 ’
756 1877 815 1929 ὲν
857 1876 1140 1947 διαφόροις
1174 1875 1232 1930 δὲ
1264 1875 1418 1939 ὕλαις
1457 1875 1816 1939 τυπωθεῖσαι,
1866 1876 1967 1947 μία

380 1964 490 2017 εἰσὶ
518 1964 643 2018 καθ’
676 1966 852 2036 ὑμᾶς·
882 1965 1023 2020 ἀλλὰ
1064 1965 1242 2019 ταῦτα
1285 1965 1522 2038 δάκρυον
1549 1966 1846 2036 ὀφείλεται,
1874 1968 1969 2023 καὶ

382 2057 595 2124 γέλωτα
622 2058 774 2130 ὅμως
802 2060 953 2129 ἡμᾶς
974 2058 1242 2125 ὲκϐιάξει.

986 2327 1238 2383 ΚΕΦΑΛ.
1273 2326 1369 2383 lA'.

457 2415 525 2467 T’t
553 2409 670 2480 οὖν,
701 2415 874 2486 φησί;
909 2415 1004 2470 δύο
1028 2416 1180 2486 λόγοι
1204 2418 1364 2482 εἰσὶν,
1394 2417 1501 2472 ὅτε
1533 2418 1847 2491 λεγόμενος,
1877 2424 1971 2477 καὶ

384 2509 413 2561 6
452 2507 823 2577 ἁκουόμενος;
867 2508 1032 2563 Ἀλλά
1061 2510 1201 2563 κάπὶ
1244 2512 1473 2578 τούτων,
1498 2512 1717 2581 πρῶτον
1746 2514 1846 2585 μὲν
1875 2513 1972 2569 ἄλ-

383 2596 474 2661 λος
518 2600 547 2651 6
597 2598 925 2664 ἐνδιάθετος,
978 2601 1075 2655 καὶ
1114 2600 1277 2665 ἄλλος
1317 2604 1346 2656 ό
1389 2602 1535 2656 κατὰ
1571 2603 1839 2660 διάνοιαν·
1876 2609 1972 2661 καὶ

382 2689 571 2760 ἕτερος
598 2691 626 2743 ὁ
654 2691 1019 2763 προφορικὸς,
1050 2692 1148 2747 καὶ
1176 2695 1205 2746 ό
1235 2693 1343 2748 ὑπὸ
1366 2694 1607 2749 τοῦτον·
1637 2699 1665 2751 6
1686 2700 1968 2768 γραπτὸς,

384 2782 481 2835 καὶ
505 2782 645 2853 μετὰ
672 2783 895 2849 τούτους
912 2784 940 2838 6
964 2785 1296 2854 ἀκουόμενός
1312 2785 1429 2839 ἐστι
1451 2804 1465 2819 ο
1481 2788 1576 2842 καὶ
1598 2788 1805 2843 τούτων
1832 2789 1891 2844 δὲ
1911 2790 1973 2846 τὸ

383 2875 564 2928 κοινόν
581 2891 597 2909 ο
626 2874 828 2945 ὁμοίως
874 2878 993 2939 ταῖς
1031 2877 1325 2945 σφραγῖσιν
1351 2875 1410 2929 ἓν
1441 2876 1494 2930 τί
1520 2878 1639 2931 ἐστι
1664 2877 1725 2931 τὸ
1741 2877 1884 2932 κατὰ
1912 2879 1975 2933 τὸ

388 2970 792 3041 σημαινόμενον
815 2969 876 3025 τὸ
904 2970 1034 3024 αὑτό
1058 2986 1070 3001 ο
1100 2969 1177 3034 ὡς
1199 2971 1249 3024 εί
1274 2970 1383 3024 τῶν
1407 2969 1615 3038 πολυσή
1626 2987 1740 3039 μων
1771 2987 1857 3033 τις
1882 2968 1970 3041 εῐη

385 3062 545 3132 λόγος
580 3064 680 3117 εἴτ’
709 3063 803 3118 οὗν
839 3062 1182 3134 ὁμωνύμωνο
1219 3064 1323 3118 κᾶν
1364 3063 1447 3117 ἑνὶ
1484 3064 1633 3134 μόνῳ
1675 3062 1901 3134 λέγηται
1936 3062 1970 3133 ἢ

384 3154 669 3225 ἀκούηται,
706 3157 804 3225 οὐχ
847 3150 928 3221 εἷς
956 3156 1115 3224 λόγος
1156 3154 1239 3209 ἔτι
1272 3155 1522 3225 λέγεται·
1566 3155 1670 3209 κᾶν
1712 3156 1812 3227 μιᾷ
1841 3172 1974 3226 προ·-

2066 681 2215 751 quod
2258 690 2343 736 est
2390 684 2721 737 naturaliter
2764 684 2930 750 Deus,
2981 702 3093 741 non
3136 696 3222 742 est
3257 685 3436 741 Patris
3477 684 3652 738 Filius

2068 773 2354 837 naturalis,
2394 773 2493 829 sed
2524 774 2691 829 simul
2719 791 2847 830 cum
2878 792 3043 832 carne
3074 777 3246 832 Filius
3270 792 3369 846 per
3392 777 3649 847 gratiam.

2067 863 2189 919 Non
2229 866 2375 920 Deus
2413 866 2599 936 itaque
2630 875 2788 938 pater
2826 876 2932 933 est,
2967 870 3087 924 sive
3128 869 3339 924 similes
3381 868 3499 923 sive
3549 867 3652 921 αις-ι

2069 955 2278 1011 similes
2309 956 2422 1011 sint
2456 958 2643 1013 taliter
2674 958 2795 1025 ﬁlii,
2835 958 3106 1029 siquidem
3141 959 3321 1030 sigilla
3350 967 3409 1013 et
3452 956 3651 1011 arche-

2071 1055 2196 1118 typa
2251 1047 2559 1104 secundum
2618 1066 2913 1105 numerum
2964 1050 3347 1106 diversitatem
3403 1048 3649 1111 habent,

2067 1140 2198 1195 licet
2253 1142 2556 1197 secundum
2620 1144 2861 1214 speciem
2916 1160 3029 1199 non
3084 1144 3383 1208 diﬁ‘erant;
3441 1151 3499 1199 et
3559 1141 3656 1196 isti

2069 1245 2304 1286 numero
2346 1230 2670 1288 differentes
2712 1249 2838 1289 esse
2884 1245 3111 1305 possent
3146 1244 3203 1291 et
3230 1235 3287 1289 in
3322 1233 3472 1290 duali
3511 1233 3661 1287 ﬁlioa

2072 1338 2192 1376 rum
2233 1339 2465 1380 numero
2507 1327 2841 1397 computari,
2884 1328 3027 1383 sicut
3076 1328 3280 1383 Paulus
3323 1336 3379 1383 et
3429 1328 3655 1390 Petrus,

2069 1413 2157 1468 vel
2195 1415 2433 1471 annulus
2466 1424 2523 1470 ct
2567 1432 2716 1482 cera,
2768 1428 2864 1474 aut
2906 1420 3085 1474 lutum
3124 1428 3182 1474 et
3222 1419 3511 1490 plumbum
3549 1418 3655 1472 im-

2068 1508 2358 1575 pressione
2411 1506 2644 1577 signata.
2684 1507 2793 1563 Sed
2837 1526 3055 1565 rursum
3098 1510 3286 1579 inepte
3334 1509 3529 1565 dicunt
3570 1508 3658 1563 die

2070 1610 2287 1651 versam
2316 1598 2608 1654 materiam
2638 1616 2930 1655 numerum
2965 1602 3275 1672 sigillorum
3315 1602 3506 1657 tollere
3534 1600 3657 1656 eili-

2070 1701 2309 1759 cereque
2333 1697 2393 1743 ut
2418 1690 2589 1746 multa
2620 1701 2953 1747 censeantur
2994 1709 3189 1747 unum.
3226 1694 3394 1764 Ergo,
3439 1693 3657 1749 dicere-

2070 1794 2214 1844 mus,
2261 1780 2409 1849 quod
2461 1780 2741 1837 diversum
2791 1793 2875 1838 est
2915 1785 3159 1839 materiae
3209 1784 3435 1839 adducit
3479 1799 3652 1839 eum:

2070 1869 2208 1926 Cum
2229 1872 2378 1927 enim
2402 1874 2678 1929 contraria
2705 1875 3002 1930 contrariis
3028 1877 3355 1946 probantur,
3380 1875 3426 1931 si
3454 1884 3658 1930 cuncta

2070 1962 2251 2035 sigilla
2300 1964 2356 2019 in
2398 1980 2580 2020 ceram
2626 1966 2983 2034 cecidissent,
3022 1969 3181 2038 plura
3219 1976 3407 2023 essent
3435 1966 3653 2037 sigilla:

2070 2058 2168 2114 sed
2199 2058 2254 2113 in
2282 2059 2519 2115 diversis
2552 2060 2803 2116 materiis
2829 2060 3119 2131 impressa,
3148 2063 3301 2132 juxta
3331 2076 3450 2124 vos,
3481 2074 3654 2113 unum

2070 2158 2221 2205 sunt.
2271 2149 2478 2206 Verum
2521 2150 2653 2205 talia
2694 2149 2814 2207 ﬁeri
2863 2150 3070 2207 debent
3098 2158 3154 2207 et
3184 2159 3371 2206 tamen
3406 2148 3579 2205 risum
3623 2162 3658 2203 ιι

2071 2242 2231 2300 nobis
2263 2242 2518 2300 eliciunt.

2695 2335 2846 2392 CAP.
2885 2335 3025 2392 XIV.

2147 2425 2291 2493 Quid
2324 2426 2509 2497 igitur,
2542 2426 2742 2483 aiunt?
2769 2426 2983 2482 Suntne
3011 2425 3124 2481 duo
3150 2426 3333 2481 Verba
3363 2431 3421 2480 et
3448 2425 3657 2480 dictum

2071 2529 2128 2577 et
2157 2518 2458 2575 auditum?
2506 2517 2615 2574 Sed
2658 2526 2858 2589 praeter
2897 2515 3001 2572 ista
3028 2517 3209 2585 primo
3242 2515 3465 2586 quidem
3509 2514 3661 2569 aliud

2072 2619 2158 2666 est
2197 2609 2454 2664 intimum
2500 2607 2696 2672 menti,
2727 2615 2785 2661 et
2810 2605 2961 2661 aliud
3000 2606 3057 2660 in
3098 2605 3464 2676 cogitatione;
3511 2603 3662 2658 aliud

2074 2701 2225 2773 quod
2273 2715 2370 2756 ore
2402 2696 2685 2770 profertur
2718 2706 2775 2752 et
2802 2695 2952 2751 aliud
2984 2695 3053 2750 ab
3087 2695 3192 2750 isto
3230 2694 3482 2766 pendens
3520 2679 3663 2749 seri;

2073 2805 2267 2866 ptum;
2320 2800 2377 2848 et
2428 2799 2555 2862 post
2602 2791 2697 2845 illa
2743 2789 2898 2843 venit
2954 2788 3229 2843 auditum.
3282 2786 3389 2841 Sed
3439 2786 3663 2841 illorum

2073 2899 2321 2956 quoque,
2359 2891 2619 2952 tanquam
2658 2880 2714 2935 in
2760 2880 2978 2951 sigillis,
3022 2893 3315 2934 commune
3365 2886 3421 2931 et
3454 2876 3663 2947 aliquid

2076 2992 2284 3043 unum,
2335 2974 2392 3031 in
2435 2990 2502 3030 eo
2551 2972 2860 3029 consistens
2906 2970 3051 3042 quod
3106 2971 3251 3025 idem
3299 2968 3660 3040 signiﬁcetur.

2074 3071 2239 3126 Velut
2285 3068 2333 3124 si
2380 3067 2604 3138 quidam
2631 3075 2779 3121 esset
2804 3081 2990 3121 sermo
3024 3063 3183 3135 plura
3224 3061 3542 3133 signiﬁcans
3568 3070 3667 3117 aut

2076 3158 2355 3228 duplicem
2400 3171 2623 3216 sensum
2658 3154 2866 3220 ferens,
2899 3154 3005 3209 etsi
3051 3152 3147 3207 uni
3190 3162 3406 3207 tantum
3446 3149 3669 3205 dicatur

383 3246 531 3316 φορᾷ
565 3245 983 3315 ἐξαγγέλληται,
1019 3243 1158 3299 ἀλλὰ
1207 3243 1428 3306 πλείους
1468 3242 1618 3310 λόγοι
1648 3237 1787 3296 εἶναι
1819 3241 1969 3313 παρὰ

2076 3250 2160 3303 vel
2204 3248 2489 3312 audiatur,
2528 3262 2641 3302 non
2697 3245 2882 3301 adhuc
2936 3260 3083 3299 unus
3116 3259 3298 3299 sermo
3331 3241 3565 3307 dicitur;
3609 3250 3669 3297 et

386 3339 519 3391 πᾶσι
543 3340 656 3401 τοῖς
678 3336 1037 3402 διαλεκτικοῖς
1066 3335 1471 3406 ὡμολόγηνται·
1497 3334 1654 3407 δῆλον
1676 3333 1768 3389 οὖν
1797 3334 1873 3398 ὡς
1893 3335 1971 3406 τῷ

387 3430 773 3502 σημαινομένῳ
818 3430 879 3484 τὸ
919 3431 1127 3501 κυρίως
1153 3428 1212 3484 ἓν
1232 3429 1327 3484 τοῦ
1369 3429 1529 3499 λόγου
1553 3430 1701 3498 ἑστίῃ
1731 3431 1781 3483 ει
1805 3428 1862 3483 δὲ
1886 3430 1970 3483 ὅτι

385 3522 676 3593 συμϐαίνει
717 3522 810 3577 τὸν
856 3523 1019 3578 αὐτὸν
1058 3522 1154 3577 ἕνα
1182 3522 1261 3594 τῷ
1311 3521 1535 3593 ἀριθμῷ
1562 3522 1742 3592 λόγον,
1778 3522 1971 3577 λεκτόν

381 3633 441 3668 τε
473 3613 614 3670 εἶναι
659 3615 740 3687 τῷ
785 3615 1016 3681 εἰπόντι,
1052 3615 1147 3669 καὶ
1191 3615 1460 3669 ἀκουστὸν
1506 3614 1585 3684 τῷ
1632 3615 1969 3685 παρεστῶτι,

391 3709 527 3763 εἴποι
557 3724 643 3771 τις
669 3706 844 3770 οὕτως
876 3706 972 3759 ἕνα
1009 3706 1174 3761 αὑτὸν
1200 3702 1362 3773 εἶναι,
1397 3706 1498 3760 οὐκ
1545 3705 1660 3777 ἔχοι
1689 3706 1758 3761 ἂν
1784 3706 1971 3777 ὁμοιό-

383 3815 526 3866 τητα
560 3798 692 3870 ὑμῖν
722 3797 783 3851 τὸ
810 3798 1195 3867 παράδειγμα·
1233 3798 1355 3852 οὐδὲ
1376 3800 1486 3869 γὰρ
1538 3796 1855 3852 ὑπόκεινται
1880 3797 1974 3851 δύο

383 3888 509 3943 τινὰ
550 3889 772 3961 ἀριθμῷ
825 3890 1035 3955 ἐνθάδε,
1067 3890 1247 3944 εἵτουν
1284 3888 1377 3945 δύο
1424 3890 1574 3958 λόγοι
1617 3889 1699 3943 ἑνὶ
1747 3889 1975 3961 ὀνόματι

383 3982 788 4053 ὀνομαζόμενα,
834 3981 1025 4054 ὥσπερ
1072 3982 1133 4035 τό
1180 3999 1239 4035 τε
1282 3981 1579 4051 πρόσωπον
1608 3980 1849 4050 Χριστοῦ
1879 3980 1974 4035 καὶ

384 4076 482 4131 τοῦ
518 4077 691 4143 Λόγου
734 4075 829 4128 δύο
860 4074 1025 4138 οὔσας
1068 4074 1381 4144 ἁριθμητὰς
1410 4073 1761 4137 ὑποστάσεις,
1794 4072 1970 4127 ἐδόκει

386 4171 516 4239 ὑμῖν
540 4169 637 4223 ἕνα
667 4169 795 4223 Υἰὸν
819 4170 1030 4239 λέγειν·
1066 4168 1202 4222 ἀλλὰ
1227 4168 1538 4223 τούναντίον
1566 4166 1823 4239 βούλεσθε
1858 4168 1974 4223 δεῖ-,

388 4264 499 4330 ξαι,
539 4263 600 4317 ἒν
632 4262 854 4335 ἀριθμῷ
886 4261 1247 4333 ὑποκείμενον
1291 4260 1550 4325 ἐνταῦθα,
1592 4261 1687 4315 δύο
1710 4261 1976 4333 ὀνόμασιν

387 4360 500 4414 ἀπὸ
543 4361 803 4432 διαφόρου
851 4360 1091 4432 σχέσεως
1138 4358 1683 4431 προσαγορευόμενὸν
1729 4359 1973 4412 ἐστινοό

386 4452 497 4524 γὰρ
542 4453 703 4517 αὐτὸς
752 4447 832 4516 εἷς
881 4451 1102 4524 ἀριθμῷ
1147 4451 1307 4520 λόγος
1354 4452 1548 4521 μόνοςο
1586 4451 1697 4504 ἀπὸ
1730 4450 1972 4521 σχέσεως

392 4545 493 4616 μὲν
516 4545 610 4599 τοῦ
641 4545 906 4610 εἰπόντος,
941 4545 1130 4609 λεκτός
1145 4558 1159 4574 ⁸
1181 4543 1289 4598 ἀπὸ
1307 4543 1365 4597 δὲ
1384 4542 1622 4613 σχέσεως
1643 4541 1738 4596 τοῦ
1768 4543 1976 4612 ἀκροα-

2077 3339 2212 3396 licet
2263 3354 2373 3395 una
2424 3337 2733 3408 prolatione
2780 3334 3175 3399 annuntietur,
3236 3334 3423 3403 plures
3481 3339 3667 3386 tamen

2075 3447 2200 3488 esse
2235 3445 2524 3487 sermones
2551 3444 2582 3484 a
2612 3426 2828 3483 cunctis
2849 3426 3157 3482 dialecticis
3179 3424 3512 3480 admittitur.
3537 3423 3670 3477 Evi-

2074 3525 2213 3579 dens
2239 3522 2407 3594 igitur
2439 3530 2525 3576 est
2558 3534 2731 3575 unum
2776 3518 2936 3573 verbi
2974 3517 3266 3588 preprium
3304 3518 3361 3571 in
3392 3515 3671 3588 signiﬁca-

2078 3616 2231 3671 tione
2273 3629 2417 3670 esse.
2453 3612 2511 3669 Si
2559 3627 2715 3679 vero,
2752 3625 2880 3665 cum
2915 3609 3121 3666 accidit
3148 3608 3409 3665 eumdem
3453 3621 3671 3663 sermo-

2079 3723 2231 3774 nem,
2261 3720 2499 3761 numero
2522 3720 2717 3770 unum,
2749 3718 2873 3758 esse
2902 3702 3112 3758 dictum
3140 3702 3391 3771 loquenti
3422 3710 3478 3756 et
3510 3699 3673 3755 audi-

2076 3810 2195 3856 tum
2243 3797 2547 3861 assistenti.
2601 3797 2771 3863 dicat,
2801 3795 2926 3866 quis
2974 3794 3131 3849 illum
3174 3795 3255 3850 sic
3305 3809 3477 3848 unum
3521 3806 3668 3859 esse,

2075 3909 2189 3948 non
2224 3890 2455 3948 haberet
2501 3888 2926 3945 similitudinem
2973 3888 3135 3943 vobis
3185 3889 3293 3943 hoc
3330 3886 3668 3956 exemplum.

2074 3986 2197 4041 Non
2225 3984 2372 4040 enim
2399 3983 2492 4037 hic
2519 3983 2819 4053 subiacent
2850 3981 2963 4036 duo
2994 3979 3245 4050 quaedam
3268 3992 3523 4045 numero,
3546 3992 3673 4049 qua

2076 4081 2189 4137 duo
2220 4081 2392 4137 verba
2434 4095 2547 4134 uno
2597 4080 2825 4133 nomine
2879 4077 3160 4141 dicantur,
3197 4074 3673 4145 quemadmodum

2075 4190 2371 4247 personam
2391 4172 2597 4229 Christi
2620 4181 2677 4227 ct
2698 4171 2863 4227 Verbi
2888 4170 3025 4225 duas
3050 4184 3294 4224 numero
3324 4169 3671 4240 hypostases,

2077 4282 2251 4322 unum
2278 4266 2479 4322 Filium
2509 4265 2693 4320 dicere
2723 4263 2884 4318 vobis
2926 4263 3127 4333 placet.
3178 4259 3288 4316 Sed
3329 4259 3675 4315 contrarium

2076 4355 2246 4410 vultis
2288 4355 2616 4420 ostendere;
2674 4369 2849 4408 unum
2901 4352 2993 4407 hic
3044 4365 3280 4405 numero
3333 4348 3673 4419 subjectum,

2078 4446 2301 4503 duobus
2344 4446 2666 4502 nominibus
2708 4461 2739 4499 a
2786 4444 3010 4500 diversa
3069 4440 3344 4497 relatione
3391 4448 3673 4495 vocatum.

2080 4540 2229 4594 Idem
2252 4539 2402 4595 enim
2442 4553 2678 4593 numero
2730 4537 2965 4592 verbum
2994 4550 3170 4590 unum
3222 4542 3308 4588 est
3352 4540 3600 4587 tantum:
3645 4548 3677 4588 a

388 4636 504 4702 τοῦ,
536 4637 801 4701 ἀκουστὸς
834 4636 1130 4708 ὠνομάσθη
1152 4652 1168 4670 ’
1200 4635 1363 4690 πάλιν
1411 4636 1505 4691 οὖν
1549 4636 1645 4689 καὶ
1678 4634 1853 4698 οὕτως
1887 4635 1969 4697 εἰς

2074 4629 2407 4702 proferentis
2439 4629 2729 4695 relatione,
2777 4627 3025 4690 dictum;
3060 4626 3131 4680 ab
3167 4624 3455 4679 audientis
3486 4632 3677 4678 autem

388 4730 683 4801 πρόςωπον
712 4730 868 4800 ὑμῶν
904 4732 1297 4804 ἁντικαταρῤεῖ
1333 4730 1401 4785 τὰ
1446 4729 1688 4802 ὑμέτερα
1724 4726 1972 4783 ἀναπτύ-

391 4834 597 4888 σματα.

2079 4722 2375 4786 relatione,
2416 4721 2668 4777 auditum
2709 4720 3049 4776 nominatur.
3090 4719 3309 4775 Rursus
3339 4716 3508 4789 igitur
3534 4716 3589 4771 in
3614 4730 3680 4771 os

2079 4823 2327 4871 vestrum
2352 4815 2679 4870 relabuntur
2704 4823 2866 4884 sputa
2889 4821 3098 4867 vestra.

395 4983 3645 5026 ________________________________________________.._.

1759 5115 2130 5205 ΛΟΓΟΣ
2206 5102 2318 5201 Δ.

596 5257 882 5329 Τετάρτης
906 5256 1105 5313 αὐτῶν
1129 5257 1410 5325 ἀσεϐείας
1431 5256 1681 5328 ἔλεγχος
1711 5256 2207 5328 παραιτουμένων
2226 5254 2431 5325 λέγειν
2461 5250 2756 5307 Θεοτόκον
2781 5246 2899 5315 τὴν
2923 5245 3103 5316 ἁγίαν
3136 5238 3464 5312 Παρθένον.

1728 5488 2088 5577 LIBER
2186 5486 2360 5573 IV.

712 5645 956 5710 Ipsorum
998 5656 1212 5695 sacram
1247 5638 1509 5711 Virginem
1543 5638 1836 5712 Deiparam
1873 5638 2043 5692 dicere
2072 5634 2430 5691 recusantium
2463 5638 2672 5699 quarta:
2702 5628 2991 5697 impietatis
3022 5628 3338 5699 confutatio.

856 5861 1253 5918 ΚΕΦΑᾹΑΙΟΝ
1297 5857 1593 5913 ΠΡΩΤΟΝ.

471 5951 581 6011 Θέει
619 5956 750 6026 γοῦν
783 5956 947 6020 αὐτὸς
977 5955 1073 6010 καὶ
1095 5957 1151 6009 ὲν
1181 5956 1293 6017 τοῖς
1326 5953 1450 6023 ἑξῆς
1490 5952 1549 6007 τὸ
1581 5950 1712 6005 αὐτὸ
1738 5948 1977 6019 ἐνθύμη-

2022 5761 2092 5772 ...σε

2618 5841 2844 5899 CAPUT
2880 5840 3166 5898 PRIMUM.

2166 5941 2302 5999 Vide
2333 5939 2503 6012 igitur
2530 5940 2645 6006 ipse
2688 5938 2745 5993 in
2773 5938 2855 5994 eis
2891 5951 3014 6009 qum
3044 5936 3149 5993 sibi
3185 5933 3492 5992 succedunt
3531 5932 3679 5988 idem
