4116 6434
492 458 626 526 1651

1766 456 2079 519 LEONTII
2119 455 2527 517 ΒΥΖΑΝΤΙΝΙ

3634 460 3766 527 1652

486 578 668 633 latens
700 571 998 645 cogitatum
1029 586 1221 628 eorum
1248 570 1340 641 qui
1388 587 1553 626 unam
1589 569 1783 626 dicunt
1814 571 2079 642 hyposta-

2191 588 2264 641 μα
2302 572 2688 643 κεκρυμμένον
2712 571 2823 626 τῶν
2855 572 2992 643 μίαν
3011 572 3280 642 λεγόντων
3325 573 3427 647 τὴν
3472 575 3770 634 ὑπόστασιν

488 672 573 726 sin
612 669 820 726 Christi
854 684 917 722 ac
948 667 1207 722 unionem
1232 666 1330 721 Dei
1360 665 1525 721 Verbi
1556 680 1684 719 cum
1714 679 1902 719 carne.
1931 663 2074 730 Quid

486 764 635 817 cnim
672 759 1065 815 inveniendum
1098 768 1184 814 est
1220 760 1274 813 in
1310 774 1446 813 voce
1486 758 1745 827 Deipara,
1793 756 1905 811 illis
1933 771 2076 827 pra:-

487 854 678 907 sertim
729 851 1129 906 adhibentibus
1181 850 1331 919 quod
1371 851 1525 921 juxta
1581 849 1974 919 proprietatem
2021 856 2079 903 et

485 943 782 998 veritatem
814 951 920 1008 est,
952 942 1061 997 nisi
1098 942 1205 998 hoc
1242 941 1387 997 idem
1428 940 1579 1011 quod
1618 941 1674 996 in
1713 941 1959 1013 synthesi
1988 955 2078 996 se-

487 1044 744 1104 paratum
778 1033 1116 1095 invenimus.
1143 1050 1254 1088 non
1289 1033 1519 1089 deﬁnito
1548 1050 1660 1104 quo
1687 1049 1853 1089 sensu
1878 1048 2079 1089 nomen

487 1127 751 1196 Deipara,
799 1126 948 1182 sicut
1012 1142 1218 1181 nomen
1263 1125 1411 1180 Deus
1456 1125 1677 1181 diverse
1730 1124 2076 1189 adhibitum,

486 1218 917 1289 explicationem
947 1218 1141 1290 pietati
1170 1217 1512 1273 conformem
1547 1217 1766 1272 habeat.
1797 1217 1956 1273 Nunc
1982 1232 2081 1271 au-

489 1321 623 1377 tem,
661 1312 890 1382 proprio
916 1320 973 1366 et
1008 1312 1233 1367 veritati
1284 1310 1554 1366 conformi
1585 1325 1753 1366 sensu
1783 1310 1914 1365 huic
1955 1311 2078 1365 voci

490 1404 796 1475 assignato,
827 1419 952 1461 eam
984 1404 1135 1461 omni
1170 1404 1453 1475 impietate
1483 1414 1781 1475 apertaque
1816 1403 2079 1474 blasphe-

490 1497 599 1552 mia
618 1498 996 1569 repleverunt.
1024 1497 1107 1552 Ab
1134 1498 1216 1553 eis
1241 1507 1424 1553 tamen
1446 1496 1807 1568 qumrendum
1835 1504 1922 1552 est
1945 1496 2079 1567 quid

490 1592 625 1662 ipsis
674 1591 951 1663 significat
1002 1592 1126 1647 talis
1171 1591 1549 1647 denominatio
1580 1606 1802 1662 quoque
1837 1591 2079 1660 cogitatu

490 1684 629 1753 ipsis
666 1693 750 1741 est
780 1684 1042 1755 sumpta?
1067 1685 1151 1740 An
1182 1685 1327 1741 sicut
1355 1684 1593 1741 dicimus
1626 1684 1958 1755 mariparam
1984 1692 2081 1737 aut

488 1775 876 1846 feminiparam
949 1776 1242 1831 mulierem
1292 1791 1417 1846 quae
1472 1790 1654 1831 mares
1709 1784 1806 1830 aut
1846 1774 2081 1829 feminas

2180 666 2442 737 Χριστοῦ,
2476 667 2574 721 καὶ
2621 666 2871 721 σύνθεσιν
2916 666 3015 721 τοῦ
3069 667 3208 722 Θεοῦ
3264 669 3441 738 Λόγου
3490 670 3629 741 πρὸς
3675 672 3770 741 τὴν

2182 757 2384 831 σάρκα.
2425 759 2491 811 Τί
2531 758 2642 829 γὰρ
2683 758 2831 812 ἐστιν
2857 760 3041 830 εὑρεῖν
3072 760 3131 813 ὲν
3159 762 3225 830 τῇ
3277 762 3565 828 Θεοτόκος
3597 764 3767 832 φωνῇ·

2182 849 2616 920 προστιθεμένου
2652 850 2888 920 μάλιστα
2918 852 3109 915 αὐτοῖς
3138 852 3232 905 τοῦ
3266 853 3474 923 κυρίως
3501 853 3600 907 καὶ⁵
3631 852 3771 908 κατὰ

2181 940 2471 1012 ἀλήθειαν;
2502 940 2535 1012 ἢ
2574 942 2707 996 αὐτὸ
2756 942 2915 995 τοῦτο
2962 944 3101 1013 ὅπερ
3134 943 3197 996 ὲν
3221 947 3287 1015 τῇ
3322 944 3573 999 συνθέσει
3606 962 3773 1016 κεχωο

2182 1038 2443 1111 ρισμένον
2472 1039 2812 1109 εὑρήκαμεν,
2852 1038 3316 1112 άπροσδιορίστως
3342 1038 3437 1093 τοῦ
3467 1040 3771 1104 Θεοτόκος,

2180 1132 2257 1197 ὡς
2290 1132 2385 1187 τοῦ
2419 1133 2565 1200 Θεὸς
2597 1132 2859 1204 ὀνόματος
2904 1133 3191 1203 πολλαχῶς
3234 1133 3553 1204 λεγομένου,
3598 1135 3773 1204 σχέσει

2183 1242 2302 1291 πως
2332 1226 2432 1294 τὴν
2474 1226 2570 1280 ἐπὶ
2619 1227 2678 1280 τὸ
2728 1226 2954 1290 εὐσεϐὲς
2990 1227 3326 1297 διασάφησιν
3368 1226 3483 1297 ἔχει
3507 1243 3524 1259 ·
3576 1229 3694 1280 νυνὶ
3720 1228 3773 1280 δὲ

2181 1317 2279 1371 τοῦ
2339 1318 2548 1389 κυρίως
2602 1314 2871 1373 καὶκατὰ
2918 1318 3183 1389 ἀλήθειαν
3249 1318 3658 1390 προσκειμένου
3709 1320 3771 1389 τῇ

2189 1410 2364 1479 φωνῇ,
2410 1409 2592 1480 πάσης
2630 1409 2890 1473 ἀσεϐείας
2915 1409 3013 1463 καὶ
3046 1409 3504 1481 άπερικαλῦπτου
3529 1409 3771 1481 βλασφη-

2187 1500 2317 1570 μίας
2348 1500 2519 1569 αὐτὴν
2552 1501 2970 1571 ἀνεπλήρωσαν.
2993 1501 3185 1571 Ὅμως
3221 1501 3529 1572 ὲρωτητέον
3558 1502 3774 1564 αὐτοὺς.

2183 1590 2236 1646 τί
2271 1590 2525 1661 βούλεται
2550 1593 2737 1654 αὐτοῖς
2761 1594 2795 1664 ἡ
2820 1592 2998 1647 τοιάδε
3017 1593 3305 1662 ὀνομασία,
3325 1595 3420 1648 καὶ
3451 1594 3597 1648 κατὰ
3623 1594 3775 1647 ποίαν

2182 1683 2369 1746 αὐτοῖς
2437 1684 2648 1739 ἔννοιαν
2680 1684 3033 1755 ὲξείληπταις
3084 1679 3265 1756 Ἀρα,
3305 1686 3383 1751 ὣς
3447 1704 3652 1758 φαμεν,
3682 1687 3778 1757 ap-

2186 1772 2490 1845 ρενοτόκον,
2569 1775 2603 1846 ἢ
2675 1774 2971 1846 θηλυτόκον
3046 1778 3284 1844 γυναῖκα
3306 1818 3322 1843 ,
3374 1777 3477 1847 τὴν
3532 1777 3778 1831 είωθεϊαν

488 1881 685 1935 parere
733 1867 1053 1928 consuevit,
1112 1866 1194 1923 sic
1248 1865 1530 1937 deiparam
1584 1873 1785 1921 vocant
1833 1873 2078 1920 sanctam

2191 1864 2427 1937 ἄρρενας
2475 1866 2509 1936 ἢ
2568 1866 2734 1937 θήλεα
2789 1866 3040 1934 τίκτειν,
3094 1868 3269 1933 οὕτως
3347 1869 3505 1924 αὐτοὶ
3564 1868 3779 1936 λέγουσι

490 1930 742 2023 illariam,
765 1974 888 2013 eam
915 1957 981 2012 ad
1007 1957 1145 2014 deos
1170 1930 1477 2030 gignendos
1500 1966 1686 2013 natam
1712 1957 1815 2013 hac
1839 1956 2083 2011 dictione

2191 1930 2452 2010 Θέίπόκον
2497 1930 2633 2027 τὴν.
2658 1959 2823 2026 ἁγίαν
2872 1930 3117 2031 Μαρίαν,
3168 1930 3326 2026 θεοὺς
3380 1961 3557 2032 αὐτὴν
3608 1930 3779 2031 πεφυ-

490 2050 914 2121 signiﬁcantes?
956 2051 1055 2107 sed
1084 2060 1219 2106 tunc
1243 2066 1386 2121 quos
1423 2050 1559 2107 deos
1595 2050 1854 2121 genuerit
1898 2049 2085 2105 dicant

487 2152 546 2200 et
576 2158 691 2198 rem
724 2143 967 2213 ignotam
1004 2142 1259 2199 doceant.
1304 2144 1388 2199 Au
1422 2141 1571 2213 quod
1616 2142 1791 2198 Deum
1837 2141 2030 2213 genuit
2063 2141 2086 2195 ?

491 2236 548 2292 Si
582 2237 749 2292 etiam
785 2236 877 2307 pio
924 2252 1031 2291 una
1062 2236 1184 2291 vice
1226 2235 1427 2291 volunt
1458 2232 1607 2289 istud
1636 2232 1953 2304 signiﬁcare
1989 2247 2087 2300 per

491 2329 659 2383 talem
708 2328 954 2399 Virginis
999 2327 1536 2392 denominationem,
1574 2326 1860 2381 nescimus
1899 2330 2085 2379 tamen

493 2438 565 2477 an
616 2421 793 2492 possit
838 2421 946 2476 hoc
991 2419 1288 2476 ostendere
1339 2419 1471 2474 talis
1505 2416 1750 2474 nominis
1787 2416 1989 2471 forma.

571 2713 591 2748 ι
617 2694 911 2765 Disperdet
937 2693 1201 2750 Dominus
1228 2692 1413 2750 omnia
1434 2691 1579 2747 labia
1611 2689 1825 2757 dolosa,
1842 2689 2086 2761 linguam

492 2788 924 2860 magniloquam,
965 2802 1063 2843 eos
1111 2787 1203 2857 qui
1244 2785 1483 2842 dicunt:
1520 2783 1783 2854 Linguam
1843 2791 2086 2837 nostram

495 2880 1013 2951 niagniticabimus;
1049 2879 1198 2935 labia
1250 2886 1433 2935 nostra
1489 2895 1520 2935 a
1555 2877 1716 2933 nobis
1753 2884 1922 2941 sunt;
1962 2876 2090 2945 quis

496 2981 685 3028 uoster
718 2972 989 3028 Dominus
1005 2971 1126 3027 est1
1149 2971 1172 3025 ?
1197 2990 1216 3024 ι
1244 2970 1439 3027 Dicitis
1460 2970 1641 3032 nobis,
1674 2984 1708 3025 o
1731 2983 1831 3025 vos
1857 2968 2093 3023 auctori-

492 3071 603 3118 tate
660 3063 835 3133 legem
893 3061 1155 3127 ferentes,
1206 3077 1318 3117 non
1369 3078 1439 3118 ex
1467 3076 1582 3116 uno
1615 3059 1713 3116 sed
1741 3075 1811 3116 ex
1837 3059 2093 3131 pluribus

491 3151 641 3208 natis
670 3168 871 3207 nomen
917 3152 1169 3225 accipere
1209 3152 1536 3224 parientem.
1584 3150 1848 3222 Nunquid
1900 3151 2089 3223 igitur,

494 3261 626 3301 eum
667 3246 988 3317 unigenitus
1012 3247 1085 3302 sit
1108 3247 1257 3303 Sara:
1287 3248 1459 3314 lsaac,
1492 3249 1661 3301 Annae
1702 3244 1945 3309 Samuel,
1971 3246 2087 3301 Eli-
2114 3277 2157 3336 ο

492 3338 686 3394 sabeth
714 3338 978 3403 Joannes,
1002 3347 1059 3394 et
1086 3339 1254 3395 Annae
1273 3339 1462 3405 Maria,
1486 3340 1532 3395 si
1561 3340 1690 3410 quis
1719 3339 1858 3393 istos
1887 3347 1944 3394 et
1966 3353 2083 3392 om-

493 3447 615 3496 nes,
647 3431 807 3501 plane
833 3431 1153 3502 quicunque
1212 3432 1301 3487 vel
1326 3447 1670 3503 quaecunque
1714 3448 1883 3487 unum
1908 3431 2081 3486 lilium

494 3532 591 3577 aut
622 3522 789 3577 tiliam
824 3539 989 3577 unam
1014 3533 1228 3579 tantum
1261 3523 1522 3578 habuisse
1537 3523 1879 3589 scribuntur,
1903 3524 2085 3578 nomi-

493 3629 630 3669 nare
652 3614 838 3679 vellet,
883 3628 952 3669 ex
991 3617 1258 3685 progenie
1287 3615 1574 3685 prolisque
1601 3624 1805 3670 natura
1854 3629 2083 3679 vocans,

494 3719 607 3758 non
651 3704 954 3774 mariparas
983 3704 1067 3759 vel
1096 3704 1455 3775 feminiparas
1508 3705 1741 3762 auderet
1769 3706 1977 3762 dicere.
2015 3705 2086 3761 Et

495 3794 644 3864 quis,
674 3794 882 3850 talibus
943 3795 1168 3862 auditis,
1199 3796 1317 3863 haec
1345 3806 1529 3853 vestra
1587 3798 1929 3869 sophismata
1970 3814 2083 3854 non

496 3885 776 3956 conspuit,
808 3886 1041 3943 omiseri
1066 3888 1089 3942 ?
1119 3888 1226 3945 Sed
1265 3898 1322 3945 et
1354 3890 1400 3946 si
1422 3905 1510 3946 res
1536 3901 1599 3946 ut
1631 3890 1790 3946 fertis
1813 3899 1965 3957 sunt,
1984 3906 2086 3947 vos

500 3977 599 4047 qui
628 3976 844 4033 nescire
877 3993 945 4032 an
969 3979 1232 4048 possibile
1258 3980 1331 4036 sit
1365 3980 1471 4036 hoc
1510 3981 1603 4035 tali
1637 3982 1880 4038 nominis
1904 3981 2085 4038 forma

496 4072 869 4128 demonstrari
899 4073 1107 4138 dicitis,
1136 4074 1416 4143 quomodo
1464 4090 1564 4131 vos
1587 4074 1989 4145 Christiparam
2030 4082 2089 4130 et

496 4163 903 4235 hominiparam
936 4180 1059 4219 eam
1114 4180 1237 4236 qua:
1274 4180 1467 4221 revera
1499 4166 1734 4237 Deipara
1760 4176 1847 4221 est
1887 4181 2089 4223 vocare

496 4257 841 4329 intelligitis?
870 4257 927 4314 Si
957 4259 1107 4314 enim
1136 4274 1204 4315 ex
1224 4274 1337 4314 uno
1376 4267 1537 4329 partu
1565 4274 1675 4314 non
1703 4267 1789 4315 est
1825 4261 2090 4331 possibile

499 4352 905 4421 parturientem
938 4351 1196 4423 accipere
1222 4367 1447 4417 nomen,
1476 4352 1562 4407 vel
1592 4352 1781 4423 plures
1807 4352 2087 4419 Christos,

495 4443 585 4498 vel
618 4458 788 4515 puros
809 4443 1063 4499 homines
1086 4444 1294 4513 putatis
1332 4443 1618 4514 peperisse
1670 4459 1882 4499 sacram
1912 4443 2092 4515 Virgi-

497 4551 651 4600 nem,
692 4535 784 4591 vel
810 4551 913 4591 nec
941 4535 1161 4599 habetis
1190 4534 1317 4590 talia
1333 4536 1560 4591 nomina
1589 4536 1659 4592 de
1690 4550 1757 4592 ea
1784 4535 2089 4593 adhibendi

2190 2048 2351 2101 κυίαν
2376 2046 2610 2112 τίκτειν,
2635 2048 2725 2102 διὰ
2758 2049 2859 2119 τῆς
2885 2051 3104 2104 τοιᾶσδε
3154 2051 3353 2119 λέξεως
3384 2052 3744 2123 σημαίνοντες
3758 2066 3777 2116 ς

2189 2140 2283 2193 καὶ
2335 2138 2523 2202 ποίους
2590 2138 2749 2204 θεοὺς
2803 2142 3119 2213 ἐγέννησεν,
3169 2146 3513 2207 εἰπάτωσαν,
3570 2145 3665 2199 καὶ
3722 2143 3781 2197 τὸ

2188 2232 2553 2303 ἀγνοούμενον
2581 2231 3011 2289 διδασκέτωσαν.
3060 2236 3135 2289 Ἢ
3179 2236 3263 2290 ὄτι
3292 2236 3424 2290 Θεὸν
3454 2237 3779 2306 ὲγέννησεν;

2188 2323 2254 2379 Ei
2291 2326 2387 2379 καὶ
2433 2324 2572 2397 πρὸς
2610 2325 2759 2393 ἅπαξ
2789 2324 2952 2379 τοῦτο
2993 2326 3239 2382 ἐθέλουσι
3269 2330 3539 2399 σημᾶναι,
3568 2327 3657 2382 διὰ
3686 2327 3779 2381 τοῦ

2189 2415 2367 2479 οὕτως
2392 2414 2685 2485 ὀνομάζειν
2718 2416 2819 2489 τὴν
2850 2417 3131 2491 Παρθένον
3150 2437 3165 2450 ο
3196 2417 3313 2473 ἀλλ’
3338 2418 3440 2473 οὐκ
3476 2420 3703 2490 οἴδαμεν
3733 2421 3778 2472 εί

2189 2508 2412 2565 δύναται
2447 2507 2612 2563 τοῦτο
2637 2508 2877 2581 δηλῶσαι
2905 2510 2967 2565 τὸ
2992 2510 3205 2566 τοιοῦτο
3238 2512 3426 2584 σχῆμα
3456 2513 3555 2568 τοῦ
3584 2514 3779 2585 ὀνόμα-

2188 2620 2306 2668 τος.

2266 2711 2287 2746 ι
2326 2692 2735 2767 Ἐξολοθρεύσει
2768 2692 2977 2767 Κύριος
3009 2695 3192 2752 πάντα
3222 2695 3291 2751 τά
3327 2696 3486 2768 χείλη
3509 2696 3581 2752 τὰ
3606 2696 3776 2760 δόλια,

2191 2781 2447 2851 γλῶσσαν
2487 2784 2970 2857 μεγαλορρήμονα,
3006 2786 3134 2850 τοὺς
3165 2787 3437 2852 εἰπόντας·
3466 2788 3581 2860 Τὴν
3602 2787 3777 2858 γλῶσ-

2195 2891 2296 2929 σαν
2323 2876 2483 2946 ἡμῶν
2515 2876 2963 2949 μεγαλυνοῦμενο
2995 2879 3065 2933 τὰ
3094 2879 3246 2950 χείλη
3291 2880 3453 2952 ἡμῶν
3485 2881 3621 2952 παρ’
3654 2881 3780 2952 ἡμῖν

2192 2969 2343 3022 ἐστι’
2372 2970 2462 3033 τίς
2495 2970 2654 3041 ἡμῶν
2681 2971 2888 3043 Κύριός
2915 2973 3100 3037 set-rw;
3135 2992 3152 3024 ι
3187 2973 3391 3026 Εἴπατε
3423 2975 3583 3045 ἡμῖν,
3608 2975 3658 3027 oi
3685 2974 3779 3028 αὑ-

2193 3058 2384 3132 θεντίᾳ
2426 3060 2871 3131 νομοθετοῦντες,
2908 3062 2982 3134 μὴ
3014 3062 3075 3129 ἐξ
3115 3062 3257 3128 ἐνὸς,
3288 3063 3407 3118 ἀλλ’
3429 3066 3499 3118 ὲκ
3526 3065 3780 3119 πλειόνων

2193 3153 2369 3206 τόκων
2396 3150 2690 3223 ὀνομάζειν
2725 3152 2825 3224 τὴν
2849 3154 3145 3207 τίκτουσαν
3168 3172 3187 3187 ν
3209 3151 3319 3229 ἆρα
3350 3152 3446 3210 οῦν
3479 3158 3602 3211 ἐπεὶ
3630 3173 3781 3228 μονοι-

2200 3244 2367 3315 γενὴς
2392 3248 2457 3316 τῇ
2492 3246 2682 3318 Σάρρᾳ
2710 3248 2739 3299 ὁ
2772 3245 2978 3311 Ἰσαὰκ,
3009 3249 3076 3317 τῇ
3116 3248 3288 3320 Ἀννη
3327 3248 3357 3301 ὀ
3397 3249 3677 3319 Σαμουὴλ,
3715 3249 3777 3318 τῇ

2202 3335 2484 3392 Ἐλισάϐετ
2535 3337 2565 3390 ὀ
2621 3337 2897 3407 Ἰωάννης,
2953 3340 3019 3407 τῇ
3077 3338 3248 3411 Ἀννῃ
3300 3339 3335 3409 ἡ
3395 3339 3656 3411 Μαριὰμ,
3686 3341 3776 3393 καὶ

2183 3427 2373 3493 ἁπλῶς
2419 3428 2623 3494 πάντες
2647 3429 2762 3483 ὅσοι
2801 3444 2861 3482 τε
2891 3429 2987 3482 καὶ
3012 3431 3135 3483 ὅσαι
3166 3429 3264 3485 ἕνα
3293 3430 3415 3485 υίὸν
3444 3430 3481 3502 ἢ
3509 3431 3774 3503 θυγατέρα

2189 3521 2319 3591 μίαν
2351 3521 2515 3591 μόνον
2548 3522 2972 3593 ἐπιγράφονται,
3014 3522 3117 3594 ἥδη
3169 3522 3295 3575 καθ’
3343 3523 3518 3593 ὑμᾶς,
3557 3524 3776 3587 τούτους

2184 3616 2300 3684 εἴγε
2337 3631 2424 3679 τις
2469 3612 2760 3684 ὀνομάζειν
2806 3613 3003 3679 ἐθέλοι,
3058 3614 3124 3668 ἐκ
3178 3632 3239 3668 τε
3293 3615 3388 3670 τοῦ
3428 3618 3656 3672 τοκετοῦ
3688 3616 3776 3669 καὶ

2184 3704 2285 3776 τῆς
2320 3704 2536 3774 φύσεως
2569 3702 2663 3757 τοῦ
2691 3702 2946 3775 τεχθέντε
2968 3720 2994 3767 ς
3023 3703 3225 3772 καλῶν,
3246 3706 3348 3759 οὐκ
3367 3708 3776 3778 άῤῥενοτόκους,

2184 3798 2219 3870 ἢ
2255 3797 2588 3868 θηλυτόκους
2637 3796 2905 3868 τολμήσοι
2938 3797 3152 3866 λέγεινς
3185 3798 3284 3853 καὶ
3311 3799 3397 3863 τίς
3423 3800 3688 3868 ἀκούσας,
3719 3799 3775 3853 οῦ

2186 3890 2496 3945 καταπτύει
2521 3888 2630 3943 τῶν
2662 3889 2923 3944 τοιούτων
2952 3890 3110 3961 ὑμῶν
3131 3891 3513 3962 σοφισμάτων,
3546 3888 3591 3947 ὧ
3616 3893 3773 3946 τάλα-

2191 3999 2313 4048 νες;
2350 3984 2399 4036 εί
2450 3981 2509 4035 δὲ
2561 3981 2655 4035 καὶ
2701 3980 2879 4045 οὕτως
2922 3977 3070 4053 εἶχεν
3104 3982 3180 4046 ὣς
3218 4000 3355 4052 φατε
3388 3986 3438 4037 οἱ
3475 3984 3551 4056 μὴ
3587 3980 3773 4038 εἰδέναι

2190 4079 2239 4130 εί
2277 4074 2503 4129 δυνατὸν
2546 4074 2704 4129 τοῦτο
2749 4073 3042 4144 δηλοῦσθαι
3077 4074 3166 4129 διὰ
3208 4076 3455 4130 τοιούτου
3506 4077 3775 4148 σχήματος

2189 4170 2469 4241 λέγοντες,
2499 4167 2619 4230 πῶς
2649 4168 2808 4238 ὑμεῖς
2850 4168 3218 4238 Χριστοτόκον
3247 4169 3345 4223 καὶ
3371 4169 3781 4240 ἁνθρωποτόκον

2189 4260 2379 4316 καλεῖν
2408 4260 2507 4330 τὴν
2533 4258 2713 4322 ὖντως
2744 4256 3010 4311 Θεοτόκον
3052 4259 3358 4327 συνείδετε;
3395 4261 3444 4313 εί
3472 4262 3586 4332 γὰρ
3612 4262 3675 4313 ἐκ
3694 4256 3780 4311 τοῦ

2192 4355 2312 4419 ἐνὸς
2362 4353 2527 4407 τόκου
2574 4352 2636 4406 οὐ
2694 4350 2920 4405 δυνατὸν
2959 4351 3323 4421 ὀνομάζεσθαι
3358 4351 3460 4423 τὴν
3504 4354 3781 4407 τίκτουσαν

2192 4443 2425 4510 τοιάνδε,
2475 4442 2509 4511 ἢ
2563 4440 2785 4505 πλείους,
2819 4442 3112 4511 Χριστοὺς,
3149 4441 3183 4512 ἢ
3246 4441 3435 4505 ἁπλῶς
3476 4441 3780 4514 ἀνθρώπους

2192 4534 2372 4589 οἴεσθε
2403 4533 2595 4587 τεκεῖν
2626 4532 2725 4603 τὴν
2763 4531 2929 4600 ἁγίαν
2963 4530 3265 4601 Παρθένον,
3298 4532 3331 4601 ἦ
3367 4532 3494 4586 οὐδὲ
3527 4532 3698 4587 ταῦτα
3718 4529 3781 4584 τὰ

499 4640 745 4691 causam,
770 4641 804 4681 o
833 4626 1152 4682 miserrimi.
1180 4626 1288 4683 Sed
1313 4628 1565 4699 sequitur
1579 4645 1647 4685 ex
1673 4639 1859 4686 vestra
1884 4646 2087 4700 suppo-

2196 4625 2440 4695 ὀνόματα
2474 4622 2649 4694 ἔχοιτε
2696 4621 2878 4692 λέγειν
2918 4621 3007 4674 ἐπ’
3042 4621 3234 4692 αὐτῆς,
3268 4621 3616 4677 ἀθλιώτατοι.
3636 4620 3781 4674 Ἀκό-

499 4718 704 4773 sitione
742 4732 924 4788 neque
968 4718 1198 4774 unicum
1240 4721 1463 4775 Patrem
1518 4722 1683 4777 unius
1719 4723 1843 4793 ejus
1876 4723 2001 4778 Filii
2032 4730 2091 4778 et

498 4809 671 4865 Verbi
731 4809 829 4865 Dei
870 4811 1176 4881 genitorem
1242 4812 1391 4879 diei;
1431 4814 1558 4882 quia
1610 4815 1837 4869 unicum
1872 4824 1931 4870 et
1976 4830 2089 4869 non

500 4901 689 4970 plures
728 4900 921 4971 genuit
948 4899 1109 4955 Deos.
1146 4900 1213 4956 Et
1235 4902 1514 4971 quomodo
1537 4919 1664 4958 eum
1717 4918 1839 4959 esse
1868 4905 2092 4974 proprie

498 4992 599 5047 Dei
619 4993 925 5064 genitorem
955 4993 1181 5049 dicitis?
1200 4993 1298 5049 sed
1319 5010 1451 5049 vere
1469 4995 1722 5051 dicentes
1747 5014 1761 5051 :
1789 5013 1809 5048 ι
1841 4996 1953 5051 Vos
1969 5010 2091 5052 esse

501 5085 781 5156 sapientes
813 5086 968 5141 stulti
996 5085 1123 5142 facti
1149 5088 1305 5153 estis,
1345 5098 1402 5143 et
1439 5088 1793 5143 obscuratum
1840 5098 1926 5143 est
1952 5087 2092 5143 insi-

501 5176 662 5246 piens
678 5192 776 5231 cor
791 5185 1038 5233 vestrum
1056 5186 1121 5232 ω.
1149 5197 1167 5231 ι
1204 5178 1362 5233 Tune
1380 5177 1530 5235 enim
1558 5177 1948 5233 tantummodo
1971 5177 2097 5247 plu-

502 5267 642 5321 ritas
695 5268 764 5322 ad
824 5268 1339 5326 denominationem
1388 5269 1735 5325 denominati
1786 5268 2093 5334 confertur,

501 5375 630 5414 cum
663 5360 914 5431 subjecta
945 5377 1056 5427 res,
1084 5377 1319 5417 numero
1341 5361 1565 5432 quidem
1588 5361 1800 5431 plures,
1826 5360 2093 5433 singulari

503 5459 689 5505 autem
716 5451 1043 5507 charactere
1101 5452 1344 5507 nominis
1382 5453 1632 5523 usurpati
1674 5461 1937 5522 tanquam
1970 5450 2060 5506 col

502 5540 688 5596 lectivi
716 5542 1099 5613 designantur.
1123 5543 1216 5600 Sic
1262 5544 1523 5599 videlicet
1556 5544 1688 5599 vitis
1726 5560 1837 5599 una
1872 5544 2092 5598 vineam

503 5646 616 5687 non
642 5635 982 5703 constituet;
1019 5652 1124 5692 nec
1152 5636 1361 5691 vitibus
1405 5635 1646 5692 feracem
1697 5636 1959 5707 depinget
1998 5635 2098 5690 ali-

507 5723 633 5791 quis
662 5725 827 5781 talem
852 5730 1159 5800 regionem,
1206 5744 1311 5784 nec
1342 5727 1687 5800 frugiferam,
1719 5744 1825 5786 nec
1849 5727 2099 5796 piscibus

592 5907 609 5947 ³
647 5909 790 5965 Psal.
818 5926 893 5976 xu,
928 5909 1042 5976 4,5.
1120 5922 1158 5950 ω
1188 5911 1349 5967 Rom.
1381 5927 1418 5976 ι,
1449 5910 1545 5964 ‘22.

2199 4715 2393 4770 λουθον
2455 4713 2512 4767 δὲ
2561 4715 2629 4784 τῇ
2671 4711 2918 4784 ἡμετέρᾳ
2959 4711 3238 4779 ὑποθέσει,
3285 4712 3422 4782 μηδὲ
3468 4713 3564 4767 τὸν
3632 4711 3781 4783 μόνον

2204 4810 2430 4880 Πατέρα
2460 4804 2555 4859 τοῦ
2591 4806 2755 4874 μόνου
2795 4803 2929 4857 Υἱοῦ
2976 4803 3142 4859 αὑτοῦ
3170 4805 3266 4859 καί⁸
3289 4805 3468 4874 Λόγου
3497 4805 3632 4859 Θεοῦ
3662 4819 3778 4872 γεν-

2200 4901 2405 4973 νήτορα
2450 4895 2741 4966 λέγεσθαιο
2792 4894 2917 4949 ἐπεὶ
2965 4895 3063 4948 ἕνα
3122 4896 3285 4966 μόνον
3332 4896 3429 4949 καὶ
3482 4896 3545 4950 οὐ
3577 4892 3780 4955 πλείους

2199 4990 2359 5044 ἔτεκε
2399 4988 2530 5052 τοὺς
2575 4988 2732 5053 θεούς
2755 5004 2770 5019 ο
2805 4986 2900 5040 καὶ
2938 4986 3059 5051 πῶς
3105 4987 3271 5041 αὑτὸν
3300 4981 3441 5041 εἶναι
3468 4988 3559 5042 τὸν
3586 4985 3778 5056 κυρίως

2199 5081 2463 5137 Θεοτὸκον
2478 5082 2701 5151 λέγετες
2726 5099 2745 5133 ι
2771 5079 2914 5135 Ἀλλ’
2932 5079 3102 5143 ὅντως
3121 5080 3425 5147 φάσκοντες
3449 5077 3590 5134 εἶναι
3612 5075 3773 5146 σοφοὶ,

2200 5172 2563 5245 ὲμωράνθητε
2585 5188 2599 5203 ·
2629 5172 2726 5227 καὶ
2772 5171 3067 5242 ἐσκοτίσθη
3111 5173 3143 5243 ή
3186 5171 3447 5236 ἀσύνετος
3475 5170 3627 5242 ὑμῶν
3657 5183 3778 5238 καρο

2201 5263 2312 5318 δία.
2345 5282 2364 5316 ι
2396 5263 2533 5317 Τότε
2564 5262 2676 5333 γὰρ
2700 5263 2862 5334 μόνον
2885 5262 3174 5334 τὺζπλῆθος
3193 5264 3333 5334 πρὸς
3373 5262 3570 5335 κυρίαν
3590 5261 3775 5329 ὀνομα-

2205 5355 2328 5408 σίαν
2366 5354 2463 5407 τοῦ
2507 5353 2913 5425 ὀνομαζομένου
2967 5353 3363 5424 συμϐάλλεται,
3406 5355 3535 5408 ὅταν
3567 5346 3774 5404 πλείονα

2199 5463 2325 5499 τινα
2354 5445 2434 5515 τῷ
2467 5445 2689 5518 ἀριθμῷ
2724 5445 3083 5516 ὑποκείμενα,
3133 5444 3298 5515 ἑνικῷ
3346 5444 3649 5517 χαρακτῆρι
3684 5437 3770 5493 τοῦ

2202 5538 2463 5608 ὀνόματος
2489 5538 2583 5592 τοῦ
2605 5538 2906 5610 λεγομένου
2938 5538 3015 5601 ὡς
3044 5538 3397 5610 περιεκτικοῦ
3432 5537 3768 5609 σημαίνεται’

2204 5633 2348 5689 κατὰ
2386 5632 2580 5687 τοῦτον
2615 5633 2725 5705 γὰρ
2769 5632 2862 5686 τὸν
2912 5632 3138 5703 τρόπον,
3169 5631 3416 5702 ἄμπελος
3445 5631 3540 5701 μία
3569 5629 3656 5680 τὸν
3677 5624 3773 5692 ἀμ-

2207 5724 2426 5781 πελῶνα
2455 5727 2515 5779 οὐ
2555 5726 2889 5797 συστήσεται
2913 5741 2925 5752 ·
2958 5725 3083 5780 οὐδὲ
3130 5724 3514 5798 ἀμπελοφόρον
3552 5716 3680 5776 εἶναι
3716 5713 3770 5768 τὸ
