4116 6444
400 476 537 542 Ιε53

1352 480 1749 541 ADVERSUS
1786 479 2412 541 NESTORMNOS.—
2445 479 2591 539 LIB.
2641 479 2740 539 IV.

3528 452 3665 541 16.54

396 590 596 663 χωρίον
637 587 931 660 διαγράφει
978 605 1064 652 τις
1102 587 1302 652 οὕτως,
1350 589 1473 642 οὐδὲ
1532 591 1903 661 καρποφόρον,
1944 592 1979 663 ἢ

2103 587 2382 643 a‘ecundam
2419 604 2639 658 aquam.
2672 587 2781 642 Sed
2805 587 2921 641 haec
2959 594 3090 641 sunt
3138 586 3337 656 prima:
3360 594 3558 642 vestra:
3607 589 3665 643 in

400 683 711 754 ίχθυσγόνον
743 680 803 734 τὸ
845 680 1008 752 ὕδωρ.
1059 680 1219 735 Ἀλλὰ
1247 682 1420 735 ταῦτα
1449 682 1550 751 μὲν
1592 683 1660 735 τὰ
1705 683 1805 752 τῆς
1834 682 1980 752 πρώ-

394 776 494 842 τῆς
522 773 680 844 ὑμῶν
725 771 851 827 καθ’
883 771 1043 842 ἡμῶν
1079 771 1340 842 μέμψεως
1360 788 1374 803 ·
1406 771 1756 838 ὲξαταξέσθω
1785 775 1842 828 δὲ
1885 776 1982 828 καὶ

396 866 465 919 τὰ
491 864 619 935 ἑξῆς
646 865 778 935 ὑμῖν
810 865 1079 935 εἰρημένα
1114 863 1433 935 βλάσφημα,
1469 865 1565 919 καὶ⁵
1607 867 1683 937 μὴ
1720 864 1983 920 λανθανέ-

398 973 477 1010 τω
506 953 657 1017 τινὰς
687 952 763 1025 μὴ
790 952 1244 1026 στηλιτευόμενα.

1007 1067 1258 1121 ΚΕΦΛΔ.
1299 1065 1374 1121 B'.

474 1158 582 1212 Τοῦ
641 1159 797 1224 Θεὸς
847 1158 1137 1229 ὀνόματος,
1172 1160 1326 1227 φασὶ,
1349 1158 1637 1229 πολλαχῶς
1686 1159 1989 1231 λεγομένου

410 1251 560 1322 παρὰ
601 1253 669 1322 τῇ
715 1250 832 1323 θείᾳ
869 1251 1085 1321 Γραφῇ,
1124 1243 1241 1303 οἷον
1288 1251 1523 1321 ἐπείπερ
1569 1270 1588 1304 ι
1626 1246 1723 1315 Εἷς
1759 1252 1892 1313 Θεὸς
1930 1253 1989 1316 ὃς

410 1342 691 1397 δικαιώσει
742 1343 1047 1413 περιτομὴν
1094 1344 1160 1397 ὲκ
1206 1342 1444 1406 πίστεως
1480 1342 1575 1397 καὶ
1621 1342 1991 1414 ἀκροϐυστίαν

411 1436 502 1490 διὰ
525 1436 624 1505 τῆς
650 1436 908 1498 πίστεως·
936 1453 954 1487 ι
986 1436 1080 1488 καὶ¹
1108 1434 1294 1500 πάλιν,
1320 1452 1341 1486 ι
1362 1434 1420 1488 '0
1449 1434 1581 1498 Θεὸς
1608 1433 1740 1503 έστη
1772 1435 1831 1487 ἐν
1864 1451 1991 1489 συν-

410 1528 601 1596 αγωγῇ
632 1526 791 1590 θεῶν,
826 1527 886 1579 ὲν
926 1525 1077 1597 μέσῳ
1116 1526 1175 1579 δὲ
1212 1525 1370 1589 θεοὺς
1394 1526 1684 1596 διακρινεί⁶
1720 1545 1740 1579 ι
1771 1526 1865 1578 καὶ
1892 1525 1989 1581 αὖ·

406 1619 509 1679 θις·
547 1636 566 1668 ι
607 1618 819 1687 Ὥσπερ
855 1616 963 1671 εἶσὶ
1014 1616 1128 1671 θεοὶ
1155 1617 1343 1671 πολλοὶ
1384 1618 1477 1670 καὶ
1512 1617 1693 1687 κύριοι
1715 1617 1923 1681 πολλοὶ,
1966 1637 1985 1669 ι

406 1712 549 1761 κατὰ
589 1711 743 1763 ποῖον
772 1708 1088 1777 ὲξείληπται
1116 1709 1519 1780 σημαινόμενον
1544 1711 1729 1772 αὐτοῖς
1757 1709 1993 1763 ἐνταῦθα

406 1798 467 1852 τὸ
492 1800 639 1865 Θεὸς
671 1800 841 1868 ὄνομα
870 1800 964 1853 ἐπὶ
1008 1799 1112 1870 τῆς
1156 1800 1455 1868 Θεοτόκου;
1494 1801 1653 1855 Κατὰ
1686 1801 1748 1853 τὸ
1776 1800 1995 1871 πρῶτον

404 1892 544 1963 ὅπερ
575 1892 693 1945 ἐστὶ
734 1893 897 1960 φύσει
941 1891 1122 1961 λέγειν
1167 1892 1332 1956 Θεὸν,
1368 1893 1401 1963 ἢ
1455 1892 1598 1946 κατά
1645 1893 1707 1946 τὸ
1738 1892 1993 1963 δεύτερον

410 1984 656 2038 τουτέστι
690 1984 856 2049 θέσει,
895 1984 927 2056 ἢ
961 1984 1102 2039 κατὰ
1140 1984 1202 2038 τὸ
1233 1984 1417 2056 τρίτον
1443 1984 1581 2055 ὅπερ
1611 1985 1732 2038 ἐστὶ
1771 1985 1831 2039 τὸ
1858 1986 1994 2055 ψευ-

407 2075 527 2143 δές;
563 2075 700 2131 ἀλλὰ
730 2077 873 2132 κατὰ
900 2078 961 2130 τὸ
989 2076 1241 2148 ὕστερον,
1274 2077 1376 2131 οὐκ
1424 2077 1494 2131 ἂν
1538 2078 1767 2144 εῐποιεν,
1798 2079 1920 2132 οὐδὲ
1944 2080 1994 2132 εἰ

407 2168 665 2238 δαίμονες
718 2168 985 2238 γένοιντο.
1036 2169 1177 2222 Ἀλλ’
1236 2170 1287 2223 ει
1322 2169 1467 2224 κατὰ
1517 2170 1579 2223 τὸ
1622 2170 1871 2240 δεύτερον
1903 2171 1995 2224 λέ-

410 2276 583 2328 γοιεν,
610 2261 847 2314 ἴστωσαν
875 2261 959 2314 ὅτι
990 2260 1122 2324 Θεὸς
1158 2260 1307 2314 θέσει
1339 2261 1439 2315 οὐκ
1462 2261 1716 2330 ἄγγελος,
1739 2263 1839 2315 οὐκ
1871 2261 1995 2316 ἄλο-

408 2368 507 2419 γον
547 2350 709 2414 ζῶον,
740 2350 803 2405 οῦ
846 2370 899 2405 τι
949 2351 1058 2406 τῶν
1113 2352 1431 2423 κτισμάτων
1477 2352 1676 2424 ἐλέχθη
1734 2352 1886 2423 παρὰ
1924 2355 1992 2425 τῇ

410 2442 535 2514 θείᾳ
575 2444 764 2514 Γραφῇ
815 2461 967 2499 ποτε,
1007 2444 1079 2496 Ἣ
1122 2444 1540 2513 ἀνθρωποτόκον
1586 2444 1677 2499 οῦν
1716 2462 1850 2515 φασι
1893 2446 1996 2516 τὴν

414 2533 683 2604 παρθένον
709 2536 896 2603 φύσει;
923 2534 1040 2588 ἀλλ’
1062 2535 1421 2604 ἐπιλέλησμαι
1439 2535 1537 2605 τῆς
1558 2536 1874 2607 προσθήκης
1898 2535 1994 2590 τοῦ

414 2626 632 2693 κυρίως
657 2626 753 2680 καλ⁵
785 2626 935 2681 κατὰ
963 2625 1272 2692 ἀλήθειαν
1307 2626 1370 2679 τὸ
1403 2626 1511 2697 γάρ
1547 2628 1764 2695 κυρίως
1800 2626 1998 2698 παρεί-

414 2716 482 2787 λη
494 2733 624 2770 πται
649 2718 837 2780 αὐτοῖς
867 2718 960 2770 ἐπὶ
992 2716 1225 2786 δηλώσει
1252 2715 1349 2769 τοῦ
1383 2717 1544 2785 φύσει
1571 2716 1706 2773 Θεὸν
1736 2733 1998 2789 γεγεννη-

416 2806 573 2861 κέναι
597 2807 694 2878 τὴν
728 2808 1025 2878 Παρθένον·
1057 2807 1172 2865 ἀλλ’
1207 2810 1256 2861 εί
1284 2808 1557 2879 ἐνδέχεται
1584 2806 1764 2875 τοῦτο,
1793 2808 1891 2861 καὶ
1922 2807 1997 2880 μὴ

418 2903 717 2957 ἀντίκειται
742 2903 852 2965 τοῖς
882 2904 1082 2965 κοινοῖς
1112 2902 1548 2971 όμολογήμασιν,
1582 2901 1801 2972 ίδωμεν.
1835 2902 2000 2971 Ὁμο-

419 2994 638 3061 λογοῦσι
661 2995 768 3065 γὰρ
792 2994 1064 3065 ἄτρεπτον
1088 2990 1227 3047 εἶναι
1250 2994 1342 3046 τὸν
1366 2994 1500 3047 Θεὸν
1516 2993 1689 3060 Λόγον
1716 2993 1807 3045 καὶ
1835 2992 1999 3046 ἀναλ-

417 3085 641 3141 λοίωτον
669 3087 813 3140 κατὰ
841 3087 938 3158 τὴν
968 3086 1183 3140 ἔκθεσιν
1222 3086 1331 3139 τῶν
1360 3086 1555 3140 κοινῶν
1596 3086 1856 3155 Πατέρων
1895 3085 1999 3155 τῆς

422 3177 481 3227 ὲν
515 3174 721 3247 Νικαίᾳ
768 3175 914 3244 λέγω
969 3175 1208 3231 συνόδου·
1245 3176 1274 3228 0
1308 3175 1365 3228 δὲ
1396 3174 1668 3245 ἄτρεπτος
1707 3175 1803 3227 καὶ
1836 3174 1999 3229 ἀναλ-

419 3266 663 3331 λοίωτος,
692 3265 817 3320 οὔτε
848 3266 1048 3338 χείρων
1074 3266 1271 3319 ἑαυτοῦ
1301 3267 1615 3336 γενήσεται,
1655 3266 1779 3319 οὔτε
1806 3265 1995 3335 κρείτ-

418 3374 549 3420 των,
572 3357 689 3411 ἀλλ’
714 3359 802 3412 ἀεὶ
831 3358 973 3413 κατὰ
1002 3358 1063 3412 τὸ
1093 3358 1225 3412 αὐτὸ
1258 3358 1431 3429 μένει,
1470 3358 1544 3427 μὴ
1592 3357 1996 3428 ἀλλοιούμενος,

420 3451 591 3512 ἀΐδιος
616 3449 712 3504 ῶνο
738 3452 832 3504 καὶ
856 3451 1113 3504 οὐδέποτε
1136 3452 1236 3503 οὐκ
1276 3451 1373 3515 ὢν,
1412 3450 1591 3521 ἀρχὴν
1622 3449 1718 3502 τοῦ
1757 3445 1898 3504 εἶναι
1928 3449 2004 3520 μὴ

420 3539 735 3611 δεξάμενος·
774 3540 1101 3611 θεασώμεθα
1129 3542 1260 3611 γοῦν
1293 3542 1343 3595 εί
1373 3542 1448 3612 μὴ
1481 3542 1635 3595 λύσει
1658 3541 1911 3613 γέννησις
1941 3544 2006 3595 ὲκ

423 3632 681 3699 γυναικὸς
715 3634 1168 3707 κατηγορουμένη
1203 3634 1300 3688 τοῦ
1328 3634 1465 3689 Θεοῦ
1487 3634 1664 3702 Λόγου
1694 3634 1809 3704 ἢτὸ
1838 3634 2007 3688 ἀΐδιον

426 3722 614 3789 αὐτοῦ,
652 3724 687 3794 ἢ
713 3724 775 3778 τὸ
823 3725 1205 3792 ἀναλλοίωτον,
1242 3727 1339 3782 καὶ
1370 3726 1603 3781 καθόλου
1636 3726 1707 3779 τὰ
1737 3726 2010 3797 προσόντα

427 3814 577 3886 αύτῷ
623 3816 720 3869 καὶ
758 3816 1171 3888 ὁμολογούμενα
1203 3819 1331 3888 παρ’
1360 3818 1520 3889 ήμῶν
1546 3816 1746 3881 κοινῶς
1776 3818 1852 3882 ώς
1886 3816 2009 3891 Θεῷ

429 3910 525 3962 καὶ
549 3909 658 3962 τῶν
696 3909 970 3963 ἁπάντων.

497 4081 614 4135 Νῦν
658 4081 760 4135 οὐκ
806 4082 871 4135 ὲκ
916 4081 1012 4136 τοῦ
1051 4083 1128 4154 μὴ
1161 4083 1412 4149 πολλοὺς,
1461 4084 1580 4137 ἀλλ’
1620 4085 1684 4137 ὲκ
1718 4083 1815 4138 τοῦ
1877 4085 2013 4157 μηδὲ

428 4173 523 4227 τὸν
552 4173 647 4226 ἕνα
670 4173 832 4227 αὑτὸν
861 4174 953 4227 τὸν
988 4174 1249 4245 τεχθέντα
1293 4177 1501 4246 κυρίως
1531 4171 1673 4230 εἶναι
1695 4176 1851 4244 Θεὸν,
1879 4179 2012 4232 ἀνα-

2083 695 2184 733 nos
2216 680 2663 749 reprehensionis
2694 689 2915 749 puncta.
2942 679 3101 733 Nunc
3130 691 3314 734 autem
3344 696 3670 735 recensean-

2083 781 2175 827 tur
2200 782 2258 829 et
2308 782 2606 843 sequentes
2661 782 2861 829 vestrae
2887 773 3262 844 blasphemia,
3293 783 3350 830 et
3386 774 3666 830 neminem

2088 864 2259 918 lateat
2287 878 2380 919 eas
2410 879 2539 918 esse
2562 863 2871 919 damnatas.

2720 1064 2873 1123 CAP.
2907 1067 2974 1122 11.

2161 1160 2372 1215 Nomen
2407 1159 2574 1224 Deus,
2604 1158 2784 1224 aiunt,
2832 1160 2986 1213 vario
3042 1158 3206 1213 modo
3243 1157 3391 1229 apud
3423 1158 3668 1213 divinam

2094 1251 2436 1321 Scripturam
2477 1258 2777 1322 usurpatur
2808 1268 2822 1303 :
2856 1251 3009 1305 verbi
3072 1252 3265 1320 gratia,
3304 1251 3488 1305 ιυηυε
3524 1252 3672 1307 Deus

2089 1347 2185 1416 qui
2214 1344 2539 1416 justificabit
2584 1345 3065 1400 eircumcisionem
3098 1361 3164 1399 ex
3198 1345 3302 1405 [ide
3352 1354 3407 1399 et
3452 1361 3672 1415 prmpu-

2092 1438 2230 1492 tium
2265 1453 2363 1507 per
2399 1437 2563 1492 ﬁdem
2581 1446 2662 1491 ιι.)
2689 1438 2751 1493 Et
2789 1453 3013 1491 rursum
3051 1454 3065 1491 :
3098 1437 3272 1491 «Deus
3298 1436 3452 1491 stetit
3483 1436 3535 1490 in
3592 1452 3675 1503 sy-
3765 1444 3771 1450 '

2091 1547 2302 1602 nagoga
2324 1532 2580 1595 deorum,
2600 1531 2653 1585 in
2675 1530 2859 1585 medio
2890 1538 3071 1585 autem
3093 1530 3227 1584 deos
3253 1528 3580 1599 diiudicat".
3605 1531 3676 1588 Et

2092 1628 2279 1683 adhuc
2311 1645 2324 1681 :
2364 1646 2383 1678 ‹
2419 1626 2576 1682 Sicut
2598 1634 2728 1682 sunt
2759 1625 2835 1680 dii
2868 1625 3027 1682 multi
3059 1634 3117 1680 et
3142 1625 3350 1681 domini
3384 1624 3544 1679 multi
3568 1631 3618 1677 ι’.
3651 1644 3671 1677 ι

2092 1719 2340 1787 Quonam
2366 1736 2534 1790 porro
2558 1735 2722 1774 sensu
2748 1718 2842 1772 hic
2872 1717 3116 1772 indicato
3148 1732 3350 1771 nomen
3375 1718 3518 1772 Deus
3549 1733 3678 1771 cum

2094 1814 2274 1885 agitur
2292 1813 2360 1867 de
2389 1813 2661 1882 Deipara?
2688 1812 2830 1866 Num
2861 1811 2918 1866 in
2949 1811 3149 1882 primo,
3175 1809 3230 1865 id
3262 1820 3365 1877 est,
3399 1812 3543 1866 Deus
3582 1828 3681 1867 na-

2097 1914 2259 1968 tura;
2293 1913 2389 1959 aut
2420 1903 2473 1958 in
2497 1902 2760 1969 secundo,
2797 1902 2853 1957 id
2912 1913 2994 1959 est
3030 1904 3176 1959 Deus
3215 1903 3544 1973 adoptione;
3584 1912 3680 1960 aut

2098 1999 2153 2053 in
2181 2000 2345 2055 tertio
2382 1999 2476 2069 qui
2509 2006 2594 2053 est
2609 1998 2779 2053 falsus
2805 1998 2828 2050 ?
2853 1997 2960 2053 Sed
2984 1998 3040 2051 in
3070 2005 3354 2067 postremo
3392 2013 3679 2067 nunquam

2096 2089 2371 2152 dicerent,
2407 2103 2477 2141 ne
2506 2087 2552 2141 si
2602 2087 2879 2142 daemones
2915 2086 3139 2156 quidem
3187 2095 3394 2141 essent.
3425 2086 3581 2152 Quod
3632 2086 3680 2141 si

2096 2180 2153 2233 in
2189 2176 2434 2232 secundo
2464 2176 2735 2239 dicerent,
2768 2176 2945 2230 sciant
2971 2177 3143 2229 Deum
3191 2176 3488 2244 adoptione
3534 2193 3681 2232 nun—

2096 2281 2259 2336 quam
2281 2279 2460 2333 neque
2481 2263 2757 2334 angelum,
2788 2278 2967 2331 neque
2999 2263 3319 2317 irrationale
3341 2263 3565 2328 animal,
3585 2280 3683 2318 ne-

2096 2373 2202 2426 que
2227 2357 2393 2411 ullam
2455 2371 2524 2409 ex
2557 2354 2828 2409 creaturis
2853 2354 3180 2408 allirmatum
3216 2354 3386 2409 fuisse
3417 2353 3474 2408 in
3494 2354 3681 2409 divina

2095 2450 2405 2519 Scriptura.
2427 2448 2569 2503 Num
2598 2446 2766 2516 igitur
2788 2445 3100 2500 inbominis
3133 2445 3459 2516 genitricem
3487 2445 3686 2499 dicunt

2097 2537 2421 2609 Virginem?
2458 2536 2567 2591 Sed
2600 2535 2900 2589 obliviscor
2914 2533 3069 2587 verbi
3098 2535 3309 2604 proprie
3323 2542 3379 2588 et
3402 2535 3681 2588 veraciter.

2096 2630 2233 2685 Nam
2272 2628 2505 2683 verbum
2531 2628 2742 2697 proprie
2764 2626 2832 2680 ab
2854 2626 2991 2696 ipsis
3020 2634 3318 2695 usurpatur
3352 2624 3420 2679 ad
3450 2624 3685 2679 demon-

2097 2720 2386 2776 strandum
2422 2718 2692 2788 virginem
2715 2718 2973 2787 genuisse
3004 2718 3173 2772 Deum
3203 2724 3419 2772 natura.
3463 2716 3573 2771 Sed
3602 2718 3688 2770 vi-

2098 2811 2329 2865 deamus
2363 2819 2549 2863 utrum
2584 2808 2910 2861 admittatur
2938 2807 3073 2861 illud
3099 2816 3155 2861 et
3199 2823 3311 2862 non
3359 2808 3687 2862 adversetur

2097 2899 2488 2954 communibus
2517 2897 2805 2953 confessis.
2850 2896 3117 2951 Fatentur
3163 2898 3311 2951 enim
3345 2897 3515 2951 Deum
3545 2898 3688 2952 Ver-

2100 2994 2230 3048 bum
2271 2991 2669 3046 immutabilem
2708 3004 2828 3043 esse
2870 2998 2926 3043 et
2959 2989 3136 3043 omnis
3165 2990 3545 3043 conversionis
3587 3005 3687 3044 ex-

2097 3092 2333 3155 pertem,
2345 3083 2646 3138 secundum
2663 3081 3059 3149 expositionem
3073 3081 3447 3135 communium
3463 3082 3690 3139 Patrum

2098 3173 2320 3226 Nicena:
2339 3160 2551 3240 synodi.
2593 3168 2748 3234 Quod
2779 3166 2947 3237 igitur
2971 3175 3053 3221 est
3108 3167 3449 3224 immutabile
3475 3177 3529 3224 et
3554 3183 3691 3223 con-

2104 3262 2377 3317 versionis
2402 3274 2618 3329 expers,
2651 3274 2831 3327 neque
2864 3259 3047 3328 seipse
3085 3258 3267 3314 minor
3293 3275 3472 3329 neque
3516 3263 3695 3332 major

2107 3357 2222 3419 tiet,
2255 3352 2351 3408 sed
2383 3366 2602 3421 semper
2631 3350 2775 3405 idem
2806 3358 3011 3413 manet,
3043 3365 3153 3405 non
3182 3359 3449 3416 mutatus,
3480 3368 3603 3407 cum
3623 3353 3697 3406 sit

2103 3455 2363 3510 aeternus,
2393 3452 2451 3498 et
2476 3456 2755 3511 nunquam
2778 3454 2889 3495 non
2916 3440 3205 3501 exsistens,
3230 3455 3355 3494 cum
3393 3440 3697 3496 exsistendi

2108 3537 2325 3591 initium
2355 3549 2464 3589 non
2520 3532 2818 3601 acceperit.
2877 3531 3307 3587 Consideremus
3355 3531 3525 3601 igitur
3564 3548 3699 3586 num

2108 3629 2359 3700 obiectus
2394 3626 2561 3681 Verbi
2596 3624 2693 3679 Dei
2726 3630 2920 3694 partus
2962 3638 3029 3677 ex
3086 3624 3317 3678 muliere
3357 3624 3533 3678 solvet
3582 3624 3700 3678 sive

2109 3722 2231 3793 ejus
2282 3718 2666 3780 aeternitatem,
2733 3716 2848 3770 sive
2895 3714 3417 3781 immutabilitatem,
3478 3726 3535 3771 et
3589 3732 3701 3770 uno

2110 3814 2303 3879 verbo,
2337 3810 2487 3881 quod
2534 3809 2637 3879 ipsi
2689 3808 2985 3863 essentiale
3033 3817 3138 3873 est,
3181 3808 3438 3878 quodque
3480 3809 3588 3879 ipsi
3640 3818 3703 3865 ut

2112 3910 2225 3964 Deo
2252 3905 2575 3961 attribuitur
2610 3910 2725 3958 tum
2748 3918 2780 3957 a
2809 3902 2994 3968 nobis,
3021 3910 3135 3957 tum
3161 3903 3324 3958 simul
3370 3912 3427 3958 et
3478 3904 3548 3959 ab
3571 3904 3717 3959 'omq,

2111 4002 2295 4057 nibus.

2185 4093 2343 4147 Nunc
2367 4105 2476 4145 non
2509 4104 2577 4143 ex
2606 4102 2675 4142 eo
2704 4085 2850 4157 quod
2884 4102 2994 4140 non
3024 4085 3184 4141 multi
3211 4086 3323 4140 sint
3375 4087 3475 4151 dii,
3507 4086 3603 4142 sed
3634 4103 3705 4143 eo

2116 4184 2263 4256 quod
2292 4199 2394 4238 nec
2437 4196 2581 4236 unus
2621 4180 2738 4250 ipse
2780 4181 3002 4249 genitus
3052 4187 3108 4235 et
3136 4179 3357 4249 proprie
3406 4179 3552 4234 Deus
3607 4181 3703 4245 sit,

431 4263 656 4333 τρέπειν
683 4264 783 4336 τὴν
822 4264 915 4317 ἐπὶ
947 4267 1045 4336 τῆς
1088 4265 1248 4335 ἁγίας
1295 4266 1576 4338 Παρθένου
1616 4266 1714 4339 τὴν
1740 4270 1843 4336 τῆς
1883 4270 2003 4323 Θεο-

2117 4283 2444 4333 convertere
2469 4287 2589 4327 eam
2618 4287 2740 4341 qua:
2782 4270 2850 4326 de
2903 4278 3093 4325 sancta
3142 4270 3369 4340 Virgine
3415 4270 3561 4325 dicta
3622 4282 3713 4325 est-

430 4358 591 4411 τόκου
621 4357 804 4427 φωνῆς
831 4357 1040 4411 ἔννοιαν
1078 4358 1283 4428 κυρίως
1311 4354 1478 4413 οὖσαν
1504 4359 1600 4413 καὶ
1623 4359 1840 4429 ἀληθῶς
1864 4360 2019 4430 λεγο-

2118 4368 2341 4441 proprie
2359 4374 2416 4420 et
2436 4363 2707 4418 veraciter
2760 4362 2914 4416 vocis
2972 4362 3218 4428 Deipam
3259 4362 3538 4417 notionem
3586 4363 3711 4417 ausi

437 4447 625 4517 μένην,
671 4447 1027 4517 ἐτολμήσατε.
1068 4448 1141 4501 Τὸ
1170 4450 1278 4520 γὰρ
1313 4449 1458 4516 Θεὸς
1486 4448 1682 4520 ὕνομα,
1715 4451 2003 4522 ὁμωνύμως

2118 4461 2275 4517 estis.
2309 4460 2521 4514 Nomen
2541 4457 2690 4511 enim
2720 4457 2865 4510 Deus
2892 4455 3099 4525 pariter
3120 4470 3227 4509 una
3252 4454 3458 4510 dictum
3490 4454 3561 4509 de
3580 4455 3710 4525 qui-

433 4537 727 4609 λεγόμενον
760 4539 851 4591 ἐπὶ
884 4539 1155 4610 διαφόρων
1182 4540 1339 4594 τινῶν
1372 4543 1437 4613 τῇ
1470 4541 1634 4613 οὐσίᾳ
1667 4543 2003 4613 παραγαγόν·

2120 4547 2355 4603 busdam
2380 4553 2576 4599 natura
2631 4542 3021 4597 differentibus
3069 4542 3509 4605 introducentes,
3540 4542 3717 4596 vultis

432 4647 545 4694 τες,
587 4630 841 4699 βούλεσθε
880 4631 937 4683 ὲν
964 4630 1139 4701 τούτῳ
1154 4649 1214 4684 τε
1236 4632 1331 4687 καὶ
1359 4632 1438 4704 τῷ
1466 4632 1719 4705 ἑπομένῳ
1748 4634 1873 4704 ἑξῆς
1892 4636 2003 4690 ἐπι-

2120 4641 2175 4694 in
2211 4638 2317 4692 hoc
2339 4638 2470 4691 etin
2496 4634 2749 4705 sequenti
2793 4643 2979 4688 vestro
3039 4633 3340 4687 tentamine
3393 4632 3709 4696 ostendere,

434 4721 730 4791 χειρήματι
776 4721 931 4791 ὑμῶν
972 4722 1266 4787 δεικνύναι,
1302 4722 1492 4794 ὥσπερ
1534 4723 1629 4778 οῦν
1676 4724 1772 4778 καὶ
1804 4726 1871 4779 δι’
1892 4726 2003 4796 ὅλης

2125 4733 2268 4787 sicut
2314 4739 2371 4784 et
2402 4744 2504 4799 per
2553 4737 2723 4782 totam
2778 4727 2921 4780 hanc
2956 4735 3195 4781 vestram
3254 4726 3712 4795 propositionem,

436 4811 592 4881 ὑμῶν
631 4812 793 4883 τῆσδε
847 4812 946 4884 τῆς
989 4813 1317 4884 ὑποθέσεως,
1348 4816 1411 4869 οὑ
1448 4818 1539 4870 τὸν
1575 4815 1734 4886 φύσει
1762 4817 1895 4870 Θεὸν
1929 4818 2003 4871 ιτε

2126 4835 2235 4875 non
2254 4826 2449 4873 natura
2480 4818 2649 4871 Deum
2680 4815 2749 4869 de
2789 4814 3011 4869 Christo
3038 4813 3249 4867 dictum
3289 4813 3555 4875 indicare,
3613 4811 3712 4866 sed

436 4902 675 4974 Χριστοῦ
720 4903 1011 4975 λεγόμενον
1059 4906 1366 4975 σημαίνειν,
1411 4907 1527 4961 ἀλλ’
1565 4907 1693 4961 οὐδέ
1718 4924 1839 4962 τινα
1873 4908 2003 4979 ὃμω‹

2124 4928 2228 4967 nec
2255 4909 2553 4981 quemdam
2608 4907 2868 4962 videlicet
2897 4913 2982 4972 ζει
3017 4905 3156 4960 falso
3196 4904 3363 4959 dictis
3400 4904 3550 4968 diis;
3584 4918 3712 4955 nam

435 4994 547 5049 τῶν
568 4994 935 5071 ψευδωνύμως
964 4996 1272 5068 λεγομένων
1295 4999 1433 5052 θεῶν
1466 5000 1688 5072 δηλαδίγ
1720 5000 1883 5055 τοῦτο
1912 5002 2003 5071 γάρ

2124 5005 2194 5059 ab
2222 5004 2327 5059 hoc
2342 5002 2643 5057 abhorrere
2674 4999 2843 5053 etiam
2867 4997 3105 5052 daemoni
3140 4994 3377 5050 confessi
3399 4993 3574 5056 estis;
3615 4991 3713 5046 sed

435 5085 535 5140 καὶ
581 5087 800 5158 δαίμοσι
850 5089 1216 5161 παραιτητέον
1267 5090 1655 5162 ὡμολογήσατε
1678 5110 1693 5123 ο
1745 5092 1887 5147 ἀλλὰ
1932 5091 2003 5146 τὸε

2127 5099 2300 5152 Deum
2332 5094 2627 5163 adoptione
2655 5107 2755 5161 per
2803 5089 3117 5159 hujusmodi
3155 5102 3354 5141 nomen
3384 5086 3453 5140 de
3492 5085 3719 5140 Christo

439 5185 587 5239 θέσει
618 5185 773 5251 Θεὸν,
808 5185 900 5239 διὰ
939 5185 1033 5239 τοῦ
1073 5186 1279 5239 τοιοῦδε
1318 5187 1581 5258 ὀνόματος
1626 5187 1721 5241 ἐπὶ
1772 5187 2019 5257 Χριστοῦ

441 5274 824 5344 σημαίνεσθαι.
858 5276 1017 5329 Θέσει
1050 5275 1106 5328 δὲ
1145 5277 1276 5339 Θεὸς
1298 5317 1313 5342 ,
1350 5276 1428 5339 ὦς
1478 5294 1638 5345 φατε,
1687 5277 1812 5332 οὔτε
1846 5280 2020 5346 ἄγγε-

438 5367 546 5431 λος,
575 5365 699 5419 οὔτε
746 5366 874 5421 ἄλλο
916 5383 970 5419 τι
1004 5365 1163 5434 ζῶον,
1197 5367 1338 5438 πλὴν
1382 5368 1670 5439 ἀνθρώπου
1696 5408 1712 5433 ,
1763 5372 1830 5441 τῇ
1884 5368 2018 5440 ἁγίᾳ

441 5456 633 5527 Γραφῇ
683 5456 919 5528 εἴρηται*
954 5456 1151 5511 οὐκοῦν
1194 5457 1253 5526 ἐξ
1282 5459 1529 5529 ἀνάγκης
1571 5459 1695 5513 καθ’
1726 5460 1893 5531 ὑμᾶς,
1920 5460 2017 5513 ἄν·

441 5547 656 5617 θρωπός
687 5564 745 5601 τε
772 5550 801 5601 0
825 5547 1063 5618 τεχθεὶς,
1112 5548 1207 5602 καὶ
1258 5549 1672 5621 ἁνθρωποτόκος
1715 5551 1749 5622 ἡ
1782 5550 2019 5605 τεκοῦσα

440 5639 786 5711 λεχθήσεται.
828 5642 889 5693 Et
940 5641 999 5695 δὲ
1049 5641 1334 5712 ἄνθρωπος
1372 5645 1400 5696 0
1439 5643 1672 5713 τεχθεὶς,
1728 5643 1823 5696 καὶ
1871 5640 2019 5694 θέσει

440 5728 575 5794 Θεὸς
602 5747 616 5761 ·
650 5733 679 5785 0
709 5732 766 5785 δὲ
796 5733 958 5802 φύσει
989 5733 1122 5798 Θεὸς
1152 5735 1478 5806 προστάττει
1503 5736 1670 5789 πᾶσιν
1709 5733 2022 5804 ἀνθρώποις

2128 5185 2381 5242 indicari.
2434 5185 2579 5239 Deus
2632 5188 2831 5237 autem.
2873 5178 3189 5247 adoptione,
3223 5186 3284 5231 ut
3348 5175 3534 5230 dicitis
3586 5174 3714 5245 ipsi,

2127 5292 2309 5348 neque
2348 5275 2596 5346 angelus,
2636 5285 2816 5341 neque
2869 5270 3043 5323 ullum
3082 5268 3283 5322 animal
3310 5277 3509 5337 praeter
3540 5267 3719 5322 homi-

2124 5385 2253 5431 nem
2277 5382 2430 5423 sacra
2461 5365 2744 5435 Scriptura
2788 5362 2971 5416 dictus
3027 5370 3131 5415 est.
3186 5360 3357 5429 Igitur
3400 5356 3717 5414 necessario

2121 5460 2433 5518 secundum
2460 5466 2704 5513 vestram
2736 5462 3075 5519 mentem,et
3105 5452 3322 5523 genitus
3358 5450 3577 5506 dicetur
3610 5451 3717 5505 ho-

2124 5569 2218 5609 mo
2264 5561 2323 5606 et
2348 5551 2570 5621 pariens
2604 5549 2825 5602 dicetur
2856 5546 3099 5599 hominis
3126 5544 3369 5615 genitrix
3402 5560 3415 5598 :
3445 5542 3491 5597 si
3527 5549 3718 5597 autem

2121 5642 2345 5715 genitus
2374 5649 2459 5696 est
2478 5641 2664 5702 homo,
2696 5647 2781 5693 est
2806 5639 2950 5692 Deus
2969 5636 3283 5706 adoptione.
3310 5636 3481 5689 Porro
3502 5634 3592 5688 ille
3620 5633 3717 5701 qui

2125 5738 2209 5789 est
2227 5739 2428 5790 natura
2470 5729 2619 5787 Deus
2636 5728 2795 5803 jubet
2824 5727 3088 5788 munibus
3126 5725 3449 5782 hominibus
3494 5740 3562 5779 ne
3593 5738 3717 5780 ser-

445 5947 449 5950 ,
516 5895 551 5932 ⁸
574 5884 735 5947 Rom.
758 5906 838 5957 lu,
868 5890 961 5950 50.
1040 5899 1066 5928 ο
1102 5892 1244 5948 Psal.
1303 5906 1482 5961 Luxu,
1516 5890 1567 5948 l.
1640 5901 1669 5944 Ρ
1699 5890 1719 5947 l
1758 5890 1886 5946 Cor.
1925 5903 2039 5957 vui,
2073 5886 2129 5951 5,.
