4116 6476
404 462 547 527 1655

1649 468 1962 531 LEONTII
2006 469 2408 531 BYZANTINI

3546 466 3691 531 1655

402 603 554 658 viant
582 603 652 663 iis
684 606 780 676 qui
818 620 931 661 non
970 613 1101 663 sunt
1152 616 1349 663 natura
1402 607 1487 663 Dii
1528 626 1543 664 :
1590 609 1771 679 palam
1814 618 1998 664 autem

2125 609 2178 680 ιὴ
2211 608 2485 663 δουλεύειν
2519 611 2633 670 τοῖς
2660 608 2737 679 μὴ
2761 606 2922 678 φύσει
2946 601 3068 661 οὖσι
3108 605 3270 671 θεοῖς·
3304 606 3606 679 διαρρήδην
3626 609 3691 663 ἃ

401 698 606 753 clamat
648 715 664 752 :
711 698 1032 755 «Dominum
1059 701 1232 755 Deum
1289 711 1444 757 tuum
1485 701 1745 759 adorabis
1789 711 1847 757 et
1910 702 1989 755 illi

405 789 507 842 soli
532 789 746 846 servies
768 800 815 845 ει.
831 809 849 841 ›
878 790 1034 847 Unde
1053 794 1307 863 sequitur
1328 810 1426 849 vos
1458 811 1569 850 non
1586 794 1819 849 adorare
1834 793 1995 849 Chri-

404 889 555 934 stum
600 897 780 951 neque
828 882 909 937 illi
955 884 1189 950 servire,
1227 900 1355 941 cum
1404 886 1498 950 sit,
1531 886 1688 955 juxta
1748 892 1996 941 vestrum

403 985 679 1037 errorem,
709 972 1007 1044 adoptione
1042 991 1152 1030 non
1178 986 1377 1032 natura
1398 977 1546 1031 Deus
1574 994 1590 1043 ;
1624 976 1722 1032 sed
1754 992 1853 1030 vos
1880 975 1998 1031 evi-

405 1062 603 1118 denter
630 1081 753 1121 esse
776 1066 1043 1136 quosdam
1068 1067 1462 1128 Antichristos.
1491 1084 1596 1124 nec
1618 1069 1793 1123 videri
1836 1067 1998 1124 Chri-

406 1157 633 1213 stianos.
657 1155 789 1224 Aut,
814 1159 859 1213 si
892 1159 997 1214 hoc
1018 1159 1244 1230 quidem
1275 1160 1502 1225 timetis,
1538 1159 1835 1215 adorantes
1870 1174 1999 1213 eum

406 1246 597 1317 illique
613 1249 939 1316 servientes,
971 1261 1240 1306 creatura:
1254 1249 1538 1321 cujusdam
1561 1260 1619 1303 et
1643 1247 2002 1318 anthropola-

408 1349 506 1395 trae
535 1340 803 1411 propriea
833 1343 996 1397 nobis
1018 1341 1522 1413 deprehendimini.
1552 1340 1632 1396 Ne
1666 1340 1833 1411 igitur
1860 1353 2001 1409 πετο

407 1429 599 1485 feratis
631 1430 702 1486 de
734 1439 936 1487 caetero
966 1448 1066 1487 vos
1112 1433 1189 1487 ita
1214 1432 1437 1498 vocari;
1473 1438 1530 1487 et
1554 1429 1720 1485 talem
1746 1428 1815 1483 de
1843 1426 2005 1482 vobis

410 1523 733 1593 Opinionem
765 1534 1026 1580 excutere
1054 1524 1335 1580 conamini
1361 1541 1376 1591 ;
1398 1537 1505 1579 nec
1544 1528 1742 1579 cuncta
1775 1521 2003 1576 miscete

409 1613 480 1668 ad
508 1613 997 1671 demonstrandum
1028 1631 1127 1672 vos
1183 1616 1321 1671 tales
1344 1631 1453 1672 non
1474 1614 1675 1677 videri,
1712 1613 1857 1669 sicut
1891 1612 2005 1685 jam

412 1719 513 1775 per
555 1705 826 1776 plurimas
853 1715 1068 1762 vestras
1093 1706 1334 1778 prolian
1347 1704 1630 1761 orationes
1645 1702 1882 1776 probare
1914 1717 2007 1758 co-

412 1797 529 1853 nati
582 1798 740 1855 estis.

1132 1906 1286 1965 CAP.
1320 1906 1412 1964 lli.

486 1997 686 2054 Omnis
719 2000 1005 2072 generatio
1031 2009 1165 2056 nota
1194 2017 1262 2056 ex
1314 1999 1605 2072 Scriptura
1642 1999 1854 2064 divina,
1891 1997 2011 2056 sive

416 2092 780 2161 constituitur
800 2108 967 2148 causa
999 2092 1339 2149 exsistentiaa
1362 2092 1514 2148 illius
1550 2092 1646 2164 qui
1678 2092 1898 2165 genitus
1927 2091 2013 2146 di-

416 2184 585 2247 citur.
650 2192 714 2240 ut
779 2184 1087 2240 oAbraham
1142 2185 1334 2256 genuit
1385 2184 1540 2239 lsaac
1575 2193 1675 2250 '_;»
1733 2184 1851 2239 sive
1899 2198 2012 2238 non

417 2277 777 2333 constituitur
805 2293 973 2334 causa
1018 2277 1194 2349 ipsius
1235 2277 1590 2343 exsistentiaa,
1654 2275 2015 2347 quemadmo-

418 2372 551 2426 dum
577 2371 875 2442 Apostolus
909 2372 1099 2443 genuit
1123 2370 1465 2437 Corinthios,
1521 2370 1826 2426 secundum
1864 2367 2013 2437 quod

420 2459 630 2515 dictum
648 2468 736 2515 est
766 2478 780 2515 :
821 2459 913 2514 tln
943 2459 1167 2516 Christo
1194 2459 1344 2515 enim
1374 2459 1505 2514 Jesu
1534 2472 1637 2528 per
1653 2456 2014 2526 Evangelium

421 2564 524 2619 ego
546 2564 645 2603 vos
666 2550 833 2620 genui
858 2561 936 2603 ι.»
972 2548 1269 2604 Generatio
1327 2556 1514 2602 autem
1552 2561 1675 2616 quze
1720 2554 1806 2600 est
1850 2557 2015 2598 causa

423 2645 790 2710 exsistentiaz,
848 2645 956 2700 alia
1009 2644 1235 2715 quidem
1289 2643 1556 2699 exsistere
1603 2641 1736 2697 facit
1770 2640 2016 2712 genitum

425 2739 590 2794 simul
607 2754 733 2794 cum
757 2737 1035 2810 gignente,
1066 2737 1171 2791 alia
1195 2744 1380 2791 autem
1405 2734 1678 2806 posterius
1704 2735 1974 2789 exsistere
1999 2749 2015 2786 :

426 2832 643 2888 exsistit
672 2846 869 2902 nempe
890 2831 1037 2886 Deus
1058 2830 1298 2886 Verbum
1327 2828 1490 2884 simul
1528 2843 1654 2884 cum
1669 2827 1850 2891 Patre,
1867 2823 2024 2897 geni-

430 2932 521 2978 tus
549 2939 617 2978 ex
654 2922 814 2993 ipso:
840 2922 1060 2977 exsistit
1103 2936 1239 2977 vero
1273 2931 1395 2992 post
1426 2919 1703 2975 Abraham
1764 2918 1938 2985 Isaac,
1963 2927 2023 2974 et

426 3014 509 3067 sic
540 3013 723 3081 quivis
745 3011 1085 3083 huiusmodi.
1111 3012 1407 3068 Generatio
1429 3020 1613 3066 autem
1648 3025 1771 3081 quae
1793 3026 1906 3065 non
1936 3017 2023 3065 est

426 3120 594 3160 causa
629 3104 963 3160 exsistentite
1018 3104 1212 3176 geniti,
1250 3104 1355 3159 alia
1386 3103 1610 3175 quidem
1676 3103 2024 3158 demonstrat

428 3194 675 3265 genitum
729 3193 915 3264 seipso
943 3194 1255 3258 meliorem,
1292 3192 1401 3248 alia
1447 3208 1581 3248 vero
1612 3186 1857 3263 peiorem
1902 3207 2022 3246 me—

2039 1963 2085 2023 Β

2096 701 2216 773 βοᾷ,
2245 720 2264 753 ι
2296 703 2487 772 Κυρίῳ
2519 701 2598 772 τῷ
2643 700 2763 770 Θεῷ
2810 717 2905 753 σου
2932 701 3359 771 προσκυνήσεις,
3406 700 3500 753 καὶ
3536 701 3692 774 αὐτῷ

2099 794 2246 866 μόνῳ
2272 792 2610 865 λατρεύσεις·
2640 810 2662 845 >
2690 792 2983 847 ἀκόλουθον
3002 793 3147 863 ὑμᾶς
3170 794 3306 862 μήτε
3338 796 3691 863 προσκυνεῖν,

2103 887 2244 959 μήτε
2277 887 2568 958 λατρεύειν
2599 884 2679 956 τῷ
2722 885 2945 957 Χριστῷ
2978 885 3127 938 θέσει
3155 885 3270 938 liv-rt
3306 886 3400 938 καὶ
3431 885 3490 938 οὑ
3524 885 3692 954 φύσει

2098 978 2238 1049 Θεῷ,
2266 978 2410 1032 κατὰ
2439 979 2539 1048 τὴν
2575 977 2851 1048 ὑμετέραν
2896 976 3106 1045 πλάνην
3129 995 3143 1009 ·
3190 975 3306 1029 ἀλλ’
3355 971 3495 1030 εἶναι
3542 977 3694 1046 ὑμᾶς

2099 1071 2385 1143 παρρησίᾳ
2416 1070 2569 1134 τινὰς
2604 1068 3029 1140 ’Λντιχρίστους,
3048 1069 3147 1122 καὶ
3182 1068 3257 1139 μὴ
3288 1069 3576 1139 ὑποκρίσει
3602 1069 3697 1121 ὼ-

2100 1166 2218 1219 κεῖν
2256 1180 2315 1217 τε
2358 1162 2720 1235 Χριστιανοὺς
2764 1156 2923 1215 εἶναι.
2963 1162 3033 1214 Ἣ
3051 1163 3101 1215 εί
3146 1161 3305 1214 τοῦτο
3348 1161 3693 1225 εὐλαϐεῖσθε,

2102 1254 2537 1327 προσκυνοῦντες
2566 1254 2664 1307 καὶ
2688 1252 3044 1322 λατρεύοντες
3082 1251 3252 1323 αὐτῷ,
3296 1250 3517 1305 κτιστοῦ
3544 1268 3697 1314 τινος

2104 1345 2480 1418 προσκυνηταὶ
2530 1345 2625 1398 καὶ
2667 1343 3125 1415 ἀνθρωπολάτριι
3178 1344 3381 1415 κυρίως
3413 1345 3548 1413 ἡμῖν
3577 1360 3698 1410 φω-

2108 1436 2434 1509 ραθήσεσθε.
2467 1434 2559 1506 Μὴ
2599 1434 2919 1507 δυσφορείτε
2947 1430 3042 1488 οὖν
3076 1433 3263 1488 λοιπὸν
3289 1432 3464 1497 οὑτως
3491 1434 3701 1503 ὀνομα-

2105 1529 2362 1598 ζόμενοι,
2394 1527 2490 1582 καὶ
2522 1527 2621 1595 τὴν
2666 1525 2926 1596 τοιαύτην
2975 1526 3106 1594 περὶ
3156 1523 3310 1595 ὑμῶν
3355 1523 3513 1588 δόξαν
3557 1525 3702 1577 ἀπο-

2108 1618 2350 1672 σείεσθαι
2398 1616 2753 1682 σπουδάζετε·
2787 1616 2925 1687 μηδὲ
2946 1615 3128 1669 πάντα
3154 1616 3360 1668 κυκᾶτε
3393 1612 3532 1683 πρὸς
3562 1613 3705 1667 ἁπό-

2106 1711 2275 1778 δειξιν
2306 1710 2401 1764 τοῦ
2437 1711 2514 1783 μὴ
2553 1709 2788 1763 τοιοῦτοι
2816 1707 3017 1774 δοκεῖν,
3044 1707 3231 1770 καθὼς
3260 1708 3361 1779 ήδη
3409 1706 3500 1761 διὰ
3545 1705 3707 1759 πλεί-

2111 1822 2255 1860 στων
2280 1803 2435 1875 ὑμῶν
2466 1802 2848 1875 μακρολογιιῖΝ
2878 1800 3222 1872 ήγωνίσασθε
3250 1799 3628 1871 παραστῆσαι.

2722 1921 2979 1977 ΚΕΦΑΛ.
3012 1920 3091 1973 1".

2185 2018 2343 2072 Πᾶσα
2377 2016 2633 2087 γέννησις
2665 2016 2983 2087 ἐγνωσμένη
3022 2016 3090 2086 τῇ
3129 2012 3253 2085 θείᾳ
3291 2012 3507 2084 Γραφῇ,
3537 2010 3571 2082 ἢ
3600 2012 3711 2079 τῆς

2112 2112 2401 2185 ὑπάρξεως
2452 2111 2629 2180 αὑτῆς
2674 2109 3015 2181 καθέστηκεν
3066 2108 3216 2164 αἰτία
3267 2107 3363 2163 τοῦ
3403 2107 3709 2179 λεγομένου

2109 2205 2494 2277 γεγεννῆσθαι,
2532 2199 2643 2258 οἷον
2672 2222 2692 2257 ι
2712 2202 2966 2276 ’Λϐραὰμ
2996 2204 3255 2273 ἐγέννησε
3303 2201 3394 2255 τὸν
3428 2201 3641 2254 Ἰσαάκ·
3682 2219 3705 2252 ι

2111 2301 2147 2371 ἢ
2189 2298 2251 2353 οὑ
2281 2298 2382 2368 τῆς
2410 2294 2698 2367 ὑπάρξεως
2744 2293 2914 2365 αὑτῆς
2949 2292 3296 2363 καθέστηκεν
3324 2290 3496 2352 αἰτία,
3527 2283 3645 2342 οἷον
3674 2290 3707 2343 ὁ

2125 2389 2448 2452 Ἀπόστολος
2477 2388 2735 2457 ἐγέννησε
2760 2386 2884 2450 τοὺς
2903 2384 3231 2457 Κορινθίους
3247 2422 3265 2449 ,
3295 2381 3438 2437 κατὰ
3463 2381 3525 2435 τὸ
3547 2382 3711 2452 εἰρη-

2118 2483 2300 2554 μένον,
2339 2500 2358 2533 ι
2381 2480 2471 2534 Ἑν
2498 2481 2606 2549 γὰρ
2636 2478 2858 2549 Χριστῷ
2897 2476 3077 2548 Ἰησοῦ
3111 2476 3199 2530 διὰ
3230 2474 3324 2529 τοῦ
3369 2472 3714 2543 Εὑαγγελίου

2116 2571 2228 2641 ἐγὼ
2250 2572 2394 2643 ὑμᾶς
2425 2571 2716 2641 ἐγέννησα.
2749 2589 2769 2622 ι
2797 2569 2909 2641 Τῆς
2925 2569 2981 2622 δὲ
3006 2568 3185 2630 αἰτίας
3206 2566 3303 2620 τοῦ
3321 2560 3461 2619 εἶναι
3491 2564 3715 2635 γινομέ-

2116 2682 2216 2737 νης
2237 2663 2529 2734 γενέσεως,
2554 2664 2588 2734 η
2624 2663 2721 2733 μὲν
2764 2662 3132 2732 συνυπάρχειν
3169 2661 3315 2712 ποιεῖ
3345 2657 3407 2711 τὸ
3427 2656 3715 2727 γεννώμε-

2118 2774 2209 2812 νον
2231 2755 2313 2826 τῷ
2333 2754 2611 2825 γεννῶντι·
2642 2754 2678 2825 ἡ
2708 2752 2765 2805 δὲ
2798 2752 3200 2823 μεθυπάρχειν.
3229 2748 3578 2819 Συνυπάρχει
3607 2748 3717 2819 μὲν

2117 2845 2227 2918 γὰρ
2254 2848 2282 2903 ὸ
2313 2846 2447 2909 Θεὸς
2466 2844 2637 2914 Λόγος
2664 2844 2742 2914 τῷ
2768 2844 2945 2914 Ilath
2966 2842 3246 2913 γεννηθεὶς
3274 2842 3333 2907 ἐξ
3352 2840 3539 2895 αὑτοῦ·
3576 2839 3713 2909 μεθ-

2121 2939 2363 3010 υπάρχει
2419 2938 2475 2991 δὲ
2512 2935 2607 2989 τοῦ
2668 2935 2921 3007 Ἀϐραὰμ
2948 2935 2978 2986 ὁ
3026 2935 3213 2988 Ἰσαὰκ
3247 2933 3343 2987 καὶ
3369 2934 3504 2995 είτις
3529 2929 3715 2984 τοιοῦ-

2119 3046 2232 3096 τος·
2266 3031 2367 3100 τῆς
2394 3029 2450 3083 δέ
2488 3029 2563 3100 μὴ
2595 3028 2688 3082 τοῦ
2716 3024 2855 3081 εἶναι
2891 3026 3186 3096 γινομένης
3222 3025 3404 3088 αίτίας
3446 3021 3541 3076 τοῦ
3580 3038 3717 3090 γεν-

2120 3124 2391 3195 νωμένου,
2424 3123 2459 3191 ή
2498 3121 2596 3192 μὲν
2635 3121 2925 3190 κρείττονα
2958 3118 3155 3172 ἐαυτοῦ
3189 3118 3432 3171 δείκνυσι
3467 3115 3561 3168 τὸν
3586 3131 3719 3184 γεν-

2123 3217 2389 3287 νώμενον,
2436 3216 2469 3284 ἡ
2528 3212 2587 3266 δέ
2645 3213 2891 3283 χείρονα·
2948 3210 3044 3264 καὶ
3096 3209 3387 3280 κρείττονα
3442 3206 3564 3278 μὲν,
3598 3203 3722 3260 οἷον

427 3286 628 3341 liorem
677 3285 931 3356 quidem,
964 3294 1024 3340 ut
1081 3304 1100 3338 ι
1137 3284 1418 3355 Quotquot
1463 3294 1645 3339 autem
1691 3292 2022 3353 receperunt

2129 3333 2150 3367 ι
2172 3284 2329 3364 ’Θσοι
2350 3309 2408 3361 δὲ
2428 3306 2621 3359 ἔλαϐον
2647 3306 2830 3367 αὑτὸν,
2856 3303 3054 3356 ἔδωκεν
3078 3301 3262 3365 αὑτοῖς
3288 3301 3535 3366 ἐξουσίαν
3549 3300 3723 3353 τέκνα

431 3396 582 3445 cum,
616 3378 770 3433 dedit
792 3379 876 3434 eis
920 3386 1250 3448 potestatem
1282 3378 1428 3433 ﬁlios
1457 3377 1553 3433 Dei
1580 3376 1725 3444 ﬁeri,
1763 3376 1859 3446 qui
1910 3392 2022 3430 non

430 3484 498 3525 ex
519 3469 905 3541 sanguinibus,
931 3484 1112 3540 neque
1135 3485 1204 3524 ex
1221 3469 1504 3524 voluntate
1522 3468 1727 3535 carnis,
1753 3483 1932 3538 neque
1956 3483 2025 3523 ex

430 3566 718 3621 voluntate
745 3564 888 3630 viri,
923 3563 1019 3619 sed
1045 3579 1114 3618 ex
1160 3564 1272 3619 Deo
1301 3561 1417 3617 nati
1470 3570 1599 3617 sunt
1628 3560 1647 3599 ⁸
1669 3580 1713 3615 .›
1777 3562 2025 3632 pejorem

431 3673 587 3722 vero,
613 3666 675 3712 ut
708 3656 1027 3712 «Genimina
1047 3656 1384 3725 viperarum,
1419 3654 1546 3725 quis
1596 3653 1757 3709 vobis
1800 3653 2031 3708 demon-

433 3749 635 3806 stravit
656 3748 845 3820 fugere
860 3764 891 3804 a
906 3758 1142 3805 ventura
1159 3749 1238 3803 ira
1259 3755 1288 3785 ⁸
1304 3750 1357 3802 2»
1387 3747 1704 3803 Secundum
1730 3762 2028 3817 quamnam

435 3842 603 3915 igitur
639 3840 1051 3913 generationem
1099 3841 1346 3912 genitum
1387 3840 1559 3895 fuisse
1586 3840 1757 3895 Deum
1784 3838 2030 3895 Verbum

433 3951 504 3994 ex
525 3935 757 3991 muliere
796 3934 1034 3990 dicunt?
1062 3934 1257 3991 Utrum
1287 3933 1595 3989 secundum
1618 3948 1741 3988 eam
1786 3947 1911 4003 quae
1938 3931 2033 3987 dat

434 4026 817 4083 exsistentiam
865 4025 1094 4097 genito?
1128 4025 1273 4096 Ergo
1322 4041 1432 4080 non
1478 4034 1719 4081 aeternus
1769 4034 1855 4081 est
1888 4024 2034 4080 Deus

436 4118 709 4183 Verbum.
736 4118 897 4173 Nulla
930 4118 1080 4173 enim
1106 4118 1233 4172 talis
1254 4118 1542 4188 generatio
1573 4117 1730 4173 novit
1770 4117 2033 4187 praecisi-

438 4218 588 4266 atere
617 4209 863 4280 genitum
876 4209 1121 4280 gignenti
1156 4225 1171 4263 :
1195 4208 1344 4278 quod
1368 4216 1552 4263 autem
1570 4222 1680 4264 non
1705 4205 2037 4277 praeexsistit

439 4303 697 4374 cuiquam
723 4316 833 4356 non
853 4310 1082 4363 aeterno,
1117 4316 1228 4355 non
1277 4308 1363 4355 est
1390 4308 1679 4354 aeternum.
1712 4297 1870 4365 Quod
1932 4298 2037 4352 im-

439 4395 596 4466 pium
619 4403 706 4450 est
726 4394 915 4451 dicere
936 4394 1005 4449 de
1032 4395 1146 4449 Deo
1198 4393 1400 4449 Verbo.
1438 4392 1545 4448 Sed
1568 4392 1761 4447 dicunt
1789 4391 2037 4463 genitum

443 4489 620 4543 fuisse
652 4486 963 4543 secundum
990 4486 1138 4541 illam
1174 4484 1584 4555 generationem
1610 4498 1732 4554 quae
1775 4499 1889 4538 non
1945 4482 2041 4538 dat

443 4580 630 4649 genito
654 4580 1058 4634 exsistentiam.
1086 4578 1259 4648 igitur
1282 4577 1566 4632 variabilis
1592 4577 1739 4632 Deus
1765 4576 2037 4640 Verbum,

2127 3403 2263 3459 Θεοῦ
2298 3400 2575 3471 γενέσθαι·
2609 3396 2661 3450 οἱ
2690 3396 2789 3449 οὑκ
2841 3395 2902 3459 ἐξ
2935 3395 3205 3464 αἱμάτων,
3230 3393 3351 3447 οὑδὲ
3380 3394 3443 3445 ἐκ
3478 3391 3726 3463 θελήμα-

2125 3517 2220 3561 τος
2258 3494 2483 3563 σαρκὸς,
2515 3490 2637 3544 οὑδὲ
2666 3491 2729 3542 ἐκ
2764 3488 3068 3558 θελήματος
3102 3485 3316 3557 ἀνδρὸς,
3350 3485 3467 3539 ἀλλ’
3489 3486 3555 3538 ἐκ
3579 3484 3727 3539 Θεοῦ

2128 3589 2519 3659 ἐγεννήθησαν·
2545 3603 2563 3635 ι
2579 3582 2797 3654 χείρονα
2820 3582 2899 3643 δέ,
2923 3576 3056 3633 οἷον·
3085 3599 3102 3632 ι
3127 3577 3448 3649 Γεννήματα
3471 3576 3725 3648 ἐχιδνῶν,

2128 3681 2211 3744 τίς
2249 3681 2378 3749 ὑμῖν
2428 3675 2699 3742 ὑπέδειξιν
2749 3674 2945 3743 φυγεῖν
2977 3670 3087 3725 ἀπὸ
3134 3670 3235 3740 τῆς
3290 3668 3589 3740 μελλούσης
3630 3669 3728 3739 ὀρ-

2130 3776 2269 3844 γῆςς
2302 3792 2319 3826 ι
2341 3775 2483 3826 κατὰ
2505 3772 2663 3826 ποίαν
2685 3765 2778 3824 οὖν
2800 3770 3055 3839 γέννησιν
3079 3765 3439 3837 γεγεννῆσθαι
3464 3767 3556 3819 τὸν
3587 3765 3728 3819 Θεὸν

2139 3867 2316 3935 Λόγον
2346 3867 2411 3919 ἐκ
2436 3862 2695 3935 γυναικός
2731 3878 2896 3931 (pact;
2918 3860 3061 3914 κατὰ
3085 3860 3184 3927 τὴν
3214 3858 3274 3911 τὸ
3303 3854 3441 3911 εἶναι
3469 3855 3729 3910 διδοῦσαν

2134 3957 2214 4028 τῷ
2266 3957 2621 4027 γεννωμένῳ;
2679 3952 2892 4007 Οὐκοῦν
2937 3950 3038 4005 οὑκ
3092 3950 3268 4011 ἀΐδιος
3296 3950 3325 4002 ό
3355 3947 3490 4011 Θεὸς
3526 3945 3729 4014 Λόγος·

2136 4050 2369 4121 οὐδεμία
2395 4047 2504 4119 γὰρ
2532 4044 2759 4115 τοιαύτη
2792 4043 3050 4113 γέννησις
3078 4040 3458 4111 προϋπάρχειν
3485 4034 3597 4090 οἶδε
3625 4034 3730 4089 τὸν

2136 4141 2479 4212 γεννώμενον
2506 4138 2601 4192 τοῦ
2632 4136 2951 4206 γεννῶντος·
2978 4134 3039 4187 τὸ
3068 4132 3125 4186 δὲ
3152 4131 3229 4204 μὴ
3254 4127 3607 4205 προῦπάρχον
3627 4127 3730 4182 τοῦ

2142 4235 2218 4306 μὴ
2250 4234 2443 4298 ἀϊδίου,
2475 4230 2575 4285 οὐκ
2617 4229 2819 4283 ἀΐδιον·
2866 4228 3005 4297 ὅπερ
3041 4223 3237 4287 ἀσεϐὲς
3280 4222 3463 4291 λέγειν
3502 4219 3600 4274 ἐπὶ
3630 4218 3733 4273 τοῦ

2140 4329 2275 4383 Θεοῦ
2306 4329 2507 4396 Λόγου.
2554 4322 2716 4377 Ἀλλὰ
2769 4320 2911 4375 κατὰ
2946 4319 3049 4391 τὴν
3103 4315 3267 4389 μὴτὸ
3310 4311 3451 4369 εἶναι
3475 4312 3732 4367 διδοῦσαν

2139 4420 2218 4490 τῷ
2252 4418 2578 4489 γεννωμένῳ
2621 4415 2754 4483 φασὶ
2796 4410 3184 4482 γεγεννῆσθαι·
3214 4408 3447 4480 τρεπτὸς
3469 4403 3670 4459 οὐκοῦν
3705 4406 3736 4458 ό

2143 4513 2275 4577 Θεὸς
2295 4511 2488 4581 Λόγος,
2521 4510 2616 4563 καὶ
2644 4509 2747 4562 οὐκ
2775 4504 3157 4565 ἀναλλοίωτος·
3180 4500 3301 4555 ἐπεὶ
3318 4501 3471 4553 πᾶσα
3503 4497 3734 4567 τοιαύτη

2144 4605 2422 4676 γέννησις,
2452 4601 2486 4674 ἢ
2516 4602 2804 4672 κρείττονα
2829 4598 2863 4669 ἢ
2901 4597 3122 4669 χείρονα
3142 4593 3384 4647 δείκνυσι
3412 4590 3505 4643 τὸν
3532 4587 3740 4656 γεννώ-

441 4680 503 4727 et
560 4684 671 4725 non
693 4670 1221 4733 immutabilis,cum
1238 4685 1581 4739 quaecunque
1610 4670 1734 4724 talis
1755 4668 2024 4740 generatic

2152 4664 2334 4769 μενον·
2469 4664 2527 4747 δὲ
2559 4664 3141 4763 κρείττων-η’χείρων
3186 4682 3388 4738 ἑαυτοῦ
3422 4682 3738 4751 γινόμενος,

444 4762 565 4817 sive
582 4761 867 4816 meliorem
886 4760 1003 4815 sive
1039 4760 1283 4830 peiorem
1340 4762 1584 4830 praebeat
1630 4760 1898 4830 genitum.
1938 4758 2043 4826 Qui

445 4864 632 4909 autem
664 4852 726 4906 iit
748 4852 932 4922 seipso
962 4852 1159 4907 melior
1175 4852 1261 4906 vel
1314 4853 1488 4922 pejor,
1519 4850 1567 4906 is
1606 4850 1891 4907 evidenter
1947 4867 2046 4921 per

457 4947 606 5001 hanc
632 4944 999 4999 mutationem
1026 4943 1377 4999 convincitur
1406 4959 1528 4999 esse
1549 4943 1837 4998 mutabilis
1858 4950 1916 4998 et
1943 4959 2041 4997 va-

446 5037 751 5095 riabilis.Si
776 5044 963 5094 autem
984 5053 1099 5093 non
1122 5036 1407 5092 mutabilis
1434 5036 2045 5104 DeusVerbum,neque

448 5147 561 5186 non
593 5130 1031 5200 arternus,igitur
1060 5144 1171 5185 non
1195 5114 1418 5200 proprie
1436 5135 1493 5182 et
1522 5126 1826 5182 secundum
1840 5128 2047 5182 verita-

450 5234 560 5277 tem
578 5232 913 5279 natusestex
927 5222 1179 5287 muliere,
1199 5237 1379 5292 neque
1393 5221 1620 5276 omnino
1631 5221 1752 5291 ejus
1761 5220 2050 5291 praedicari

451 5326 636 5387 potest
685 5316 970 5388 generatio
999 5332 1067 5372 ex
1100 5316 1353 5380 muliere,
1380 5315 1448 5370 ad
1478 5314 1777 5385 Scriptum
1799 5329 2040 5370 sensum.

529 5409 715 5463 Multis
743 5410 1041 5465 verborum
1066 5407 1554 5464 substitutionibus
1574 5416 1629 5461 et
1658 5406 2055 5462 sententiarum

455 5499 861 5553 mutationibus
891 5499 1063 5553 latere
1110 5506 1407 5563 conantes,
1449 5497 1712 5567 perfacile
1746 5497 2054 5553 tamenim-

461 5591 686 5661 pictatis
712 5590 791 5644 rei
828 5590 1333 5660 deprehendimini.
1379 5589 1511 5644 Esto
1542 5589 1689 5643 enim
1751 5588 1890 5643 alios
1932 5603 2056 5643 esse

457 5682 563 5737 ltos
579 5684 999 5755 generationum
1024 5684 1219 5739 modos
1240 5691 1297 5737 et
1320 5683 1455 5737 alias
1486 5698 1679 5737 eorum
1713 5697 2057 5751 consequen-

464 5772 572 5831 ἐκ
593 5815 611 5841 ,
643 5785 702 5830 ut
718 5776 954 5832 dixistis.
1011 5775 1117 5830 Sed
1154 5775 1304 5845 quod
1333 5790 1483 5830 nunc
1524 5791 1555 5829 a
1578 5775 1735 5830 vobis
1764 5789 1865 5829 nos
1905 5789 2057 5845 quae-

542 5928 852 5994 QDeutwt,
878 5930 978 5997 l3;
1012 5931 1203 5985 Matth.
1225 5948 1303 5997 tv,
1335 5931 1421 5985 10.
1462 5941 1484 5971 ι
1514 5930 1651 5987 Gen.
1683 5947 1810 5998 xxv,
1861 5929 1946 5985 l9.
2006 5936 2028 5965 ⁸
2068 5926 2237 5984 lCor.
2262 5941 2338 5993 tv,
2379 5923 2466 5977 15.

2146 4786 2237 4843 διὰ
2264 4787 2365 4857 τῆς
2389 4785 2606 4839 τοιᾶσδε
2636 4780 2943 4853 μεταϐολῆς
2987 4776 3231 4849 δηλονότι
3252 4773 3485 4846 τρεπτὸς
3515 4771 3741 4840 ἐλέγχε-

2146 4898 2239 4935 ται
2269 4880 2347 4934 ὣν
2384 4879 2478 4933 καὶ
2512 4875 2826 4937 ἀλλοιωτός.
2854 4874 2915 4927 Ei
2946 4872 3002 4926 δὲ
3037 4871 3099 4924 οὐ
3133 4868 3369 4941 τρεπτὸς
3406 4868 3434 4920 ὁ
3464 4866 3599 4928 Θεὸς
3631 4866 3741 4918 Λό-

2148 4989 2266 5043 γος,
2292 4970 2417 5024 οὔτε
2446 4970 2550 5023 οὑκ
2586 4969 2780 5030 ὰῖδιος,
2808 4965 2909 5019 οὑκ
2935 4965 3043 5036 ἄρα
3072 4962 3273 5032 κυρίως
3302 4959 3400 5014 καὶ
3434 4957 3577 5021 κατὰ
3605 4956 3743 5027 ἁλή-

2150 5066 2302 5119 Θειαν
2328 5062 2597 5135 ἐγεννήθη
2613 5062 2678 5114 ὲκ
2705 5056 2982 5129 γυναικὸς,
3014 5054 3135 5109 οὑδὲ
3152 5055 3288 5117 ὅλως
3306 5048 3742 5121 κατηγορεῖσθαι

2150 5158 2375 5211 δύναται
2431 5155 2684 5226 γέννησις
2733 5153 2799 5206 ἐκ
2844 5149 3125 5219 γυναικὸς,
3156 5145 3299 5201 κατὰ.
3320 5143 3420 5215 τὴν
3451 5141 3742 5214 Γραφικὴν

2162 5250 2427 5304 διάνοιαν.

2227 5406 2460 5469 Πολλαῖς
2508 5403 2869 5475 ἀντεμϐολατς
2908 5401 3083 5471 λόγων
3124 5398 3221 5453 καὶ
3269 5395 3593 5452 ἀλλοιώσεσι
3618 5413 3747 5465 νοη-

2162 5499 2348 5568 μάτων
2373 5496 2657 5551 λανθάνειν
2684 5492 3042 5564 πειρώμενοι,
3068 5491 3215 5560 ὄμως
3242 5486 3531 5541 ἁλίσκεσθε
3567 5486 3744 5556 ῥᾷστα

2157 5591 2258 5660 τὴν
2284 5589 2563 5642 ἀσέϐειαν.
2603 5588 2788 5640 Ἔστω
2817 5585 2926 5655 γὰρ
2968 5582 3187 5653 ἐτέρους
3216 5576 3356 5633 εἶναι
3388 5576 3579 5630 τούσδε
3618 5575 3748 5646 τρό-

2163 5698 2297 5743 πους
2337 5680 2445 5732 τῶν
2474 5681 2800 5749 γεννήσεων,
2835 5677 2929 5729 καὶ
2957 5675 3121 5745 ἕτερα
3151 5672 3221 5726 τὰ
3256 5670 3469 5733 τούτοις
3496 5666 3743 5739 παρεπό-

2166 5788 2325 5843 μενα,
2355 5770 2431 5833 ὡς
2456 5771 2739 5841 είρήκατε·
2762 5768 2898 5821 ἀλλὰ
2932 5765 2994 5819 τὸ
3018 5765 3113 5819 νῦν
3134 5764 3268 5835 ἡμῖν
3298 5762 3631 5832 ζητούμενον
3664 5759 3745 5820 εἰς

2546 5925 2562 5960 ¹
2600 5922 2759 5978 Joan.
2787 5939 2825 5992 ι,
2862 5923 2948 5989 l2,
2986 5921 3072 5977 l3.
3144 5930 3172 5959 ιι
3198 5914 3395 5973 Matth.
3432 5929 3514 5979 ιιι,
3543 5912 3603 5969 7.
