4116 6448
335 435 471 502 ῙῦἓἹ

1293 431 1706 495 ADVERSUS
1745 430 2375 494 NESTORIANOS.'—
2402 436 2550 498 LIB.
2591 436 2704 499 IV.

3493 430 3636 501 1658

328 522 608 589 ἀπόδειξιν
629 521 760 594 παρ’
787 520 940 593 ὑμῶν
970 521 1109 586 ἐστι,
1144 521 1194 575 εί
1218 520 1436 592 ἀληθῶς
1467 521 1535 573 οὺ
1570 521 1796 574 δυνατὸν
1822 519 1918 571 ’ένα
1944 567 1953 578 ,

2054 520 2197 575 imus
2225 521 2279 575 in
2313 522 2871 590 demonstrationem,
2893 523 3031 581 illud
3054 534 3140 581 est
3176 525 3419 597 :Nempe
3451 537 3639 583 utrum

329 616 454 673 τινὰ
475 615 682 671 καὶτὸν
698 612 862 669 αὑτὸν
891 612 1074 677 καθὼς
1098 613 1261 684 ἡμεῖς
1290 629 1470 681 φαμεν
1500 611 1601 665 δύο
1629 611 1785 673 τινὰς
1805 626 1928 678 γεν-

330 710 518 781 νήσεις
548 706 758 761 τούτων
791 705 975 758 αὐτῶν
1003 704 1111 759 τῶν
1148 704 1422 774 διαφόρων
1460 702 1773 773 γεννήσεων
1827 701 1930 770 ὑφ-

342 798 619 863 ίστασθαι,
649 799 735 852 ἵνα
760 797 858 851 καὶ¹
892 798 1006 859 τοῖς
1035 793 1325 867 ἑπομένοις
1375 794 1621 865 ἑκατέρα
1647 793 1758 846 τῶν
1803 811 1932 867 γεντ

333 893 545 963 νήσεων
564 864 1207 961 γνωρίζηταιΣκεπτέόν
1222 889 1332 957 γὰρ
1353 888 1433 941 ὅτι
1457 864 1666 941 ἐθνικοὶ
1688 864 1931 938 πλεῖστοι

333 984 442 1037 τῶν
475 983 533 1035 ὲν
561 979 783 1052 Χριστῷ
822 979 1001 1051 Ἰησοῦ
1031 979 1120 1033 διὰ
1168 977 1509 1047 Εὑαγγελίου
1567 977 1673 1031 ὑπὸ
1713 975 1930 1029 Παύλου

334 1073 727 1145 γεννηθέντων,
781 1071 1177 1143 προγεγονότες
1219 1067 1362 1143 ἦσαν
1411 1071 1586 1127 αὐτοῦ
1636 1073 1779 1127 κατὰ
1831 1071 1930 1143 τὴν

339 1165 611 1238 σαρκικὴν
645 1164 900 1235 γέννησιν
942 1164 1405 1235 ὡμολογημένως·
1465 1160 1578 1237 ἆρα
1625 1160 1720 1219 οὖν
1775 1166 1875 1235 οὐχ
1902 1164 1931 1217 ό

337 1258 505 1322 αὐτὸς
544 1254 686 1312 εἶναι
710 1257 928 1324 λέγοιτό
959 1273 1045 1320 τις
1072 1256 1182 1310 τῶν
1222 1256 1442 1311 ἐκείνου
1476 1257 1761 1330 μαθητῶν,
1794 1274 1932 1329 προσ

338 1351 477 1406 εἶναί
535 1368 596 1405 τε
630 1349 725 1404 τοῦ
762 1348 893 1403 ἰδίου
934 1349 1141 1420 πατρὸς
1184 1350 1281 1403 καὶ
1319 1348 1651 1403 διδασκάλου
1688 1348 1927 1414 Παύλου,

338 1443 435 1499 καὶ
470 1444 711 1515 μετεῖναι
740 1439 1187 1514 μαρτυρούμενος
1220 1440 1412 1508 τοῦδες
1445 1442 1555 1504 πᾶς
1589 1441 1689 1512 μὲν
1723 1440 1819 1495 οὖν
1840 1457 1929 1504 τις

338 1536 668 1607 ὀμολογήσοι
693 1574 709 1599 ,
739 1535 816 1599 ὡς
852 1527 1028 1604 οῐμαι·
1065 1533 1204 1587 ἀλλὰ
1254 1533 1379 1588 κατ’
1407 1533 1535 1589 ἄλλο
1564 1534 1659 1587 καὶ
1688 1533 1816 1587 ἄλλο
1837 1532 1931 1587 τὸν

339 1629 505 1684 αὑτὸν
548 1626 642 1682 τοῦ
673 1626 840 1681 αὑτοῦ
872 1625 1253 1698 προϋπάρχειν
1304 1643 1367 1679 τε
1424 1627 1518 1679 καὶ
1557 1626 1931 1697 μεθυπάρχειν

340 1724 479 1795 ἐρεῖ·
510 1720 607 1776 καὶ
655 1720 763 1791 γὰρ
796 1718 991 1783 ὄντως,
1036 1718 1113 1782 ὡς
1145 1718 1336 1789 ἐφητε,
1388 1718 1531 1772 κατὰ
1556 1718 1655 1788 τὴν
1670 1718 1763 1772 τοῦ
1790 1715 1931 1771 εἶναι

343 1814 615 1883 γέννησιν,
639 1812 1041 1883 προϋπάρχειν·
1084 1811 1227 1866 κατὰ
1260 1811 1319 1864 δὲ
1348 1812 1447 1881 τὴν
1477 1812 1557 1876 εἰς
1580 1811 1641 1865 τὸ
1680 1810 1930 1880 Εὐαγγέ-

2041 626 2173 668 vere
2204 628 2316 667 non
2346 613 2464 668 ﬁeri
2498 615 2673 685 possit
2705 633 2878 672 unum
2928 617 3225 689 quemdam
3263 627 3320 673 et
3355 618 3640 686 eumdem,

2041 710 2103 757 ut
2134 718 2236 757 nos
2263 704 2524 770 dicimus,
2553 706 2692 762 duas
2729 708 2945 779 aliquas
2994 709 3407 780 generationes,
3434 725 3503 765 ex
3555 709 3644 766 his

2040 795 2213 851 variis
2236 799 2717 867 generationibus,
2764 801 2976 867 sortiri,
3022 811 3083 857 ut
3111 810 3168 857 et
3226 804 3646 874 consequentiis

2036 894 2276 958 utraque
2330 892 2614 961 generatio
2665 892 3059 964 dignoscatur.
3095 894 3410 949 Notandum
3491 896 3643 951 enim

2035 986 2123 1033 est
2184 979 2441 1037 ethnicos
2492 982 2791 1053 plerosque
2848 999 2918 1040 ex
2999 984 3087 1040 his
3165 984 3347 1054 quiin
3420 983 3645 1041 Christo

2035 1069 2167 1158 Jesu
2196 1088 2296 1142 per
2323 1073 2683 1145 Evangelium
2713 1092 2745 1130 a
2773 1076 2944 1132 Paulo
2968 1075 3139 1147 geniti
3176 1086 3343 1142 sunt,
3378 1077 3481 1146 ipsi
3498 1093 3644 1147 prte-

2036 1162 2338 1231 exstitisse,
2392 1168 2701 1223 secundum
2753 1169 3034 1225 carnalem
3090 1170 3527 1241 generationem,
3568 1177 3632 1225 ut

2037 1257 2095 1313 in
2108 1259 2362 1314 confesso
2378 1260 2581 1316 est.An
2606 1261 2778 1332 igitur
2808 1278 2921 1317 non
2962 1261 3109 1317 idem
3132 1262 3417 1317 diceretur
3445 1261 3647 1332 quise:

2036 1350 2159 1423 ejus
2174 1347 2466 1421 discipulis
2481 1358 2538 1407 et
2560 1350 2945 1422 praeexsislere
2967 1367 3071 1408 suo
3102 1352 3244 1422 patri
3289 1359 3346 1407 et
3372 1352 3637 1423 magistro

2036 1450 2209 1507 Paulo
2240 1444 2407 1503 simul
2421 1452 2479 1500 et
2504 1442 2625 1513 ipso
2642 1444 2919 1514 posterior
2932 1444 3125 1509 fuisse,
3146 1459 3215 1500 ex
3246 1446 3369 1516 ejus
3390 1445 3619 1501 testimo

2036 1541 2170 1596 nio?
2200 1538 2321 1596 Non
2351 1545 2437 1592 est
2457 1541 2633 1598 certe,
2664 1551 2812 1601 reor,
2841 1536 2935 1606 qui
2961 1549 3071 1590 non
3094 1534 3502 1603 fateretur;sed
3518 1532 3650 1591 sub"

2050 1633 2277 1688 diverso
2299 1636 2556 1699 respectu
2588 1626 2738 1683 dicet
2766 1626 3025 1682 eumdem
3048 1625 3233 1682 eidem
3257 1626 3648 1697 praaexsistere

2038 1724 2206 1782 simul
2250 1731 2307 1779 et
2348 1720 2711 1792 posteriorem
2765 1735 2903 1784 esse
2944 1720 3155 1776 scilicet
3190 1719 3518 1784 secundum,
3588 1726 3653 1773 ut

2038 1814 2238 1879 dicitis,
2257 1810 2665 1883 generationem
2680 1809 3011 1865 exsistentiae
3023 1809 3401 1880 praeexsistere
3420 1823 3435 1872 ;
3453 1819 3650 1862 secun-

342 1880 455 1961 λιον
483 1880 760 1975 γέννησιν,
795 1880 1189 1975 μεθυπάρχειν·
1222 1880 1424 1970 ὁμοίως
1451 1904 1510 1959 δὲ
1558 1905 1653 1959 καὶ
1703 1904 1773 1958 τά
1817 1921 1938 1972 γεν-

2054 1910 2170 1966 lum
2200 1918 2330 1960 vero
2354 1903 2770 1976 generationem
2802 1900 2857 1955 in
2882 1899 3236 1972 Evangelium
3280 1897 3649 1969 posteriorem

344 1999 565 2070 νήματα
586 1996 696 2049 τῶν
725 1993 969 2066 ἐχιδνῶν,
994 1997 1045 2049 οἱ
1070 1995 1179 2049 ἀπὸ
1209 1995 1311 2065 μὲν
1329 1995 1425 2050 τοῦ
1470 1994 1723 2067 Ἀϐραὰμ
1750 1994 1938 2059 ἔθνους

344 2087 489 2139 κατὰ
521 2086 724 2156 σάρκα,
756 2087 867 2149 τοῖς
902 2085 1051 2149 ἰδίοις
1104 2085 1318 2151 τέκνοις
1361 2086 1531 2157 ήγουν
1568 2088 1680 2147 τοῖς
1702 2085 1937 2139 ἀποστό-

346 2179 462 2242 λοις
496 2176 950 2251 μαθητευόμενοι,
978 2178 1404 2250 ἐπιστρέφοντος
1439 2176 1535 2231 τοῦ
1566 2176 1773 2248 Κυρίου
1804 2194 1941 2249 κιρ-

348 2265 466 2331 δίας
488 2264 743 2335 πατέρων
768 2260 874 2319 ’ἐπὶ
902 2266 1089 2330 τέκνα,
1123 2266 1241 2332 πῶς
1270 2267 1368 2338 οὐχ
1407 2269 1457 2320 οἱ
1511 2266 1669 2320 αὐτοὶ
1701 2267 1943 2335 λέγοιντο

347 2357 599 2427 προεῖναι
627 2355 727 2426 μὲν
756 2353 901 2408 κατὰ
915 2353 1015 2425 τὴν
1041 2356 1312 2427 σαρκικὴν
1345 2355 1622 2427 γέννησιν,
1660 2354 1946 2426 μεθυπάρ-

346 2465 468 2519 χειν
524 2447 583 2501 δὲ
647 2448 794 2503 κατὰ
842 2450 944 2519 τὴν
998 2448 1379 2519 πνευματικὴν
1424 2449 1786 2519 ἀναγέννησιν
1837 2448 1947 2502 τῶν

354 2536 503 2592 ἰδίων
542 2536 712 2605 υίῶν;
742 2538 804 2591 Εἰ
831 2537 889 2591 δὲ
914 2537 1089 2593 ταῦτα
1119 2538 1291 2601 οὕτως
1316 2538 1450 2609 ἔχει,
1481 2538 1534 2591 τί
1562 2538 1795 2591 ἄπιστον
1816 2539 1949 2609 ὑμῖν

350 2631 502 2685 δοκεῖ
529 2630 625 2685 καὶ
649 2630 743 2685 ἐπὶ
775 2629 870 2685 τοῦ
893 2630 1093 2699 Λόγου,
1117 2631 1241 2684 καθ’
1270 2630 1467 2703 ἑτέραν
1501 2631 1600 2702 μὲν
1624 2631 1791 2685 αὐτοῦ
1825 2630 1949 2700 γέν-

353 2741 533 2796 νησιν,
565 2725 737 2779 ἀΐδιόν
768 2742 829 2778 τε
874 2724 1145 2796 ὑπάρχειν
1190 2726 1355 2780 αὐτὸν
1401 2726 1498 2780 καὶ
1559 2724 1768 2780 ἁπλοῦν
1816 2725 1952 2797 ἁλη-

356 2817 486 2883 θῶς,
520 2817 642 2871 καθ’
678 2816 873 2890 ἑτέραν
907 2817 965 2871 δὲ
1000 2820 1308 2889 ἀρχόμενον
1337 2816 1432 2871 τοῦ
1466 2817 1744 2882 συνθέτως
1774 2811 1948 2885 εἷναις

358 2910 498 2981 μετὰ
528 2909 959 2983 προσλήμματος
1010 2910 1122 2980 γάρ
1153 2927 1305 2974 τινος
1337 2910 1651 2980 πρόσφατος
1670 2908 1953 2978 ’γινώσκε-

355 3018 471 3070 ται,
527 3001 622 3054 καὶ
667 3000 767 3071 οὐχ
794 3000 1000 3066 ἁπλοῦς
1049 3003 1224 3071 Λόγος
1272 3003 1481 3068 λοιπὸν,
1507 3002 1645 3056 ἀλλὰ
1698 3003 1953 3069 σύνθετος

357 3092 597 3165 Χριστὸς
637 3092 991 3165 ὀνομάζεται.
1022 3091 1211 3156 Οὕτως
1248 3092 1307 3145 δὲ
1350 3091 1497 3162 ἔχειν
1528 3091 1738 3146 τούτων
1766 3092 1953 3147 δοθέν-

2041 2019 2182 2060 esse.
2201 2002 2468 2059 Similiter
2490 2006 2676 2054 autem
2713 2003 2768 2050 et
2797 1993 3075 2065 genimina
3104 1992 3442 2063 viperarum,
3471 1990 3530 2044 hi
3550 1989 3647 2059 qui

2042 2096 2112 2153 de
2129 2110 2331 2168 genere
2350 2100 2481 2149 sunt
2497 2089 2735 2147 Abrahae
2755 2085 3060 2143 secundum
3074 2099 3295 2139 carnem
3316 2099 3345 2137 a
3364 2082 3478 2139 suis
3494 2080 3647 2146 ﬁliis,

2045 2190 2312 2262 apostolis
2336 2187 2567 2251 scilicet,
2590 2181 2796 2248 edocti,
2828 2186 3190 2236 convertente
3216 2176 3451 2232 Domino
3478 2174 3649 2230 corda

2047 2293 2270 2355 patrum
2336 2280 2391 2335 in
2431 2278 2595 2341 ﬁlios,
2626 2272 2907 2345 quomodo
2938 2286 3051 2325 non
3105 2268 3272 2324 iidem
3323 2267 3650 2323 dicerentur

2044 2372 2432 2445 praeexsistere
2457 2367 2686 2440 quidem
2710 2361 3020 2421 secundum
3058 2358 3476 2431 generationem
3520 2372 3647 2411 car-

2046 2467 2226 2523 nalem
2245 2464 2361 2519 suis
2392 2461 2538 2525 (iliis,
2565 2456 2906 2530 posteriores
2929 2462 3113 2508 tamen
3163 2466 3286 2507 esse
3341 2450 3653 2506 secundum

2049 2556 2358 2628 spiritalem
2399 2545 2939 2623 regenerationem?
2980 2543 3039 2599 Si
3077 2552 3263 2598 autem
3304 2541 3425 2597 haec
3466 2540 3541 2595 ita
3593 2554 3655 2595 se

2050 2650 2317 2714 habeant,
2352 2640 2831 2717 quidincredibile
2875 2637 3036 2693 vobis
3067 2636 3292 2691 videtur
3335 2634 3403 2689 de
3448 2631 3654 2695 Verbo,

2059 2740 2371 2798 secundum
2416 2737 2652 2791 alteram
2706 2746 2862 2789 suam
2901 2730 3348 2801 generationem,
3384 2733 3658 2780 aeternum

2052 2835 2278 2907 quidem
2297 2834 2480 2903 ipsum
2510 2828 2777 2884 exsistere
2800 2832 2857 2879 et
2884 2823 3121 2893 simplex
3139 2836 3305 2886 vere;
3339 2815 3648 2874 secundum

2054 2927 2286 2982 alteram
2314 2902 2450 2978 vero
2479 2918 2699 2974 initium
2742 2915 2956 2971 habere
2991 2921 3197 2967 etesse
3235 2908 3606 2979 compositum
3633 2902 3659 2960 ί

2053 3017 2191 3074 Cum
2238 3011 2596 3084 adjunctione
2624 3008 2774 3064 enim
2824 3004 3062 3075 quadam
3112 3016 3259 3057 novo
3296 2998 3522 3055 nomine
3564 3012 3661 3051 co-

2056 3103 2369 3178 gnoscitur,
2403 3109 2592 3156 etnon
2660 3097 2896 3166 simplex
2947 3093 3195 3149 Verbum
3246 3089 3493 3153 tandem,
3560 3086 3663 3142 sed

357 3201 490 3248 των,
551 3185 586 3254 ή
639 3184 740 3253 μὲν
788 3183 1024 3240 τεκοῦσα
1060 3183 1123 3237 τὸ
1183 3181 1461 3244 σύνθετον.
1493 3184 1712 3245 πάντως
1755 3184 1852 3237 καὶ
1891 3183 1953 3236 τὸ

2059 3196 2400 3268 compositus
2434 3192 2690 3250 Christus
2718 3196 2969 3245 vocatur.
3000 3185 3097 3241 His
3121 3192 3305 3239 autem
3337 3182 3418 3237 sic
3470 3195 3528 3235 se
3557 3179 3662 3233 ha-

369 3275 578 3331 ἁπλοῦν
604 3278 845 3331 τέτοκεν·
875 3278 934 3331 ὲν
969 3277 1079 3346 γὰρ
1110 3273 1189 3347 τῷ
1219 3274 1460 3346 συνθέτῳ
1488 3277 1606 3329 ἐστὶ
1635 3275 1812 3329 τοῦτο·
1848 3278 1876 3330 δ
1899 3277 1953 3329 δὲ

2059 3292 2194 3347 bere
2232 3286 2535 3351 concessis,
2582 3298 2707 3353 quae
2753 3280 2980 3350 quidem
3026 3276 3221 3348 genuit
3265 3270 3659 3342 compositum,

361 3370 425 3423 τὸ
459 3368 668 3422 ἁπλοῦν
696 3367 896 3429 τεκὼν,
923 3368 985 3421 οὐ
1014 3367 1201 3421 τέτοκε
1230 3369 1327 3421 καὶ
1359 3367 1421 3420 τὸ
1454 3366 1729 3421 σύνθετον·
1762 3368 1822 3421 οὐ
1847 3368 1953 3440 γὰρ

2061 3383 2291 3441 omnino
2342 3378 2536 3450 genuit
2583 3384 2642 3430 et
2703 3372 2980 3442 simplex;
3034 3369 3090 3424 in
3158 3366 3464 3436 composito
3511 3364 3663 3418 enim

365 3464 424 3514 ὲν
467 3459 544 3531 τῷ
591 3460 751 3530 ἁπλῷ
798 3460 861 3514 τὸ
893 3459 1169 3513 σύνθετον·
1204 3456 1404 3511 οὐκοῦν
1458 3459 1600 3513 κατὰ
1637 3458 1736 3529 μὲν
1764 3461 1863 3528 τὴν
1898 3459 1961 3514 τὸ

368 3550 511 3607 εἶναι
538 3553 629 3608 καὶ
658 3551 848 3617 άῖδίως
876 3546 1019 3605 εἶναι
1064 3550 1319 3605 διδοῦσαν
1352 3550 1607 3621 γέννησιν
1638 3550 1718 3620 τῷ
1755 3568 1961 3620 γεννω-

373 3648 522 3718 μένῳ
551 3646 709 3716 Λόγῳ
737 3645 949 3709 ἁπλῶς,
989 3645 1051 3698 οὐ
1089 3644 1302 3715 μητέρα
1326 3645 1505 3714 φαμὲν
1529 3643 1630 3713 τὴν
1661 3642 1960 3715 Παρθένον·

367 3739 511 3792 κατὰ
544 3738 603 3791 δὲ
624 3737 722 3808 τὴν
750 3737 975 3790 τοιῶσδε
1006 3733 1147 3790 εἶναι
1174 3737 1344 3807 ῆγουν
1377 3738 1836 3809 σεσαρκωμένην,
1868 3728 1964 3791 καὶ

368 3829 427 3883 ὲν
453 3830 618 3900 σαρκὶ
662 3831 728 3899 τῇ
761 3826 868 3882 ὑπὸ
907 3828 1101 3899 χρόνον
1131 3825 1272 3882 εἶναι
1299 3828 1551 3883 διδοῦσαν
1584 3828 1735 3899 αὐτῷ
1764 3830 1961 3901 γέννηιο

371 3938 479 3988 σιν,
531 3922 607 3987 ὼς
657 3919 968 3992 συγχρόνως
1014 3920 1152 3991 αὐτῇ
1185 3922 1253 3991 τῇ
1285 3921 1451 3991 σαρκὶ
1498 3919 1676 3991 ἔχοντι
1706 3919 1805 3989 τὴν
1840 3921 1968 3974 σύν-

371 4015 521 4071 θεσιν
546 4012 742 4069 ἑαυτοῦ
771 4011 1261 4083 συγγεγεννημένῳ
1290 4011 1465 4084 ταύτῃ
1498 4010 1559 4077 ἐξ
1590 4012 1761 4083 αὐτῆς
1799 4010 1966 4083 οὔσης

369 4110 516 4165 κατὰ
543 4108 605 4163 τὸ
635 4104 779 4163 εἶναι
830 4107 1149 4179 ὑποχρόνως
1172 4147 1186 4171 ,
1216 4106 1452 4179 Μητέρα
1484 4105 1705 4175 άληθῶς
1738 4106 1833 4160 καὶ
1871 4106 1965 4160 τοῦ

376 4201 574 4259 ἁπλοῦ·
605 4201 695 4255 διὰ
743 4200 929 4272 μέντοι
990 4196 1297 4260 συνθέσεως
1344 4195 1649 4268 γενομένην
1684 4194 1842 4266 ἴσμεν
1867 4195 1967 4265 τὴν

373 4295 640 4366 ἀμίαντον
662 4308 677 4324 ⁶
710 4293 776 4346 ὲκ
806 4291 982 4360 Λόγου
1013 4291 1124 4360 γὰρ
1156 4288 1326 4342 ἀϊδίου
1375 4289 1471 4343 καὶ
1498 4286 1703 4360 σαρκὸς
1728 4286 1969 4359 ὑποχρό-

374 4406 489 4449 νου.
516 4388 546 4441 ό
569 4386 848 4456 Δεσπότης
880 4383 1037 4455 ήμῶν
1061 4381 1297 4451 Χριστὸς
1336 4380 1456 4446 ὅλος
1488 4383 1812 4454 συνέστηκε·
1846 4396 1972 4450 γεν-

2059 3474 2195 3531 illud
2216 3480 2322 3529 est.
2363 3468 2468 3537 Qui
2528 3474 2712 3521 autem
2740 3462 2929 3535 genuit
2957 3460 3211 3529 simplex,
3240 3472 3353 3511 non
3412 3453 3538 3509 ideo
3565 3468 3663 3521 ge-

2058 3566 2184 3623 nuit
2236 3573 2292 3621 et
2314 3560 2682 3631 compositum
2711 3574 2726 3623 ;
2752 3570 2866 3610 non
2895 3553 3043 3608 enim
3078 3552 3133 3606 in
3166 3548 3403 3619 simplici
3436 3561 3666 3615 compo-

2064 3661 2256 3716 situm.
2287 3656 2462 3728 Igitur
2494 3650 2800 3707 secundum
2828 3662 2950 3702 eam
2978 3644 3392 3716 generationem
3421 3653 3546 3709 quae
3571 3638 3668 3692 dat

2063 3727 2392 3819 simpliciter
2439 3744 2628 3815 genito
2663 3739 2845 3796 Verbo
2885 3735 3286 3799 exsistcntiam,
3344 3738 3401 3786 et
3440 3727 3666 3801 quidem

2064 3840 2444 3901 exsistentiam
2470 3846 2755 3899 aeternam,
2804 3846 2918 3887 non
2965 3836 3197 3884 matrem
3221 3825 3458 3880 dicimus
3488 3821 3668 3891 Virgi-

2064 3949 2213 3990 nem.
2253 3929 2572 3987 Secundum
2603 3940 2735 3981 vero
2776 3937 2899 3979 eam
2944 3917 3356 3991 generationem
3407 3927 3531 3984 qua;
3572 3910 3668 3965 dat

2064 4023 2119 4078 ei
2158 4018 2538 4079 exsistentiam
2597 4015 2783 4077 talem,
2834 4010 3049 4067 scilicet
3105 4008 3470 4068 inearnatam,
3519 4009 3580 4055 ut
3610 3999 3669 4054 in

2067 4125 2234 4169 carne
2264 4108 2467 4163 habeat
2497 4101 2879 4161 exsistentiam
2911 4095 3295 4168 temporalem,
3338 4092 3416 4146 ita
3446 4098 3509 4145 ut
3536 4104 3671 4144 con-

2067 4197 2450 4271 temporaliter
2474 4195 2578 4267 ipsi
2602 4191 2754 4248 carni
2783 4190 2984 4245 habeat
3028 4182 3484 4255 compositionem
3513 4193 3669 4232 suam

2068 4288 2231 4346 simul
2265 4301 2391 4342 cum
2440 4264 2555 4353 ipsa
2588 4280 2808 4352 genitus
2842 4292 2911 4331 ex
2964 4275 3138 4330 Matre
3180 4267 3485 4333 secundum
3520 4264 3671 4319 exsi-

2070 4378 2329 4437 stentiam
2352 4372 2731 4444 temporalem,
2767 4368 2999 4423 Matrem
3049 4378 3181 4419 vere
3220 4360 3457 4415 dicimus
3501 4354 3671 4410 etiam

374 4445 632 4553 νηθέντος
676 4477 774 4547 μὲν
803 4445 1131 4541 τοῦ-Λόγου·
1160 4445 1560 4541 δὶςξᾶσάρκως
1619 4445 1723 4540 μὲν
1762 4470 1828 4522 ὲκ
1859 4445 1953 4522 ⁷’τοῐ

2071 4468 2359 4541 simplicis.
2422 4465 2496 4520 Et
2534 4460 2759 4533 quidem
2812 4473 2912 4528 per
2945 4451 3407 4524 compositionem
3468 4445 3675 4501 scimus

376 4546 616 4642 Πατρδς,
639 4546 1072 4639 σεσαρκωμένως
1097 4565 1155 4618 δὲ
1186 4564 1250 4617 ὲκ
1272 4563 1518 4634 Μητρὸς,
1552 4563 1652 4633 τῆς
1673 4562 1731 4616 δὲ
1767 4562 1953 4633 σαρκὸς

2073 4579 2193 4621 eam
2211 4562 2408 4616 factam
2435 4556 2721 4612 illibatam.
2738 4553 2819 4607 Ex
2840 4548 3023 4604 Verbo
3051 4546 3201 4602 enim
3234 4552 3444 4599 aeterno
3470 4546 3527 4595 et
3550 4554 3676 4593 car-

378 4631 529 4731 ἆπαὲ
574 4631 681 4716 καὶ
736 4631 910 4731 μόνον*
939 4656 1295 4728 γεννηθείσης
1332 4631 1657 4728 ὲῠκνΜητρδς
1683 4631 1953 4727 ἀσπόρως.

2075 4667 2145 4711 ne
2173 4645 2462 4719 temporali
2492 4643 2758 4699 Dominus
2798 4647 2987 4693 noster
3018 4635 3179 4690 Jesus
3226 4631 3486 4687 Christus
3528 4637 3679 4683 totus

391 4717 548 4810 Ἕπέὶ
604 4747 700 4807 οὖν
736 4717 885 4814 ’Θεὸς
918 4717 1125 4821 ἀληθὴς
1169 4717 1408 4817 ἄσαρκός
1451 4717 1523 4800 τε¹
1682 4748 1777 4800 καὶ
1832 4717 1953 4816 μετό

2076 4717 2342 4807 constat;
2394 4737 2580 4793 Verbo
2624 4732 2851 4804 quidem
2891 4729 2979 4784 bis
3026 4725 3237 4796 genito,
3299 4721 3513 4777 scilicet
3562 4717 3681 4773 sine

381 4847 588 4919 σαρκὸς
619 4847 648 4899 ὁ
681 4844 877 4913 Λόγος,
913 4818 1158 4896 θεοτόκοι
1186 4840 1309 4894 καθ’
1337 4839 1610 4911 ἑκατέραν
1633 4838 1887 4908 γέννησιν
1918 4840 1953 4889 οἱ

2074 4851 2243 4893 carne
2269 4848 2337 4888 ex
2375 4831 2534 4886 Patre
2558 4836 2615 4882 et
2643 4840 2772 4881 cum
2798 4835 2964 4877 carne
2997 4834 3063 4874 ex
3091 4818 3264 4871 Matre
3291 4830 3307 4882 ;
3375 4826 3543 4868 carne
3580 4823 3681 4863 au-

377 4939 570 4993 τούτου
599 4937 924 5007 γεννήτορες
948 4932 1188 5005 ἀληθῶς.
1216 4930 1405 4987 Ταῦτα
1460 4934 1560 5001 μὲν
1605 4930 1698 4984 οῦν
1727 4929 1798 4983 τὰ
1840 4928 1970 4999 περὶ

379 5030 482 5101 τῆς
522 5028 666 5084 κατὰ
694 5027 795 5091 τὰς
832 5025 1117 5095 γεννήσεις
1164 5023 1424 5096 διαφόρου
1465 5022 1845 5091 προελεύσεως
1870 5019 1967 5074 τοῦ

380 5100 582 5191 Λόγου·
618 5119 676 5174 αί
702 5119 761 5174 δὲ
804 5117 949 5173 κατὰ
972 5116 1261 5189 προκοπὴν
1295 5100 1484 5179 ἁπλῶς
1511 5113 1609 5167 καὶ
1646 5113 1715 5167 τά
1744 5112 1975 5167 τοιαῦτα

384 5212 726 5285 παραγωγαὶ
756 5213 865 5266 τῶν
887 5212 1220 5282 γεννήσεων,
1251 5206 1522 5278 περιττῶς
1554 5206 1683 5276 ὑμῖν
1709 5205 1803 5257 ὲπὶ
1834 5205 1876 5256 Χ
1888 5221 1974 5275 ρι-

388 5307 515 5361 στοῦ
552 5305 989 5376 παραφέρονται·
1027 5302 1089 5356 οὑ
1135 5301 1244 5372 γὰρ
1299 5302 1365 5353 ὲκ
1406 5297 1612 5352 τοιοῦδε
1652 5296 1859 5368 τρόπου
1890 5296 1977 5361 τὶς

386 5399 547 5469 λόγος
588 5397 852 5453 Θεοτόκον
895 5394 1003 5466 ἔφη
1058 5394 1190 5449 ποτὲ
1235 5394 1336 5463 τὴν
1380 5391 1672 5462 ἄχραντον·
1713 5389 1838 5442 οὐδὲ
1868 5388 1976 5441 τῶν

388 5493 510 5547 λίαν
533 5492 837 5560 ἀλογίστων
862 5491 971 5544 τινὶ
990 5488 1119 5543 τάδε
1152 5487 1233 5549 εις
1257 5484 1558 5555 φαντασίαν
1585 5481 1902 5553 γεγένηται.

2079 4938 2191 4985 tem
2209 4925 2379 4985 semel
2400 4933 2615 4979 tantum
2638 4918 2823 4991 genita
2852 4932 2921 4971 ex
2951 4914 3126 4969 Matre
3148 4911 3270 4965 sine
3293 4908 3524 4963 semine.
3543 4902 3683 4957 Cum

2080 5023 2249 5094 igitur
2280 5021 2424 5076 Deus
2444 5031 2608 5073 verus
2638 5013 2759 5068 sine
2782 5023 2948 5066 carne
2975 5015 3032 5061 et
3059 5019 3186 5059 cum
3214 5014 3381 5056 carne
3415 4995 3688 5059 Verbum,

2082 5116 2182 5172 Dei
2223 5130 2355 5170 vere
2387 5119 2516 5167 sunt
2549 5106 2830 5179 genitores
2852 5098 3161 5156 secundum
3197 5104 3492 5161 utramque
3518 5101 3687 5159 gene-

2086 5207 2357 5265 rationem
2409 5202 2505 5274 qui
2553 5175 2691 5255 illud
2752 5198 3084 5267 genuerunt.
3118 5188 3246 5242 llaec
3275 5184 3444 5254 igitur
3475 5180 3544 5235 de
3595 5175 3686 5274 di-

2084 5314 2248 5355 verso
2281 5268 2461 5367 quoad
2494 5287 2882 5363 generationes
2927 5281 3170 5336 adventu
3222 5273 3414 5331 Verbi.
3469 5268 3689 5325 Produ-

2086 5393 2300 5447 ctiones
2324 5396 2509 5443 autem
2564 5379 2982 5455 generationum
3013 5369 3317 5428 secundum
3338 5374 3691 5437 progressum

2088 5481 2434 5552 simpliciter,
2459 5483 2516 5531 et
2545 5451 2651 5528 alia
2698 5467 2922 5531 similia,
2952 5465 3159 5520 frustra
3190 5477 3220 5515 a
3249 5458 3411 5515 vobis
3437 5456 3506 5510 de
3526 5451 3691 5509 Chri-

389 5598 479 5647 sto
508 5588 889 5659 proferuntur.
921 5586 1001 5640 Ex
1021 5584 1126 5639 hoc
1146 5582 1293 5637 enim
1316 5578 1479 5635 modo
1504 5578 1689 5633 nullus
1722 5590 1963 5646 unquam
1988 5590 2171 5631 sermo
2198 5546 2488 5645 beiparam
2510 5568 2650 5624 dixit
2676 5564 2951 5636 virginem
2973 5559 3241 5615 illibatam
3268 5571 3284 5623 ;
3322 5566 3425 5608 nec
3461 5546 3688 5604 irratio-

394 5686 608 5744 nalium
657 5685 959 5743 admodum
983 5681 1241 5752 cuiquam
1277 5680 1395 5735 haac
1424 5677 1483 5733 in
1521 5686 1762 5734 mentem
1793 5682 2086 5730 venerunt.

985 5776 1242 5831 ΚΕΦΛΛ.
1290 5776 1364 5827 Δ’.

401 5931 405 5935 .
470 5874 537 5931 El
588 5872 794 5947 κυρίως
842 5870 935 5926 καὶ
983 5870 1101 5925 κατ’
1130 5868 1389 5940 ἀλήθειαν
1447 5867 1482 5937 ἡ
1520 5866 1583 5918 ὲκ
1641 5860 1852 5934 Πατρδς
1892 5858 1987 5914 τοῦ

2746 5752 2851 5809 ΛΡ.
2890 5750 2982 5806 IV.

2746 5784 2759 5809 ι
2840 5794 2851 5807 .
2890 5750 2910 5805 1
2968 5790 2982 5804 .

2172 5855 2228 5913 Si
2263 5853 2485 5927 proprie
2511 5850 2661 5907 dicta
2685 5752 2898 5905 cgita
2916 5750 3019 5901 ζει
3039 5835 3324 5915 generatio
3358 5830 3455 5890 Dei
3511 5828 3689 5887 Veri-'1
