4116 6432
448 426 585 489 16".9

1755 423 2063 487 LEONTII
2110 422 2511 483 ΒΥΖΛΝΊῚΝΙ

3586 419 3731 483 1660

440 556 508 593 ex
540 540 723 603 Patre,
754 553 866 593 non
926 537 1152 607 proprie
1186 536 1335 591 dicta
1381 547 1437 591 et
1476 552 1605 591 vera
1659 546 1745 590 est
1794 552 1859 591 ea
1915 550 2036 606 qua:

2140 532 2277 585 Θεοῦ
2318 534 2493 603 Λόγου
2520 530 2775 601 γέννησίς
2803 532 2971 598 ἐστιν,
2994 530 3056 584 οὗ
3086 531 3293 602 κυρίως
3318 531 3412 586 καὶ
3441 531 3563 583 κατ’
3590 532 3734 603 βλή-

442 632 773 701 przedieatur
819 630 1102 700 generatio
1155 629 1251 683 Dei
1282 628 1447 683 Verbi
1491 644 1557 683 ex
1609 637 1810 691 matre.
1844 635 2036 697 utpote

2138 625 2291 678 θειαν
2327 627 2360 695 ή
2396 628 2459 678 ὲκ
2494 625 2754 693 γυναικὸς
2785 623 3231 695 ὲπιφημιζομένη
3259 623 3354 675 τοῦ
3380 622 3517 676 Θεοῦ
3547 621 3729 691 Λόγοι)

441 738 564 791 quae
594 721 769 776 amba:
803 736 913 775 non
980 721 1220 787 similes;
1257 721 1353 775 sed
1384 720 1429 774 si
1483 719 1639 791 prius
1673 735 1888 783 verum,
1921 734 2033 773 non

441 814 823 882 posterius.——
846 812 955 868 Sed
978 815 1023 871 si
1068 815 1344 883 propriam
1378 822 1435 868 et
1467 813 1687 867 unicam
1711 810 1899 866 dicitis
1937 826 2033 881 ge-

440 906 806 971 nerationem,
841 920 962 962 eam
989 923 1113 977 quaa
1138 916 1225 961 est
1254 906 1349 960 Dei
1376 905 1542 960 Verbi
1571 903 1877 960 secundum
1898 919 2033 957 cau-

439 1014 555 1053 sam
597 1008 831 1061 tantum,
857 1007 914 1053 et
944 1006 1071 1053 ante
1105 1010 1373 1067 tempora,
1405 1006 1461 1052 et
1487 1006 1821 1052 coaeternam
1860 994 2029 1058 Patri,

438 1088 523 1142 vel
563 1104 685 1158 quae
716 1088 1061 1143 demonstrat
1092 1089 1340 1159 genitum
1372 1089 1727 1149 coexsistere,
1759 1083 2030 1157 gigncnli.

437 1195 569 1249 ergo
590 1195 709 1234 eam
736 1181 1151 1251 generationem
1191 1197 1312 1252 qua:
1341 1197 1452 1236 non
1482 1188 1567 1235 est
1598 1180 1729 1235 huic
1786 1176 1984 1233 similis
2013 1216 2029 1241 ,

438 1282 541 1321 nec
566 1268 787 1338 proprie
813 1270 1228 1339 generationem
1279 1269 1598 1340 agnoscitis.
1630 1266 1896 1337 Superest
1934 1264 2035 1335 igi-

441 1367 531 1409 tur
554 1365 613 1410 nt
653 1373 763 1411 non
796 1356 1078 1427 propriam
1109 1357 1419 1427 agnoscatis
1446 1354 1855 1427 generationem
1882 1352 2033 1406 Isaac

436 1465 504 1503 ex
536 1449 835 1513 Abraham,
864 1451 980 1504 sive
1010 1448 1255 1520 cujusvis
1283 1449 1423 1503 alius
1451 1448 1773 1504 hominisex
1790 1445 2030 1515 quodam

437 1536 683 1603 homine,
719 1537 835 1592 sive
869 1538 1124 1593 animalis
1166 1552 1233 1591 ex
1260 1536 1506 1601 animali,
1559 1535 1676 1589 sive
1732 1534 1934 1604 plantae
1963 1548 2031 1587 ex

436 1629 661 1698 planta;
695 1646 805 1684 non
830 1630 977 1684 enim
1011 1630 1127 1684 haec
1175 1637 1304 1683 sunt
1327 1627 1450 1683 sine
1475 1636 1747 1697 tempore,
1780 1641 1883 1680 nec
1934 1638 2031 1678 co-

434 1730 639 1776 :eterna
675 1737 779 1778 nec
827 1721 1155 1791 simpliciter
1212 1719 1601 1775 coexsistentia
1656 1716 2031 1789 gignentibus.

434 1814 623 1883 Neque
656 1815 802 1869 enim
840 1815 1024 1869 omnia
1062 1811 1379 1884 hujusmodi
1424 1813 1723 1883 gignuntur
1754 1826 1821 1865 eo
1865 1808 2031 1863 modo

433 1882 547 1973 quo
568 1904 712 1958 Deus
742 1913 797 1959 et
818 1905 979 1959 Pater
1030 1882 1269 1959 Verbum
1324 1903 1537 1974 genuit.
1576 1901 1634 1957 Si
1684 1911 1867 1956 autem
1902 1915 2030 1957 vera
2057 1882 2105 1941 B

440 2002 526 2048 est
548 2004 605 2049 et
636 1997 918 2064 generatio
952 1998 1100 2052 Isaac
1128 2014 1195 2053 ex
1229 1997 1527 2062 Abraham,
1558 2006 1618 2051 ut
1650 2004 1708 2051 et
1747 2012 1848 2052 vos
1898 1998 2029 2053 alibi

435 2084 673 2147 dixistis,
706 2096 762 2140 et
794 2098 1122 2143 emterorum
1158 2097 1273 2143 tum
1309 2087 1630 2143 animalium
1662 2097 1776 2143 tum
1815 2090 2031 2159 planta-

436 2192 582 2241 rum,
621 2180 937 2249 temporalis
958 2196 1083 2235 cum
1113 2180 1185 2236 sit
1208 2191 1265 2236 et
1314 2180 1593 2251 posterius
1629 2196 1751 2235 esse
1798 2180 2029 2235 demon-

434 2276 575 2323 stret
604 2273 875 2341 genitum,
911 2273 982 2326 ita
1029 2280 1115 2327 est
1146 2282 1204 2328 et
1222 2272 1291 2328 de
1321 2272 1678 2344 generatione
1704 2272 1891 2327 divina
1909 2288 2033 2343 qua:

434 2362 678 2430 pertinet
706 2363 776 2416 ad
818 2362 1063 2419 inﬁnitas
1103 2375 1157 2418 et
1188 2379 1362 2434 prope
1405 2378 1601 2419 omnes
1647 2365 1891 2419 rationes
1935 2381 2033 2435 ge-

438 2452 813 2509 nerationum.
850 2454 970 2509 Non
989 2455 1156 2524 igitur
1181 2470 1247 2509 ea
1306 2464 1517 2510 tantum
1544 2456 1793 2510 critvera
1824 2465 1878 2511 et
1900 2472 2033 2526 pro-

440 2558 499 2613 pr
514 2544 561 2598 ie
588 2544 735 2598 dicta
786 2546 1088 2616 generatio,
1129 2547 1434 2601 secundum
1453 2556 1699 2602 vestrum
1730 2548 1992 2617 placitum
2014 2587 2029 2612 ,

438 2647 564 2701 qua:
595 2631 663 2687 de
691 2633 878 2688 Verbo
913 2633 1241 2704 intelligitur
1282 2650 1351 2689 ex
1377 2636 1488 2690 Deo
1518 2636 1679 2691 Patre
1706 2652 1774 2691 ex
1800 2645 2029 2693 :eterno.

440 2719 497 2772 Si
528 2736 659 2790 ergo
708 2732 767 2776 et
793 2722 908 2777 haec
933 2732 992 2778 et
1032 2723 1137 2777 illa:
1184 2739 1329 2778 vera:
1358 2734 1487 2779 sunt
1508 2734 1564 2780 et
1584 2725 1845 2781 dicuntur
1866 2743 2036 2797 gene-

438 2813 705 2880 rationes,
753 2814 870 2870 veri
896 2817 1067 2886 igitur
1097 2827 1151 2872 et
1190 2817 1496 2872 secundum
1543 2818 1816 2874 diversam
1865 2820 2034 2875 ratio-

437 2921 566 2959 nem
592 2907 1010 2975 generationum
1059 2908 1136 2962 illi
1173 2907 1267 2977 qui
1302 2908 1566 2964 dicuntur
1590 2910 1889 2981 gignentes.
1926 2912 2033 2982 lgi-

439 3006 531 3051 tur
551 3009 605 3053 et
633 2998 833 3052 Paulus
865 3014 967 3068 per
1003 3000 1385 3071 Evangelium,
1442 3012 1497 3056 et
1524 3002 1767 3071 Spiritus
1812 3020 1909 3072 per
1933 3004 2031 3057 ba-

438 3092 723 3162 ptismum,
739 3103 795 3148 et
811 3093 1086 3149 Abraham
1099 3110 1168 3150 ex
1185 3096 1414 3159 femore,
1436 3103 1493 3150 et
1510 3094 1713 3149 Rachel
1735 3110 1804 3148 ex
1818 3103 2031 3161 ventre,

438 3194 497 3239 et
519 3186 679 3240 Pater
698 3202 764 3241 ex
784 3188 1084 3257 semetipso
1100 3198 1156 3243 et
1170 3187 1224 3242 in
1242 3187 1541 3258 semetipso
1566 3188 1813 3259 gignens,
1841 3202 2035 3243 omnes

438 3292 569 3331 vere
593 3278 873 3348 genitores
899 3288 1029 3334 sunt
1052 3293 1110 3336 et
1144 3279 1429 3336 dicuntur.
1464 3280 1522 3335 Si
1568 3281 1737 3350 igitur
1762 3290 1818 3335 et
1847 3280 2036 3350 plures

440 3369 743 3423 secundum
770 3371 954 3441 plures
978 3388 1045 3427 ex
1070 3373 1155 3428 his
1174 3373 1367 3429 modos
1395 3382 1580 3428 essent
1601 3373 1848 3444 ejusdem
1872 3373 2037 3429 unius

438 3462 724 3530 cujusdam
765 3464 1066 3534 genitores,
1097 3465 1492 3520 vereomnium
1559 3465 1705 3520 idem
1760 3482 1908 3521 unus
1929 3467 2037 3521 erit

442 3550 607 3604 tilias.
624 3551 813 3616 Quoad
838 3567 1059 3607 causam
1087 3567 1273 3622 porro,
1299 3567 1365 3606 ex
1388 3553 1579 3617 Patre;
1604 3553 1786 3621 quoad
1812 3566 2037 3621 compo-

440 3641 699 3695 sitionem
733 3658 863 3695 vero
915 3652 973 3697 et
1012 3642 1454 3712 conceptionem,
1482 3658 1552 3697 ex
1582 3642 1754 3696 Matre
1790 3640 2034 3696 Verbum

442 3732 685 3799 genitum
720 3740 822 3787 est.
849 3731 1008 3798 Quod
1041 3733 1191 3786 enim
1276 3732 1542 3803 concipit,
1575 3748 1689 3786 non
1740 3740 1919 3786 totum
1968 3746 2036 3785 ex

445 3821 629 3891 seipse
654 3822 849 3894 gignit,
878 3832 938 3878 ut
961 3822 1170 3878 indicat
1195 3822 1375 3892 ipsum
1401 3822 1783 3893 conceptionis
1811 3835 2033 3875 nomen.

1108 3938 1263 3993 CAP.
1310 3939 1374 3993 V.

513 4027 569 4081 Si
601 4043 665 4083 ea
693 4030 976 4098 generatio
1003 4031 1169 4085 Verbi
1211 4030 1309 4085 Dei
1339 4045 1463 4100 quae
1496 4044 1626 4084 vere
1665 4036 1751 4083 est
1776 4043 1843 4085 ex
1874 4026 2037 4083 Patre

442 4119 628 4174 diﬂ’ert
667 4120 735 4175 ab
780 4136 843 4177 ea
874 4139 996 4191 qua:
1047 4122 1125 4176 illi
1165 4138 1299 4177 vere
1352 4122 1676 4176 attribuitur
1717 4136 1784 4175 ex
1828 4130 2035 4183 matre,

441 4230 667 4269 necesse
698 4223 885 4271 autem
903 4227 987 4272 est
1011 4218 1278 4286 omnino,l
1303 4218 1359 4272 in
1379 4217 1583 4287 quibus
1616 4225 1805 4286 partus
1826 4215 2035 4280 diﬂ‘ert,

442 4306 530 4361 his
559 4324 779 4378 quoque
803 4310 1033 4365 diﬂ‘erre
1068 4310 1472 4377 substantiam;
1500 4327 1730 4366 necesse
1754 4321 1840 4365 est
1868 4309 2039 4380 igitur

442 4400 670 4455 omnino
698 4400 940 4456 Verbum
963 4402 1137 4455 Deum
1168 4400 1390 4456 diﬂerre
1412 4418 1441 4456 a
1465 4402 1649 4472 seipso
1670 4402 1854 4471 quoad
1903 4402 2038 4455 sub-

442 4491 722 4557 stantiam,
757 4508 822 4546 ex
853 4507 919 4547 eo
945 4492 1095 4561 quod
1142 4491 1401 4547 ditl‘erant
1447 4508 1577 4547 vere
1626 4492 1775 4548 illius
1806 4508 2041 4563 genera-

2134 714 2409 783 γέννησις,
2443 712 2631 784 ἐπειδὴ
2684 712 2783 783 οὐχ
2839 713 3045 783 ὅμοιαι·
3076 711 3193 765 ἀλλ’
3235 711 3284 765 εί
3314 709 3416 781 μὲν
3444 709 3507 763 τδ
3529 711 3733 781 πρότε-

2136 822 2247 877 ρον,
2298 805 2397 859 οὐκ
2439 804 2547 877 ἀρα
2593 806 2656 859 τδ
2697 804 2971 877 δεύτερον.
3017 804 3157 858 Ἀλλ’
3180 806 3231 858 εί
3264 805 3470 876 κυρίως
3497 804 3591 857 καὶ
3623 804 3729 874 μό-

2135 912 2234 965 νην
2268 892 2408 948 εἷναι
2442 895 2696 967 γέννησίν
2727 913 2862 966 φατε
2907 896 3009 965 τὴν
3041 895 3163 948 κατ’
3193 895 3377 948 αἰτίαν
3406 895 3599 965 μόνην,
3630 893 3732 945 καὶ

2134 988 2365 1059 ἄχρονον
2394 989 2490 1042 καὶ
2521 988 2795 1043 ωναῖδιον
2824 988 2900 1059 τῷ
2946 989 3124 1059 Πατρὶ
3151 987 3246 1043 τοῦ
3275 986 3412 1040 Θεοῦ
3455 987 3651 1053 Λόγου,
3686 986 3723 1055 ἥ

2140 1079 2510 1152 συνυπάρχειν
2560 1080 2637 1152 τῷ
2676 1082 2938 1149 γεννῶντι
2963 1080 3237 1134 δείκνυσιν
3265 1078 3327 1132 τὸ
3356 1076 3727 1149 γεννώμενον,

2133 1172 2234 1244 τὴν
2272 1173 2372 1245 οὐχ
2407 1174 2602 1242 ὁμοίαν
2654 1173 2790 1245 αὐτῇ
2826 1174 3101 1244 γέννησιν,
3129 1172 3250 1227 οὐδὲ
3296 1171 3501 1243 κυρίως
3531 1170 3730 1241 γέννη-

2136 1282 2221 1318 σιν
2259 1264 2393 1319 ῐστε.
2425 1264 2654 1318 Ἕσεσθε
2687 1263 2780 1317 οῦν
2804 1264 2991 1318 λοιπὸν
3030 1266 3107 1335 μὴ
3137 1264 3334 1335 κυρίαν
3368 1263 3568 1325 εἰδότες
3595 1263 3727 1330 γέν-

2134 1373 2291 1426 νησιν
2344 1356 2440 1409 τοῦ
2488 1356 2672 1413 Ἰσαὰκ
2700 1356 2761 1421 ἐξ
2810 1358 3086 1427 Ἀϐραὰμ,
3126 1357 3161 1427 ἦ
3198 1374 3344 1419 τινος
3402 1357 3591 1427 ἑτέρου
3623 1358 3724 1409 ἀν-

2142 1446 2365 1516 θρώπου
2401 1447 2459 1514 ἐξ
2500 1446 2791 1518 ἀνθρώπου
2817 1448 2990 1514 ὄντος,
3023 1448 3055 1519 ἢ
3088 1447 3225 1513 ζώου
3261 1450 3326 1501 ὲκ
3358 1445 3517 1513 ζώου,
3553 1448 3586 1518 ἢ
3618 1465 3729 1516 cpu-

2133 1540 2230 1593 τοῦ
2256 1543 2322 1594 ὲκ
2350 1540 2519 1610 φυτοῦ
2543 1542 2862 1612 γινομένην·
2891 1540 3015 1595 οὔτε
3038 1540 3147 1611 γάρ
3173 1540 3379 1611 ἄχρονα
3410 1539 3579 1594 ταῦτα
3600 1540 3726 1592 οὐδὲ

2137 1630 2383 1686 συναῖδια
2430 1630 2551 1685 οὐδὲ
2610 1632 2799 1696 ἁπλῶς
2852 1633 2966 1695 τοῖς
2993 1632 3237 1686 τίκτουσι
3284 1632 3726 1702 συνυπάρχονταο

2134 1721 2258 1775 οὐδὲ
2286 1723 2463 1793 πάντη
2492 1724 2653 1794 ὃμοια
2686 1724 2950 1791 γίνονται,
2981 1723 3173 1795 ῶσπερ
3203 1725 3232 1776 6
3254 1724 3385 1787 Θεὸς
3412 1726 3505 1777 καὶ
3533 1723 3727 1796 Πατὴρ

2133 1812 2226 1865 τὸν
2261 1811 2435 1880 Λόγον
2464 1809 2776 1883 ἐγέννησεν.
2811 1812 2874 1865 El
2922 1812 2979 1865 δὲ
3036 1811 3244 1883 ἀληθής
3271 1812 3386 1863 ἐστι
3417 1811 3509 1863 καὶ
3531 1811 3565 1880 ή
3592 1809 3692 1877 γέν
3712 1840 3726 1851 -

2134 1919 2290 1973 νησις
2341 1901 2436 1955 τοῦ
2500 1903 2687 1957 Ἰσαὰκ
2737 1903 2770 1973 ή
2812 1902 2872 1966 ἐξ
2911 1900 3182 1972 Ἀϐραάμ,
3226 1901 3303 1964 ὡς
3344 1900 3438 1953 καὶ
3467 1900 3625 1969 ὑμεῖς
3664 1898 3727 1951 ὲν

2133 1995 2343 2067 ἑτέροις
2374 1994 2589 2059 εἴπατε,
2616 1994 2711 2049 καὶ
2732 1994 2843 2047 τῶν
2871 1994 3076 2048 λοιπῶν
3111 1992 3264 2058 ζώων
3293 2010 3352 2045 τε
3388 1992 3482 2045 καὶ
3512 1991 3700 2060 φυτῶν

2132 2086 2430 2158 ὑπόχρονός
2481 2104 2542 2139 τε
2580 2082 2717 2141 οὖσα
2768 2087 2863 2140 καὶ
2927 2087 3303 2157 μεθυπάρχειν
3354 2083 3611 2137 δεικνῦσα
3658 2090 3728 2135 το

2132 2181 2498 2250 γεννώμενον,
2530 2181 2626 2236 καὶ
2656 2181 2844 2245 ἁπλῶς
2880 2182 2979 2250 τῆς
3009 2181 3161 2244 θείας
3194 2180 3437 2251 φέρουσα
3468 2178 3724 2248 ἀπείροις

2134 2274 2230 2328 καὶ
2256 2276 2389 2328 πᾶσι
2416 2275 2602 2345 σχεδὸν
2632 2278 2745 2339 τοῖς
2771 2276 2950 2343 λόγοις
2985 2275 3094 2328 τῶν
3120 2276 3449 2343 γεννήσεων,
3478 2274 3577 2326 οὐκ
3610 2274 3723 2343 ἄρα

2134 2365 2289 2419 ἔσται
2320 2364 2528 2435 κυρίως
2549 2364 2805 2420 καὶκατὰ
2836 2364 3095 2435 ἀλήθειαν
3130 2363 3267 2434 μόνη
3297 2359 3433 2416 οῦσα
3466 2360 3725 2430 γέννησις

2135 2457 2256 2511 καθ’
2288 2458 2435 2527 ὑμᾶς
2468 2457 2501 2527 ἠ
2547 2457 2613 2510 ὲκ
2651 2456 2787 2510 Θεοῦ
2826 2455 3038 2527 Πατρός
3081 2455 3272 2518 ἀῖδίως
3317 2453 3586 2524 νοουμένη
3620 2451 3724 2505 τοῦ

2134 2545 2332 2613 Λόγου.
2384 2545 2447 2597 El
2480 2540 2574 2598 οῦν
2630 2544 2858 2614 κάκείνη
2909 2544 3003 2597 καὶ⁵
3042 2538 3201 2598 αὗται
3250 2543 3471 2615 ἀληθεῖς
3516 2542 3627 2595 εἰσί
3662 2557 3727 2593 τε

2135 2638 2231 2691 καὶ
2278 2637 2527 2705 λέγονται
2569 2637 2873 2707 γεννήσεις,
2906 2634 3126 2705 ἀληθεῖς
3178 2635 3288 2705 ἄρα
3322 2634 3414 2687 καὶ
3455 2631 3598 2686 κατά
3626 2632 3726 2683 τὸν

2134 2730 2391 2799 διάφορον
2419 2728 2577 2797 λόγον
2627 2727 2738 2781 τῶν
2771 2728 3084 2798 γεννήσεων
3113 2728 3163 2780 οί
3206 2726 3492 2797 λεγόμενοι
3521 2727 3723 2793 γεννή-

2134 2837 2311 2890 τορες.
2339 2819 2549 2873 Οὐκοῦν
2586 2819 2681 2873 καὶ
2728 2817 2938 2881 Παῦλος
2968 2818 3059 2872 διὰ
3104 2817 3198 2871 τοῦ
3239 2817 3594 2886 Εὐαγγελίου,
3625 2817 3727 2870 καὶ

2134 2910 2195 2963 τὸ
2239 2896 2466 2979 Πνεῦμά
2518 2910 2608 2963 διὰ
2650 2909 2744 2963 τοῦ
2802 2910 3202 2981 βαπτίσματος,
3234 2912 3330 2963 καὶ
3374 2911 3625 2981 Ἀϐραάμ
3657 2912 3725 2962 ὲκ

2136 3002 2234 3071 τῆς
2268 3001 2489 3071 ὀσφύος,
2526 3001 2619 3055 καὶ
2672 3001 2872 3071 Ῥαχὴλ
2902 3001 2967 3055 ὲκ
3006 3004 3105 3072 τῆς
3136 3002 3365 3067 κοιλίας,
3412 3002 3506 3055 καὶ
3548 3002 3578 3053 6
3608 3002 3724 3052 Πα-

2134 3096 2241 3166 τὴρ
2272 3093 2332 3160 ἐξ
2360 3094 2552 3148 ἑαυτοῦ
2579 3095 2674 3148 καὶ
2706 3098 2763 3146 ὲν
2798 3094 2979 3164 ἑαυτῷ
3017 3095 3245 3163 γεννῶν,
3278 3095 3477 3156 πάντες
3504 3092 3726 3163 ἀληθῶς

2138 3188 2460 3258 γεννήτορες
2489 3190 2593 3239 εἰσι
2618 3188 2713 3240 καὶ
2740 3186 3008 3255 λέγονταιο
3039 3187 3196 3257 είπερ
3230 3182 3324 3239 οὖν
3357 3184 3452 3238 καὶ
3474 3184 3728 3247 πλείονες

2138 3277 2279 3332 κατὰ
2310 3277 2528 3341 πλείους
2570 3276 2777 3330 τούτων
2823 3279 3058 3348 τρόπους
3116 3272 3227 3329 εἶεν
3258 3274 3352 3328 τοῦ
3387 3274 3553 3327 αὑτοῦ
3602 3274 3728 3337 ἑνός

2136 3386 2281 3430 τινος
2310 3369 2665 3439 γεννήτορες,
2717 3367 2935 3437 ἀληθῶς
2984 3368 3202 3420 πάντων
3242 3368 3270 3419 6
3309 3364 3470 3427 αὐτὸς
3498 3358 3577 3426 εἷς
3607 3364 3730 3425 υίὸς

2136 3461 2314 3518 ἔσται.
2342 3459 2478 3513 Κατ’
2508 3460 2687 3513 αἰτίαν
2714 3460 2822 3530 ἄρα
2858 3461 2923 3512 ὲκ
2952 3458 3183 3528 Ιῐατρὸς,
3212 3458 3352 3510 κατά
3385 3457 3441 3510 δὲ
3475 3456 3731 3509 σύνθεσίν

2139 3552 2233 3605 καὶ
2274 3550 2537 3620 σύλληψιν
2563 3552 2627 3604 ἐκ
2658 3550 2864 3621 μητρὸς
2892 3552 2920 3602 6
2948 3550 3119 3617 Λόγος
3148 3549 3491 3617 γεγέννηται·
3518 3546 3581 3599 τὸ
3615 3547 3730 3615 γάρ

2140 3644 2404 3698 συλλαϐὸν
2434 3642 2602 3707 ἅπαξ,
2633 3644 2695 3696 οὐ
2737 3643 2798 3695 τὸ
2836 3642 2958 3695 ὅλον
3007 3642 3066 3709 ἐξ
3095 3642 3262 3695 αὑτοῦ
3305 3642 3498 3708 τίκτει,
3525 3640 3601 3703 ὼς
3626 3638 3732 3709 δη-

2138 3735 2222 3789 λοῖ
2253 3735 2429 3788 καὶτὸ
2468 3735 2568 3804 τῆς
2598 3734 2814 3805 λήψεως
2835 3734 3027 3805 ὄνομα.

2755 3936 3008 3990 ΚΕΦΛΛ.
3042 3934 3119 3989 E'.

2210 4028 2275 4081 Ei
2325 4028 2358 4097 ὴ
2406 4027 2666 4099 γέννησις
2710 4028 2804 4083 τοῦ
2845 4027 2981 4081 Θεοῦ
3022 4027 3197 4095 Λόγου
3237 4025 3302 4078 ὲκ
3333 4024 3545 4095 [ἰατρὸς
3583 4026 3736 4079 κατά

2140 4119 2401 4188 ἀλήθειαν
2453 4117 2592 4173 οὖσα
2649 4119 3031 4191 παρήλλακται
3087 4122 3189 4188 τῆς
3245 4117 3733 4188 ὲπιφημιζομένης

2140 4211 2306 4265 αὑτοῦ
2340 4211 2485 4267 κατὰ
2512 4212 2774 4283 ἀλήθειαν
2806 4213 2871 4265 ἐκ
2899 4210 3159 4281 γυναικὸς
3184 4250 3199 4276 ,
3250 4210 3463 4279 ἀνάγκη
3492 4208 3548 4261 δὲ
3580 4209 3735 4261 πᾶσα

2141 4296 2217 4357 ὧν
2266 4306 2295 4357 ό
2336 4305 2498 4368 τόκος
2538 4306 2568 4357 ό
2602 4304 2745 4357 κατά
2774 4303 3035 4373 ἀλήθειαν
3065 4302 3481 4381 παρήλλακται,
3518 4300 3733 4352 τούτων

2142 4397 2237 4450 καὶ
2288 4396 2391 4467 τὴν
2442 4397 2634 4451 οὐσίαν
2682 4396 3104 4467 παρηλλάχθαι,
3162 4396 3380 4466 ἀνάγκη
3426 4394 3535 4466 ἄρα
3578 4396 3734 4448 πᾶσα

2145 4488 2549 4559 παραλλάττειν
2606 4487 2701 4541 τδν
2752 4488 2886 4541 Θεὸν
2930 4488 3107 4556 Λόγον
3154 4488 3320 4542 αὑτὸν
3370 4487 3565 4539 ἑαυτοῦ
3612 4487 3735 4539 κατ’

446 4579 612 4636 tionis
642 4581 823 4636 modi.
847 4582 905 4636 Si
928 4591 1112 4637 autem
1143 4598 1172 4636 a
1198 4583 1381 4651 sei-pse
1407 4582 1596 4637 dill‘ert
1625 4583 1771 4638 Deus
1794 4583 2036 4638 Verbum

2143 4580 2355 4647 οὐσίαν,
2389 4580 2477 4635 διὰ
2502 4580 2563 4633 τὸ
2592 4580 2978 4653 παρηλλάχθαι
3011 4582 3097 4633 ἐπ’
3126 4578 3294 4634 αὐτοῦ
3323 4581 3451 4643 τοὺς
3473 4581 3737 4643 τοκετοὺς

444 4671 626 4740 quoad
658 4672 1048 4738 substantiam,
1098 4674 1237 4727 nulli
1271 4689 1403 4743 ergo
1428 4673 1536 4729 erit
1568 4675 1749 4744 quoad
1776 4676 2038 4730 substan—

446 4760 577 4814 tiam
609 4760 828 4824 similis,
878 4777 1062 4831 neque
1109 4762 1257 4816 Patri
1306 4764 1538 4829 scilicet,
1576 4780 1758 4833 neque
1806 4766 2038 4836 Spiritui

443 4861 673 4907 sancto:
712 4853 859 4921 quod
894 4854 1038 4908 tollit
1066 4853 1720 4911 consubstantialitatem.
1744 4889 1814 4898 —
1853 4859 2041 4915 Multis

446 4941 935 5011 impertinentibus
986 4952 1042 4996 et
1078 4941 1378 5012 azquivocis
1430 4943 1772 5013 argumentis
1797 4952 2039 4999 vestram

445 5032 785 5102 impietatem
844 5034 1163 5101 sustinetis;
1209 5034 1364 5089 etde
1410 5036 1743 5105 quibusnam
1800 5035 2040 5105 primum

448 5140 545 5178 vos
570 5124 887 5181 incusemus
917 5126 1270 5198 ambigimus.
1306 5127 1423 5181 Jam
1455 5128 1626 5193 enim,
1652 5143 1777 5181 cum
1806 5127 2043 5182 diversa:

447 5213 559 5267 sint
587 5215 993 5284 generationes,
1029 5231 1222 5271 omnes
1255 5224 1435 5271 tamen
1464 5233 1592 5271 vere
1625 5232 1767 5281 esse,
1794 5217 1912 5271 sive
1931 5217 2045 5271 sint

452 5305 618 5359 unius
653 5306 978 5376 cujusdam,
1009 5308 1126 5362 sive
1170 5307 1282 5362 sint
1317 5308 1561 5377 plurium
1599 5308 1797 5364 similis
1827 5308 2040 5373 formae,

451 5404 614 5451 antea
639 5414 669 5451 a
700 5398 861 5452 nobis
895 5398 1335 5454 demonstratum
1373 5398 1495 5454 fuit.
1529 5400 1598 5455 Et
1633 5416 1765 5455 ecce
1807 5416 1904 5455 vos
1936 5400 2042 5471 ipsi

452 5488 745 5542 nobiscum
779 5491 1130 5557 consentitis,
1179 5491 1419 5545 dicendo
1459 5509 1476 5542 ι
1513 5490 1719 5562 quibus
1754 5507 1887 5547 vere
1917 5504 2045 5563 par-

454 5590 543 5635 tus
575 5580 780 5647 ditTert,
806 5601 823 5632 ι
854 5582 1010 5637 scitis
1038 5584 1185 5637 enim
1212 5592 1268 5638 et
1292 5600 1391 5639 vos
1416 5585 1526 5655 jam
1571 5584 1894 5640 differentes
1922 5586 2046 5655 qui-

456 5674 605 5740 dem,
638 5676 733 5729 sed
763 5692 925 5731 veros
956 5688 1139 5733 tamen
1185 5688 1377 5749 partus
1405 5680 1694 5750 quosdam.
1729 5681 1898 5736 Error
1942 5698 2046 5737 au-

457 5773 567 5816 tem
591 5775 771 5819 vester
803 5783 947 5821 nunc
974 5777 1059 5823 est
1087 5769 1232 5838 quod
1259 5770 1453 5825 dicatis
1479 5812 1493 5837 ,
1528 5786 1766 5841 quorum
1813 5787 2044 5843 genera-

457 5854 637 5909 tiones
662 5855 945 5925 ditl‘erunt,
984 5874 1177 5916 eorum
1206 5860 1431 5918 differre
1462 5870 1517 5918 et
1549 5862 1905 5923 substantias.
1936 5865 2043 5931 Qui

2143 4674 2286 4725 κατά
2331 4672 2612 4743 ἀλήθειαν.
2676 4673 2739 4725 El
2789 4671 2847 4725 δὲ
2894 4672 3059 4736 αὐτὸς
3109 4672 3305 4725 ἑαυτοῦ
3346 4670 3734 4742 παρήλλακται

2141 4765 2169 4816 6
2200 4762 2335 4826 Θεὸς
2365 4763 2539 4830 Λόγος
2589 4762 2711 4815 κατ’
2745 4762 2959 4828 οὐσίαν,
2996 4763 3173 4816 οὐδενὶ
3204 4764 3359 4817 ἔσται
3390 4762 3515 4815 κατ’
3539 4761 3733 4814 οὐσίαν

2142 4856 2366 4925 ὅμοιος,
2424 4855 2547 4909 οὐδὲ
2594 4855 2673 4926 τῷ
2723 4856 2900 4925 Πατρὶ
2949 4857 3058 4925 ἄρα
3100 4856 3193 4909 καὶ
3235 4855 3313 4926 τῷ
3343 4854 3623 4925 Πνεῦματι
3653 4853 3735 4923 τῷ

2145 4946 2285 5016 ἁγίῳ
2307 4986 2323 5011 ,
2378 4946 2518 5016 ὅπερ
2563 4946 2782 5018 ἀναιρεί
2818 4949 2880 4999 τὸ
2910 4945 3215 5016 ὁμοούσιον.
3256 4946 3480 5008 Πολλοῖς
3509 4944 3735 5007 ἀτόποις

2144 5038 2239 5091 καὶ
2272 5037 2582 5108 ἱσοῤῥόποις
2608 5037 2710 5107 τὴν
2730 5036 2985 5091 ἀσέϐειαν
3014 5036 3307 5107 συνέχεσθε
3329 5054 3343 5066 ο
3378 5037 3472 5090 καὶ
3497 5036 3737 5105 ἀποροῦ-

2148 5146 2247 5200 μεν
2286 5128 2417 5198 περὶ
2449 5128 2626 5182 ποίων
2661 5130 2790 5200 ὑμῖν
2821 5129 3145 5199 πρωτίστων
3174 5127 3548 5196 ὲγκαλέσομεν
3575 5142 3590 5157 ο
3630 5124 3732 5195 ἤδη

2148 5222 2249 5293 μὲν
2279 5223 2388 5294 γὰρ
2422 5223 2518 5275 καὶ
2547 5222 2820 5290 διαφόρων
2849 5221 3026 5274 οὐσῶν
3059 5221 3168 5274 τῶν
3199 5221 3540 5290 γεννήσεων,
3579 5219 3735 5286 ὅμως

2145 5312 2363 5381 ἀληθῶς
2410 5313 2591 5375 πάσας
2638 5308 2779 5366 εἶναι
2834 5310 2939 5365 κᾶν
2972 5311 3093 5375 ἑνός
3124 5328 3293 5374 τινος,
3333 5310 3439 5364 κᾶν
3468 5309 3735 5361 πλειόνων

2143 5405 2412 5474 ὁμοειδῶν
2457 5399 2569 5457 εἷεν
2592 5443 2606 5467 ,
2655 5404 3155 5473 προαποδέδεικται
3185 5402 3340 5473 ἡμῖν.
3391 5401 3522 5455 Ἰδοὺ
3551 5400 3610 5453 δὲ
3637 5401 3737 5454 καὶ

2147 5497 2305 5566 ὑμεῖς
2338 5495 2629 5549 συνέθεσθε
2664 5497 2829 5567 ἡμῖν,
2877 5490 3009 5549 (Ὧν
3050 5499 3080 5551 6
3111 5495 3254 5549 κατά
3283 5493 3545 5563 ἀλήθειαν
3574 5492 3738 5555 τόκος⁵

2150 5586 2570 5659 παρήλλακται,
2592 5606 2611 5640 ›
2664 5587 2918 5655 λέγοντες
2944 5604 2956 5618 ο
3015 5587 3131 5641 ἴστε
3165 5585 3272 5657 γάρ
3314 5585 3418 5655 ήδη
3452 5585 3545 5637 καὶ
3574 5583 3738 5652 ὑμεῖς

2152 5679 2632 5751 παραλλάττοντας
2668 5679 2768 5748 μὲν
2785 5719 2799 5745 ,
2837 5678 3060 5748 ἀληθεῖς
3086 5678 3144 5731 δὲ
3171 5674 3311 5731 εἶναι
3337 5677 3533 5739 τόκους
3556 5677 3734 5738 τινάς.

2149 5773 2357 5837 Ψεῦδος
2389 5772 2446 5825 δὲ
2481 5773 2576 5825 καὶ
2620 5771 2680 5824 τὸ
2722 5770 2817 5825 νῦν
2855 5770 3147 5842 λεγόμενον
3178 5770 3310 5841 ὑμῖν
3336 5771 3506 5834 ἐστιν,
3542 5768 3626 5821 ὅτι
3655 5761 3738 5821 ὧν

2148 5865 2208 5920 αἱ
2239 5866 2522 5936 γεννήσεις
2565 5863 2847 5936 διάφοροι,
2892 5863 3099 5920 τούτων
3135 5863 3231 5919 καὶ
3264 5861 3321 5919 αἱ
3351 5860 3548 5917 οὐσίαι.
3585 5856 3736 5915 Οῖτε
