4116 6450
402 430 538 499 1661

1365 439 1768 503 ADVERSUS
1807 441 2432 507 NESTORIANOS.—
2462 446 2608 508 LIB.
2652 447 2752 510 IV.

3548 447 3569 511 I
3580 449 3685 513 602

398 551 509 620 γὰρ
557 546 772 601 Παῦλον
817 549 1033 620 πατέρα
1077 549 1511 622 ἐπιγραφόμενοι
1554 552 1645 607 διὰ
1680 550 1776 606 τοῦ
1808 553 1971 620 Εὐαγ-

2087 554 2235 609 enim
2265 567 2571 625 agnoscunt
2600 557 2831 611 Paulum
2865 565 3107 627 patrem;
3141 557 3235 627 qui
3264 557 3447 613 carnis
3468 566 3684 629 patres;

397 642 603 710 γελίου,
646 641 790 694 οἵτε
844 643 971 705 τοὺς
1014 642 1114 710 τῆς
1154 642 1358 713 σαρκὸς
1397 643 1679 713 πατέρας,
1724 644 1868 697 οἵτε
1899 644 1991 697 τὸν

397 733 624 805 Πατέρα
651 733 762 786 τῶν
793 733 1141 804 πνευμάτων,
1175 735 1228 787 οἴ
1255 751 1313 788 τε
1347 738 1413 789 ἐκ
1438 734 1533 789 τοῦ
1557 736 1810 790 διαϐόλου
1837 737 1992 806 λεγόο

400 842 552 894 μενοι
575 825 959 895 γεγεννῆσθαι,
992 825 1046 878 οἵ
1068 843 1127 879 τε
1159 826 1216 891 ἐξ
1245 826 1491 897 ἐχιδνῶν,
1524 828 1647 882 καθ’
1672 828 1865 900 ἑτέραν
1893 831 1991 898 μὲν

401 919 635 982 ἕκαστος
684 916 941 987 γέννησιν
982 918 1341 990 γεγέννηται,
1396 921 1489 974 καὶ
1519 921 1669 991 ὅμως
1697 921 1795 991 τῆς
1821 921 1992 991 αὐτῆς

402 1008 628 1073 πάντες,
653 1008 822 1079 ἤγουν
843 1006 1033 1077 ὁμοίας
1056 1007 1422 1080 ἀνθρωπίνης,
1444 1010 1584 1063 εἰσὶν
1602 1010 1812 1074 οὐσίας.
1831 1009 1995 1079 Τιμό-

403 1100 525 1164 θεος
551 1100 607 1153 δέ
639 1101 668 1153 ό
697 1099 863 1170 ἱερὸς,
892 1099 1105 1153 Παύλου
1135 1117 1195 1153 τε
1222 1100 1315 1153 καὶ
1338 1102 1546 1172 πατρὸς
1565 1101 1826 1173 Ἕλληνος
1853 1101 1987 1167 υἱὸς,

400 1191 494 1247 καὶ
526 1186 607 1255 εἷς
637 1191 712 1244 ὢν
739 1190 820 1262 τῷ
843 1190 1084 1262 ἀριθμῷ,
1123 1190 1345 1254 πλείους
1377 1192 1722 1264 ἐπεγράφετο
1751 1193 1990 1246 τοιούσδε

396 1284 663 1355 πατέρας,
691 1283 816 1346 Πῶς
842 1278 935 1337 οὖν
958 1282 1131 1336 ταῦτα
1153 1284 1492 1355 μαρτυρήσει
1518 1286 1628 1348 τοῖς
1650 1284 1780 1357 παρ’
1805 1286 1987 1357 ύμῶνς

396 1376 506 1429 Καὶ
556 1374 728 1439 οὕτως
774 1375 875 1444 μὲν
922 1373 1087 1428 τάδε·
1146 1375 1239 1428 τοῦ
1288 1374 1346 1428 δὲ
1395 1375 1566 1446 Ἀδάμ
1616 1376 1847 1448 ἑτέρως,
1895 1379 1990 1431 καὶ

398 1467 540 1532 Εύας
589 1469 791 1540 ἑτέρως
812 1510 826 1533 ,
862 1468 957 1522 καὶ
987 1467 1094 1537 Σὴθ
1126 1468 1326 1539 ἑτέρως
1353 1471 1801 1540 γεγεννημένων,
1858 1472 1989 1542 μίαν

396 1562 581 1624 αὐτοῖς
627 1561 776 1631 ὅμως
821 1557 962 1614 εἶναι
1016 1560 1115 1630 τὴν
1155 1560 1316 1630 φύσιν
1364 1561 1458 1614 καὶ⁴
1494 1562 1595 1631 τὴν
1627 1562 1795 1633 αὐτὴν
1826 1565 1986 1630 πᾶσι,

391 1653 475 1718 τίς
498 1654 742 1724 άντερεϊ;
778 1652 921 1707 ὥστε
952 1653 1074 1708 οὐδὲ
1101 1647 1179 1707 ὧν
1207 1655 1263 1707 αἱ
1287 1654 1571 1726 γεννήσεις
1593 1655 1858 1726 διάφοροι,
1892 1658 1988 1711 καὶ

390 1745 449 1797 αί
471 1745 673 1799 ούσίαι·
708 1745 887 1809 ἄλλως
914 1763 973 1798 τε
1002 1748 1051 1798 εἰ
1080 1745 1173 1799 ἐπ’
1194 1746 1358 1802 ἄλλου
1389 1746 1486 1801 καὶ
1508 1746 1670 1801 ἄλλου
1689 1748 1985 1819 προσώπου

390 1834 776 1905 λαμϐάνοιντο,
812 1837 943 1900 ἴσως
972 1836 1209 1901 δείξουσι
1236 1837 1297 1891 τὸ
1327 1837 1452 1891 κατ’
1478 1838 1668 1892 οὐσίαν
1697 1840 1978 1911 διάφορον·

2012 1900 2055 1956 Β

2094 646 2191 716 qui
2244 656 2456 715 patrem
2506 648 2839 717 spirituum,
2897 649 2992 718 qui
3029 650 3295 705 dicuntur
3349 668 3415 707 ex
3461 652 3685 706 diabolo

2094 737 2243 803 nati;
2297 740 2504 809 quique
2560 755 2629 794 ex
2689 740 2915 810 viperis,
2968 741 3022 795 hi
3055 741 3359 795 secundum
3408 742 3685 797 diversam

2094 829 2328 899 quisque
2363 831 2777 900 generationem
2805 832 2976 902 geniti
3017 840 3167 896 sunt,
3189 843 3245 887 et
3273 843 3455 888 tamen
3491 850 3687 889 omnes

2093 920 2311 988 similis,
2352 924 2605 978 humana:
2626 925 2910 989 videlicet,
2958 935 3087 979 sunt
3119 925 3464 980 substantiae.
3514 926 3685 981 Divus

2093 1021 2279 1067 autem
2332 1012 2678 1078 Timotheus,
2724 1015 2880 1069 Pauli
2932 1023 2989 1069 et
3042 1016 3217 1084 patris
3248 1017 3470 1086 gentilis
3510 1017 3681 1082 ﬁlius,

2091 1106 2224 1161 licet
2254 1123 2399 1161 unus
2446 1124 2701 1173 numero,
2750 1110 2940 1178 plures
2974 1119 3157 1165 tamen
3203 1111 3305 1165 hos
3345 1112 3681 1181 agnoscebat

2091 1208 2298 1267 patres.
2328 1197 2619 1263 Quomodo
2666 1199 2835 1269 igitur
2878 1200 2982 1255 ista
3014 1200 3455 1257 testiﬁcabuntur
3491 1202 3560 1257 de
3591 1203 3681 1259 bis

2090 1305 2214 1359 quae
2244 1306 2273 1343 a
2298 1290 2455 1345 vobis
2484 1292 2656 1345 sunt?
2685 1293 2751 1346 Et
2779 1294 2895 1349 hinc
2917 1293 3143 1363 quidem
3177 1294 3282 1348 iste
3302 1295 3466 1349 modo
3495 1310 3510 1349 :
3539 1294 3679 1350 Cum

2090 1380 2255 1435 aliter
2292 1381 2487 1448 Adam,
2542 1384 2706 1439 aliter
2740 1385 2889 1449 Evae,
2933 1385 3095 1441 aliter
3143 1385 3277 1440 Seth
3322 1386 3492 1456 geniti
3544 1388 3677 1453 sint,

2091 1489 2255 1527 unam
2290 1482 2475 1529 tamen
2506 1475 2589 1530 eis
2613 1491 2735 1531 esse
2766 1486 3042 1545 naturam,
3073 1486 3129 1532 et
3158 1477 3381 1547 quidem
3406 1479 3678 1543 eamdem,

2090 1564 2215 1634 quis
2240 1565 2439 1635 neget?
2485 1565 2565 1620 Ita
2604 1575 2663 1620 ut
2714 1583 2951 1637 quorum
2979 1567 3367 1638 generationes
3421 1568 3675 1636 diversae,

2089 1670 2282 1709 eorum
2322 1670 2433 1709 non
2478 1654 2605 1710 ideo
2644 1655 2756 1710 sint
2788 1656 3111 1711 substantiae
3150 1654 3404 1710 diversae.
3439 1656 3677 1710 Praeser-

2089 1749 2211 1811 tim,
2241 1747 2284 1802 si
2308 1763 2473 1801 unam
2504 1755 2561 1802 et
2600 1747 2762 1802 aliam
2796 1746 2992 1802 faciem
3026 1748 3395 1819 susceperint,
3420 1747 3562 1802 forte
3593 1748 3678 1801 in—

2089 1839 2341 1895 dicarent
2369 1840 2740 1895 differentiam
2770 1839 2918 1895 circa
2944 1841 3309 1896 substantiam
3347 1859 3361 1895 :
3395 1842 3450 1896 in
3480 1841 3677 1897 eodem

388 1929 483 1983 ἐπὶ
532 1929 590 1982 δὲ
639 1928 735 1983 τοῦ
783 1929 951 1983 αὑτοῦ
1001 1930 1367 2000 ὑποκειμένου
1418 1930 1513 1983 καὶ
1550 1932 1670 1992 ταῖς
1698 1930 1971 2003 διαφόροις

2079 1938 2264 1986 autem
2299 1931 2577 2002 subjecto,
2608 1931 2779 1986 etiam
2806 1931 3043 1987 diversis
3071 1933 3526 2003 generationibus
3572 1932 3677 1987 do-

386 2022 677 2093 γεννήσεσι
708 2023 1196 2094 κατηγορουμένου
1218 2063 1233 2088 ,
1282 2023 1405 2088 πῶς
1434 2024 1495 2077 τὸ
1521 2024 1654 2079 αὐτὸ
1686 2025 1976 2096 ἀδιάφορον

385 2114 575 2182 ἔσταις
628 2113 695 2167 Τί
736 2110 831 2169 οὖν
879 2114 956 2186 μὴ
999 2114 1279 2182 δείξαντες
1308 2116 1555 2188 πρῶτον,
1598 2118 1681 2171 ὅτι
1715 2118 1857 2172 κατὰ
1881 2118 1976 2173 δύο

384 2208 669 2278 γεννήσεις
690 2207 1001 2280 διαφόρους,
1027 2209 1088 2263 ού
1116 2209 1343 2264 δυνατὸν
1372 2210 1405 2283 ἢ
1433 2211 1494 2264 τὸ
1519 2211 1653 2265 αὐτὸ
1677 2211 1735 2265 ἒν
1755 2213 1976 2266 ὑποκεί-

387 2317 548 2372 μενον
578 2299 931 2370 ὑφίστασθαι,
968 2300 1005 2373 ﬁ
1035 2318 1159 2356 τινα
1183 2301 1445 2373 ὁμοούσια
1472 2303 1744 2369 νοεῖσθαι,
1785 2304 1975 2369 ἁπλῶς

382 2394 449 2447 ἐκ
478 2392 580 2463 τῆς
608 2392 875 2464 διαφορᾶς
906 2394 1009 2464 ήδη
1037 2394 1145 2448 τῶν
1172 2395 1515 2466 γεννήσεων,
1545 2395 1804 2469 διάφορον
1832 2392 1973 2452 εῖναι

380 2483 479 2536 καὶ
522 2483 582 2537 τὸ
613 2482 747 2537 αὐτὸ
793 2482 851 2538 ἑν
886 2483 1231 2555 γεννώμενον
1268 2486 1635 2557 ὑποκείμενον
1665 2489 1968 2558 συνάγετε;

396 2576 794 2649 Ἀντιστρόφως
837 2578 947 2650 γὰρ
992 2578 1122 2649 ύμῖν
1170 2579 1333 2649 ήμεῐς
1375 2579 1651 2651 ἐροῦμεν,
1701 2581 1783 2636 ὅτι
1817 2583 1867 2635 εί
1898 2576 1973 2637 ὧν

380 2668 439 2721 αἱ
482 2671 767 2740 γεννήσεις
811 2670 1103 2742 διάφοροι,
1161 2672 1257 2726 καὶ
1302 2673 1335 2742 ή
1374 2672 1533 2726 οὐσία
1559 2672 1838 2745 διάφορος,
1866 2676 1973 2746 ἄρα

383 2760 480 2814 καὶ
525 2753 601 2814 ὧν
649 2760 945 2834 ἀδιάφορος
991 2764 1023 2833 ή
1066 2762 1355 2834 γέννησις,
1392 2764 1487 2818 καὶ
1522 2766 1579 2817 αί
1610 2765 1790 2819 οὐσίαι
1815 2767 1973 2821 ἀδιά-

380 2868 572 2922 φοροι·
626 2853 822 2908 οὐκοῦν
868 2854 1168 2926 ύπόχρονός
1202 2873 1262 2909 τε
1308 2851 1445 2910 οὖσα
1490 2858 1587 2911 καὶ
1621 2860 1971 2932 σπερματικὴ

379 2946 477 2999 καλ⁵
509 2946 598 3001 διὰ
630 2946 847 3019 μήτρας
876 2950 972 3003 καὶ
1001 2948 1206 3020 ὁμοίως
1234 2948 1435 3021 ἔχουσα
1458 2951 1716 3021 γέννησις
1744 2953 1882 3008 ὄνων
1909 2972 1970 3008 τε

378 3038 475 3090 καὶ
518 3038 699 3092 κυνῶν
749 3041 845 3093 καὶ
886 3040 1195 3112 ἀνθρώπων
1245 3041 1340 3095 καὶ
1384 3041 1530 3096 συῶν
1565 3043 1661 3096 καὶ
1695 3043 1965 3114 πιθήκων,

377 3129 573 3200 ὁμοίαν
606 3130 774 3184 τῶνδε
809 3132 1112 3203 παρίστησι
1146 3133 1242 3187 καὶ
1271 3132 1372 3204 τὴν
1402 3133 1633 3202 οὐσίαν;
1683 3134 1749 3188 Τί
1781 3134 1839 3188 δέ
1876 3153 1968 3205 μοι

2077 2031 2233 2089 nato,
2256 2024 2537 2093 quomodo
2587 2023 2734 2079 idem
2791 2023 3075 2080 diversum
3126 2025 3269 2080 erit?
3314 2026 3502 2096 Igitur,
3548 2041 3676 2082 cum

2077 2130 2192 2169 non
2218 2114 2743 2170 demonstraveritis
2776 2114 2910 2169 illud
2941 2116 3202 2185 primum,
3226 2116 3438 2171 scilicet
3470 2131 3676 2171 secun-

2075 2204 2207 2260 dum
2233 2205 2375 2260 duas
2406 2206 2795 2277 generationes
2818 2206 3070 2262 diversas
3100 2208 3216 2261 ﬁeri
3253 2222 3365 2261 non
3398 2210 3561 2275 posSe
3583 2206 3673 2261 vel

2076 2308 2140 2353 ut
2169 2314 2342 2353 unum
2377 2307 2432 2353 et
2466 2297 2612 2352 idem
2635 2298 2949 2368 subjectum
2989 2298 3280 2364 subsistat,
3313 2299 3401 2353 vel
3430 2308 3490 2352 ut
3512 2298 3677 2353 intel-

2073 2392 2277 2463 ligatur
2307 2392 2559 2463 quaedam
2581 2391 3154 2450 consubstantialitas.
3182 2390 3318 2460 quid
3348 2390 3677 2460 simpliciter

2071 2500 2141 2540 ex
2167 2483 2492 2538 diversitate
2516 2484 2939 2554 generationum
2978 2483 3265 2537 diversum
3305 2498 3526 2552 quoque
3550 2498 3676 2537 esse

2076 2590 2247 2631 unum
2298 2574 2446 2629 idem
2496 2574 2811 2645 subjectum
2871 2581 3205 2644 generatum
3258 2571 3577 2628 inducitis?
3631 2571 3676 2627 E

2073 2676 2266 2725 contra
2295 2668 2445 2722 enim
2478 2683 2581 2722 nos
2619 2667 2779 2722 vobis
2811 2666 3087 2730 dicemus,
3136 2666 3183 2722 si
3224 2682 3464 2737 quorum
3510 2680 3678 2736 gene-

2073 2758 2316 2813 rationes
2346 2756 2635 2822 diﬂ‘erunt,
2676 2772 2872 2812 eorum
2915 2757 3105 2812 diﬂ‘ert
3149 2771 3373 2828 quoque
3422 2755 3679 2811 substan-

2073 2851 2169 2917 tia,
2198 2865 2330 2923 ergo
2364 2860 2419 2905 et
2448 2865 2686 2921 quorum
2709 2850 3000 2919 generatio
3034 2863 3147 2903 non
3177 2858 3261 2904 est
3292 2848 3536 2913 diversa,
3569 2864 3677 2903 nec

2070 2957 2267 2997 eorum
2304 2957 2427 2997 esse
2454 2941 2827 2997 substantiam
2853 2939 3156 2994 diversam.
3192 2939 3366 3010 Igitur
3397 2948 3675 3008 tempora-

2071 3037 2141 3094 lis
2166 3052 2292 3092 cum
2333 3036 2427 3102 sit,
2460 3044 2519 3091 et
2551 3051 2619 3089 ex
2650 3034 2885 3099 semine,
2923 3043 2979 3089 et
3013 3048 3113 3103 per
3154 3040 3387 3086 matrem
3418 3040 3476 3086 et
3501 3030 3673 3086 simili

2071 3129 2260 3195 modo,
2293 3128 2582 3199 generatio
2613 3127 2923 3191 asinorum,
2947 3133 3005 3181 et
3033 3133 3333 3189 canum,et
3359 3124 3670 3189 hominum,

376 3221 582 3293 ἑτέρων
616 3221 650 3293 ἢ
686 3222 882 3295 ἑτέρας
914 3225 1075 3295 χρεία
1104 3226 1415 3295 γεννήσεως
1446 3225 1585 3295 πρὸς
1612 3225 1837 3293 ἔνδειξιν
1871 3228 1964 3281 τοῦ

2076 3230 2130 3277 et
2158 3236 2479 3291 porcorum,
2512 3227 2569 3275 et
2597 3218 2908 3284 simiarum,
2935 3217 3132 3272 ideone
3173 3217 3412 3271 similem
3466 3232 3664 3272 eorum

376 3313 443 3366 ἐκ
495 3312 699 3384 τρόπου
744 3314 1053 3385 γεννήσεως
1079 3353 1095 3379 ,
1148 3315 1251 3385 τὴν
1295 3315 1562 3387 διαφοράν
1600 3312 1759 3383 εἶναι,
1800 3318 1833 3387 ἢ
1868 3317 1967 3388 τὴν

374 3408 673 3479 ὁμοιότητα
718 3408 829 3461 τῶν
866 3408 1103 3475 ούσιῶν;
1142 3407 1251 3462 Τοῦ
1280 3407 1391 3480 γὰρ
1419 3408 1584 3463 αὐτοῦ
1613 3410 1730 3473 ἑνὸς
1753 3410 1967 3479 ἀνθρώ-

375 3516 479 3553 που
503 3540 520 3563 ,
575 3500 675 3570 μία
704 3502 825 3554 κατ’
850 3500 1083 3573 ἀριθμὸν
1112 3500 1209 3554 καὶ
1236 3501 1268 3571 ή
1295 3500 1433 3571 αὐτή
1461 3500 1713 3572 γέννησίς
1736 3502 1853 3555 ἐστι
1876 3502 1970 3574 δη-

374 3587 541 3657 λαδή·
600 3588 747 3660 ψυχὴ
792 3588 849 3642 δὲ
893 3589 990 3643 καὶ
1028 3589 1189 3661 σῶμα
1236 3591 1293 3644 αί
1327 3590 1748 3661 συγγενηθεῑσαι
1778 3591 1970 3661 φύσεις

374 3680 498 3734 κατ’
530 3680 723 3751 αὐτὴν,
761 3680 1010 3752 διάφοροί
1039 3683 1169 3737 εἱσι.
1210 3682 1350 3737 Καθ’
1377 3684 1524 3753 ὑμᾶς
1552 3682 1667 3749 οὖν,
1695 3683 1728 3755 ἢ
1762 3684 1825 3739 ού
1850 3685 1968 3740 διά-

373 3790 547 3846 φορόν
563 3768 702 3828 εἶναι
725 3773 823 3845 τὴν
843 3775 1032 3830 οὐσίαν
1054 3775 1275 3841 τούτων,
1289 3777 1412 3830 ἐπεὶ
1434 3776 1569 3847 μηδὲ
1592 3777 1692 3849 τὴν
1713 3777 1966 3849 γέννησιν

374 3866 621 3937 φήσομεν
644 3884 660 3900 ·
712 3867 746 3939 ἦ
793 3868 1050 3939 διάφορον
1098 3868 1382 3937 λέγοντες,
1419 3868 1512 3923 δύο
1544 3869 1641 3923 καὶ
1665 3870 1956 3943 διαφόρους

370 3958 469 4022 τὰς
512 3958 608 4013 τοῦ
643 3959 762 4024 ἑνὸς
792 3960 1082 4032 ἀνθρώπου
1114 3963 1173 4016 ἐν
1197 3961 1384 4033 ταυτῷ
1412 3963 1784 4035 πιστεύσομεν
1814 3962 1960 4020 εἶναι

371 4050 673 4120 γεννήσεις.
730 4050 841 4103 Καὶ
889 4050 1064 4104 ταῦτα
1111 4049 1210 4119 μὲν
1255 4050 1412 4121 ὑμῶν
1445 4050 1510 4104 τὰ
1542 4051 1768 4123 κομψά·
1808 4053 1960 4122 ὅμως

374 4139 561 4209 μέντοι
618 4138 742 4193 οὔτε
771 4139 961 4210 εἴρηκέ
992 4156 1076 4203 τις
1107 4140 1238 4209 ύμῖν
1267 4140 1350 4193 ὅτι
1379 4140 1473 4193 τὸν
1498 4140 1669 4209 Λόγον
1696 4140 1960 4206 ὡσαύτως

374 4230 581 4284 ἁπλοῦν
604 4272 620 4297 ,
669 4230 807 4284 ἀλλὰ
841 4230 980 4301 μετά
1005 4230 1107 4300 τῆς
1135 4231 1406 4302 σαρκικῆς
1435 4232 1623 4296 οὐσίας
1657 4233 1723 4286 ἐκ
1750 4233 1960 4305 μητρὸς

371 4324 518 4380 κατά
562 4323 661 4395 τὴν
701 4324 963 4397 δευτέραν
996 4323 1164 4377 αὐτοῦ
1197 4324 1453 4395 γέννησιν
1498 4325 1533 4397 ή
1568 4324 1799 4397 δευτέρα
1831 4326 1960 4395 γέν-

371 4431 527 4485 νησις
554 4415 857 4485 προήγαγε,
891 4415 1265 4484 δοκησίσοφοι.

2075 3312 2363 3371 constituit
2394 3321 2452 3367 et
2494 3310 2906 3366 substantiam?
2926 3310 3070 3377 Quid
3098 3325 3232 3364 vero
3257 3310 3392 3363 mihi
3426 3309 3550 3365 aliis
3574 3320 3673 3367 aut

2075 3406 2182 3461 alia
2223 3404 2582 3477 generatione
2629 3418 2771 3473 opus
2799 3410 2886 3457 est
2937 3401 3007 3456 ad
3055 3401 3554 3457 demonstrandum
3602 3418 3672 3457 ex

2077 3497 2243 3557 modo
2281 3495 2659 3567 generationis
2703 3508 2827 3549 esse
2871 3493 3245 3549 diﬂ‘erentiam
3277 3495 3365 3548 vel
3412 3494 3673 3549 similitu-

2077 3590 2265 3645 dinem
2315 3586 2799 3643 substantiarum?
2834 3584 2992 3641 Unus
3026 3584 3177 3640 enim
3225 3592 3283 3640 et
3324 3585 3471 3639 idem
3505 3585 3671 3639 homo

2078 3695 2205 3736 eum
2223 3679 2316 3745 sit,
2341 3694 2448 3732 una
2482 3690 2717 3730 numero
2756 3674 3063 3744 eademque
3091 3682 3177 3728 est
3206 3674 3328 3743 ejus
3358 3671 3670 3741 generatio,

2072 3778 2339 3842 utpatet:
2375 3768 2557 3824 anima
2604 3776 2791 3821 autem
2841 3775 2899 3822 et
2931 3780 3157 3836 corpus,
3217 3772 3433 3819 naturae
3477 3763 3535 3817 in
3586 3762 3671 3817 id-

2073 3866 2259 3937 ipsum
2280 3863 2588 3936 congenita:
2614 3863 2899 3918 diﬂ'erunt.
2927 3861 3125 3933 Igitur,
3152 3860 3221 3915 ad
3246 3868 3485 3916 vestram
3515 3874 3671 3913 men-

2068 3968 2219 4024 tem,
2266 3956 2354 4012 vel
2407 3972 2520 4011 non
2547 3954 2827 4010 diversam
2884 3968 3083 4009 eorum
3136 3951 3527 4015 substantiam,
3581 3960 3667 4003 ut-

2067 4058 2199 4120 pote
2240 4062 2479 4119 quorum
2510 4062 2623 4102 non
2663 4045 2882 4101 diversa
2906 4043 3217 4115 generatio,
3251 4043 3545 4107 dicemus;
3583 4040 3670 4094 vel

2067 4140 2345 4196 diversam
2372 4147 2685 4196 asserentes
2733 4136 3129 4201 substantiam,
3164 4134 3305 4189 duas
3346 4148 3554 4202 easque
3582 4131 3672 4185 di-

2068 4249 2261 4292 versas
2284 4234 2453 4289 unius
2484 4231 2730 4287 hominis
2760 4232 2816 4286 in
2846 4230 3043 4286 eodem
3075 4228 3368 4285 credemus
3407 4242 3528 4282 esse
3573 4241 3673 4296 ge-

2073 4326 2416 4384 nerationes.
2448 4324 2519 4379 Et
2570 4324 2688 4378 haec
2720 4322 2947 4393 quidem
2979 4328 3164 4376 vestra
3198 4318 3465 4373 versutia.
3511 4316 3671 4371 Atta-

2076 4433 2205 4473 men
2230 4432 2396 4473 nemo
2415 4432 2656 4486 unquam
2676 4414 2837 4469 vobis
2849 4412 2991 4467 dixit
3013 4428 3072 4468 se
3089 4411 3405 4467 existimare
3428 4407 3672 4465 Verbum

370 4507 625 4578 simplex,
672 4506 771 4563 sed
820 4507 1124 4563 secundam
1200 4506 1615 4579 generationem
1683 4508 1819 4564 illud
1867 4510 2166 4566 adduxisse
2234 4525 2364 4566 eum
2407 4508 2618 4564 carnali
2662 4505 2978 4563 substantia
3026 4520 3093 4560 ex
3141 4512 3319 4559 matre
3361 4498 3670 4557 secundum

370 4606 491 4677 eius
538 4603 839 4661 secundam
878 4604 1320 4676 generationem,
1373 4620 1409 4662 ο
1459 4604 1598 4663 falso
1660 4605 1838 4663 habiti
1884 4608 2190 4679 sapientes.

980 4741 1232 4796 κΕψΑΑ.
1264 4743 1356 4809 ς’.

438 4833 505 4887 Ei
537 4832 599 4887 τὸ
627 4832 850 4901 γεγονὸς
881 4831 1017 4885 καθὸ
1043 4833 1237 4901 γέγονε
1257 4870 1273 4894 ,
1321 4830 1580 4900 γενέσθαι
1612 4832 1778 4888 πάλιν
1808 4833 1961 4908 ἀμή-

367 4940 554 4996 χανον·
590 4925 686 4979 καὶ
717 4924 779 4978 τὸ
808 4924 992 4988 ἀϊδίως
1020 4922 1100 4988 ὃν,
1131 4922 1395 4994 τεχθῆναι
1423 4925 1588 4983 πάλιν
1616 4928 1680 4980 ἐκ
1704 4927 1963 4995 γυναικὸς

366 5016 674 5087 ἀμήχανον·
710 5015 849 5068 ἀλλὰ
876 5014 936 5066 τὸ
964 5013 1230 5084 πρότερον
1257 5014 1479 5085 ἀληθὲς,
1505 5016 1601 5069 καὶ
1624 5015 1687 5069 τὸ
1705 5014 1961 5088 δεύτερον

366 5105 496 5177 ἄρα.
530 5106 595 5158 Ei
623 5106 806 5158 πᾶσαν
835 5105 936 5176 τὴν
962 5106 1218 5177 γέννησιν
1242 5105 1431 5169 ἁπλῶς
1453 5105 1528 5169 ώς
1548 5106 1610 5160 τὸ
1630 5102 1772 5161 εἶναι
1791 5107 1962 5161 διδού⁶

368 5216 471 5253 σαν
500 5190 579 5269 τῷ
606 5197 936 5269 γεννωμένῳ
962 5200 1238 5269 ἀναιρεῖτε
1265 5196 1360 5250 τοῦ
1383 5197 1569 5262 άῖδίως
1590 5197 1743 5263 ὄντος
1758 5201 1959 5269 Λόγου,

363 5293 397 5363 ἢ
435 5291 532 5346 καὶ
558 5292 660 5363 τὴν
687 5290 918 5363 πρώτην
943 5292 1201 5362 γέννησιν
1238 5291 1323 5345 τὸν
1349 5293 1415 5346 ἐκ
1439 5293 1654 5363 Πατρὸς
1676 5294 1772 5348 ἀπ’
1790 5294 1960 5349 αὐτοῦ

361 5385 607 5439 ἀνελεῖτε
638 5384 716 5449 ὼς
744 5384 943 5439 ἀϊδίου.
977 5385 1050 5438 Τὸ
1075 5385 1184 5455 γὰρ
1214 5385 1400 5450 άῖδίως
1425 5385 1507 5452 ὃν,
1539 5387 1799 5457 τεχθῆναι
1821 5405 1959 5457 φατε

363 5477 686 5547 ἀμήχανον·
729 5475 806 5539 ὡς
840 5475 1027 5529 λοιπὸν
1060 5478 1196 5549 μηδὲ
1254 5478 1383 5531 Υίδν
1412 5475 1554 5531 εἶναι
1584 5477 1678 5532 τοῦ
1710 5480 1953 5550 Πατρός·

361 5569 421 5621 οὺ
454 5568 565 5637 γάρ
596 5570 745 5622 ἐστιν
776 5568 905 5633 Υἱὸς
934 5569 1065 5623 ἄνευ
1089 5570 1427 5641 γεννήσεως·
1463 5571 1588 5624 ούδέ
1617 5572 1710 5625 τὸν
1738 5572 1961 5642 Πατέρα

360 5654 505 5713 εἶναι
535 5659 792 5732 Πατέρα·
835 5658 897 5713 ού
927 5660 1039 5731 γάρ
1069 5661 1217 5713 ἐστιν
1240 5660 1369 5715 ἄνευ
1390 5661 1520 5715 Υἱοῦ
1553 5662 1763 5735 Πατὴρ,
1794 5662 1827 5735 ἢ
1859 5665 1959 5736 τὴν

360 5750 430 5804 ἐκ
458 5750 672 5821 Πατρός
720 5750 979 5821 γέννησιν
1006 5749 1173 5805 αὐτοῦ
1198 5751 1622 5822 ὁμολογοῦντες,
1656 5754 1756 5807 οὐκ
1784 5755 1958 5809 ἀΐδιον

363 5834 507 5897 εἶναι
530 5841 715 5896 λοιπὸν
735 5842 1031 5913 δηλώσετε·
1058 5845 1179 5899 εἷπε
1186 5860 1218 5915 ρ
1244 5844 1304 5898 τὸ
1326 5844 1511 5908 άῖδίως
1537 5843 1597 5899 ὃν
1622 5844 1712 5899 διὰ
1734 5845 1793 5898 τὸ
1814 5840 1957 5898 εἶναι

366 5932 550 6006 πάντη
580 5934 643 5989 οὐ
669 5934 894 5991 δυνατὸν
989 5936 1238 5993 ὁπωσοῦν
1266 5935 1486 6008 ἀληθῶς
1510 5936 1792 6009 τεχθῆναι·
1824 5937 1873 5992 εἰ
1898 5937 1954 5992 δὲ

1994 4729 2045 4789 ι)
2116 4780 2119 4783 .

2720 4740 2875 4796 CAP.
2916 4740 3009 4797 VI.

2128 4834 2184 4891 Si
2210 4833 2484 4907 genitum,
2517 4832 2575 4889 in
2604 4841 2877 4905 quantum
2901 4840 2989 4887 est
3021 4829 3296 4903 genitum,
3327 4827 3673 4899 impossibile

2058 4934 2145 4985 est
2174 4928 2379 4984 iterum
2426 4927 2597 4999 gigni,
2659 4927 2871 4997 pariter
2891 4924 3041 4996 quod
3074 4933 3347 4979 aeternum
3392 4928 3478 4975 est
3520 4920 3670 4973 nasci

2060 5020 2267 5078 iterum
2321 5035 2392 5075 ex
2433 5020 2671 5075 muliere
2722 5018 3065 5088 impossibile
3109 5026 3197 5072 est
3232 5033 3245 5068 :
3288 5013 3441 5083 atqui
3476 5028 3670 5066 verum

2059 5114 2249 5186 prius;
2277 5129 2410 5186 ergo
2435 5121 2492 5168 et
2521 5113 2817 5183 posterius.
2841 5139 2911 5150 —
2933 5108 2991 5166 Si
3009 5122 3229 5163 omnem
3254 5103 3668 5176 generationem

2068 5206 2397 5278 simpliciter
2455 5213 2715 5273 tanquam
2761 5200 3145 5257 exsistentiam
3201 5197 3427 5252 dantem
3480 5194 3669 5266 genito

2067 5297 2262 5354 tollitis
2290 5312 2322 5351 a
2350 5295 2536 5352 Verbo
2559 5302 2789 5358 aeterno,
2827 5306 2961 5345 sane
2990 5299 3046 5344 et
3071 5288 3308 5360 primam
3338 5285 3668 5358 generatio-

2066 5404 2196 5443 nem
2230 5402 2354 5459 qua:
2394 5396 2483 5441 est
2533 5401 2603 5439 ex
2633 5385 2794 5439 Patre
2838 5381 2910 5437 ab
2939 5397 3007 5437 eo
3060 5381 3286 5444 tolletis,
3340 5388 3402 5433 ut
3434 5386 3669 5436 aeterno.

2065 5480 2225 5547 Quod
2254 5479 2405 5534 enim
2444 5486 2529 5532 est
2557 5484 2851 5541 aeternum,
2877 5472 3028 5528 nasci
3063 5471 3405 5542 impossibile
3426 5469 3669 5526 alIirma-

2067 5567 2140 5623 tis
2173 5585 2186 5622 :
2226 5566 2372 5621 unde
2406 5572 2581 5619 restat
2621 5572 2683 5617 ut
2712 5576 2817 5616 nec
2860 5558 3009 5615 ﬁlius
3034 5558 3109 5613 sit
3126 5559 3341 5624 Patris;
3374 5574 3487 5613 non
3515 5556 3665 5611 enim

2065 5668 2150 5715 est
2179 5659 2353 5713 Filius
2385 5657 2505 5712 sine
2547 5653 2945 5726 generatione;
3011 5667 3113 5706 nec
3145 5650 3311 5705 Pater
3346 5650 3418 5705 sit
3473 5658 3662 5719 pater;

2066 5770 2174 5809 non
2206 5752 2353 5808 enim
2375 5759 2460 5806 est
2491 5759 2647 5821 pater
2669 5748 2787 5803 sine
2824 5747 2959 5801 tilio.
2990 5746 3088 5802 Vel
3124 5746 3274 5800 illius
3295 5761 3361 5800 ex
3385 5746 3543 5800 Patre
3575 5758 3670 5814 ge-

2063 5844 2407 5901 nerationem
2453 5843 2818 5905 conﬁtcntes,
2868 5850 2999 5894 tunc
3059 5854 3173 5893 non
3222 5847 3491 5893 aeternum
3542 5851 3667 5891 esse

2065 5936 2287 5994 tandem
2311 5934 2648 6003 ostendetis,
2682 5932 2956 6005 siquidem
2999 5930 3150 6003 quod
3196 5930 3266 5988 ab
3298 5940 3506 5987 autenm
3552 5936 3660 5997 est,
