4116 6468
436 451 575 519 1663

1711 445 2023 506 LEONTII
2065 445 2472 507 BYZANTINI

3583 443 3733 510 1664

432 589 501 627 ex
524 586 593 626 eo
619 566 767 638 quod
792 578 1011 638 semper
1043 564 1294 629 exsistat,
1317 560 1544 614 omnino
1579 558 1921 629 impossibile
1947 568 2032 614 est

2140 558 2216 629 μὴ
2263 557 2353 612 διὰ
2395 560 2459 612 τὸ
2500 552 2640 612 εἶναι
2669 558 2778 621 ἀεὶ,
2816 557 2956 613 ἀλλά
2983 558 3070 614 διὰ
3095 559 3155 613 τὸ
3181 559 3369 624 ἁπλῶς
3398 560 3499 631 ήδη
3530 563 3733 631 προεῖ-

435 662 938 732 quomodocunque
984 673 1117 711 vere
1177 653 1351 710 nasci.
1402 652 1461 707 Si
1502 661 1687 706 autem
1719 666 1831 705 non
1860 665 1926 703 ex
1960 665 2028 705 eo

436 752 585 825 quod
612 766 829 821 semper
857 748 1108 811 exsistat,
1153 746 1249 801 sed
1294 761 1363 800 ex
1404 759 1472 799 eo
1502 742 1651 813 quod
1702 743 2029 813 simpliciter

433 848 543 917 jam
570 843 913 914 prteexsistat
941 850 998 895 et
1037 847 1167 893 ante
1200 838 1421 909 genitus
1444 835 1633 900 fuerit,
1663 850 1906 905 quorsus
1945 848 2033 888 se-

437 938 546 991 mel
574 935 804 990 omnino
842 930 1348 1002 quomodocunque
1369 927 1555 982 adhuc
1574 927 1660 980 vel
1684 940 2018 995 quocunque

437 1031 546 1085 alio
582 1028 746 1082 modo
771 1025 917 1096 gigni
957 1023 1298 1093 impossibile
1327 1020 1557 1077 dicitis?
1592 1018 1732 1073 Illud
1770 1018 1917 1073 enim
1944 1016 2030 1071 in-

384 1130 391 1139 '
438 1121 660 1177 dicabat
696 1127 946 1174 vestrum
987 1118 1204 1171 iterum.
1239 1114 1309 1168 Et
1354 1113 1461 1167 hoc
1490 1126 1589 1181 per
1621 1110 1834 1180 singula
1867 1122 2034 1178 expe-

438 1216 671 1270 riamur.
714 1213 857 1269 Num
904 1212 1075 1282 igitur
1101 1207 1428 1263 Timotheus
1468 1202 1719 1259 nondum
1753 1200 1867 1255 ulla
1913 1207 2034 1254 erat

438 1305 795 1377 generatione
820 1302 1061 1374 genitus,
1098 1316 1201 1354 nec
1234 1298 1305 1353 ab
1328 1296 1452 1351 aliis
1481 1292 1810 1364 parentibus
1852 1299 2030 1354 ortus,

440 1398 664 1467 quando
701 1396 906 1452 Paulus
926 1402 1084 1463 pater
1108 1390 1291 1445 dictus
1321 1387 1477 1443 illum
1510 1398 1833 1456 germanum
1859 1381 2032 1437 ﬁlium

440 1488 496 1543 in
549 1488 656 1543 ﬁde
705 1487 760 1541 in
792 1485 1015 1541 Christo
1057 1483 1188 1537 Jesu
1248 1496 1349 1549 per
1391 1475 1753 1546 Evangelium
1803 1473 2036 1545 genuit?

440 1578 578 1645 Quis
606 1594 675 1632 ex
710 1576 867 1632 vobis
902 1573 1247 1628 manifestam
1278 1570 1422 1624 hanc
1452 1566 1746 1621 falsitatem
1772 1580 1881 1618 non
1904 1564 2036 1617 hor-

442 1667 568 1721 ret?
598 1666 676 1719 lta
712 1665 901 1735 igitur,
936 1652 1122 1726 o'vos,
1155 1668 1213 1715 et
1248 1658 1354 1712 hoc
1383 1655 1675 1726 intelligite
1710 1671 1724 1707 :
1762 1669 1828 1708 ex
1860 1652 2034 1722 parti-

442 1758 549 1813 bus
573 1756 786 1811 scilicet
828 1751 1058 1817 Christi,
1095 1751 1327 1805 alteram
1371 1748 1597 1818 quidem
1638 1756 1695 1803 et
1724 1746 2033 1801 secundum

443 1851 677 1921 primam
720 1848 840 1919 ejus
887 1845 1304 1917 generationem
1356 1840 1598 1912 genitam
1644 1838 1817 1894 fuisse
1855 1847 1913 1894 et
1942 1853 2034 1893 se-

2130 649 2220 703 val
2247 666 2300 704 τι
2328 650 2423 703 καὶ
2449 649 2885 722 προγεννηθῆναί
2917 667 3068 714 ποτε,
3103 651 3223 714 πῶς
3253 651 3401 717 ἅπαξ
3432 653 3555 707 οὐδὲ
3582 654 3729 718 ὅλως

2129 741 2379 795 ὁπωσοῦν
2413 740 2495 795 ἔτι
2530 742 2652 795 οὐδὲ
2688 742 2810 795 καθ’
2835 742 3120 797 ὁντιναοῦν
3150 744 3339 813 ἕτερον
3366 746 3568 816 τρόπον
3595 764 3729 814 γεν-

2130 832 2364 902 νηθῆναί
2393 850 2446 887 τι
2472 832 2697 888 δυνατὸν
2723 833 2910 901 λέγετε
2940 851 2955 901 ;
2991 832 3152 888 τοῦτο
3174 835 3283 906 γάρ
3311 835 3533 907 ᾐνίξατο
3565 838 3729 909 ὑμῶν

2130 926 2193 978 τὸ
2222 925 2431 987 πάλιν.
2463 925 2558 980 καὶ
2587 926 2706 980 τόδε
2738 926 2797 979 ὲν
2826 929 2937 991 τοῖς
2963 927 3280 981 καθέκαστα
3311 928 3723 1001 βασανίσωμεν.

2129 1014 2279 1090 ’Λρα
2304 1014 2397 1073 οὖν
2427 1019 2692 1089 Τιμόθεος
2721 1018 2873 1073 οὐπω
2900 1014 2969 1091 ἦν
2997 1020 3223 1091 οὐδεμιᾷ
3251 1023 3501 1092 γεννήσει
3528 1038 3726 1091 γεγεν-

2130 1113 2386 1183 νημένος,
2412 1113 2505 1166 καὶ
2536 1112 2627 1183 ὑφ’
2658 1112 2865 1182 ἑτέρων
2894 1112 3173 1183 προελθὼν
3202 1114 3427 1182 γονέων,
3456 1116 3547 1169 ὅτε
3573 1117 3727 1169 Παῦο

2131 1203 2223 1267 λος
2249 1204 2279 1256 ὁ
2308 1202 2747 1275 ἐπιγραφόμενος
2777 1203 2941 1257 αὐτὸν
2967 1205 3188 1274 γνήσιον
3218 1204 3405 1258 τέκνον
3430 1207 3488 1259 ὲν
3514 1205 3723 1272 πίστει,

2133 1299 2192 1350 ἐν
2212 1295 2436 1367 Χριστῷ
2466 1294 2641 1367 Ἰησοῦ
2672 1295 2761 1349 διὰ
2789 1294 2882 1349 τοῦ
2914 1296 3251 1365 Εὐαγγελίου
3283 1298 3581 1369 ὲγέννησε;
3624 1299 3728 1352 καὶ

2131 1390 2217 1453 τίς
2242 1388 2397 1460 ὐμῶν
2420 1388 2519 1461 τὴν
2544 1389 2800 1459 προφανῆ
2821 1388 3026 1461 ταύτην
3048 1389 3405 1459 ψευδολογίαν
3422 1389 3483 1444 οὐ
3502 1389 3729 1460 βδελύτο

2132 1496 2312 1543 τεται;
2350 1478 2540 1543 Οὐτως
2566 1476 2681 1546 οὖν,
2715 1473 2760 1533 ὦ
2786 1474 2953 1546 οὗτοι,
2986 1480 3082 1533 καὶ
3109 1480 3228 1534 τόδε
3253 1481 3577 1534 νοεῖτε·τῶν
3606 1480 3725 1551 γὰρ

2134 1572 2375 1643 Χριστοῦ
2404 1573 2587 1643 μερῶν
2620 1571 2683 1626 τὸ
2716 1571 2820 1641 μὲν
2850 1573 2944 1626 καὶ
2970 1573 3111 1627 κατά
3135 1573 3237 1643 τὴν
3264 1573 3490 1645 πρώτην
3517 1572 3724 1627 ἑαυτοῦ

2134 1664 2389 1733 γέννησιν
2421 1662 2749 1733 γεννηθῆναι
2788 1665 2882 1717 καὶ
2924 1664 3067 1717 κατὰ
3094 1665 3198 1735 τὴν
3223 1665 3486 1735 δευτέραν
3512 1665 3725 1735 φαμὲν,

2134 1754 2196 1807 τὸ
2226 1753 2283 1806 δὲ
2308 1753 2499 1823 ἕτερον
2524 1752 2708 1823 δῆλον,
2738 1753 2813 1817 ὡς
2840 1754 2961 1807 οὐδὲ
2989 1754 3179 1825 προδν,
3208 1754 3243 1825 ἧ
3274 1753 3437 1826 ἑτέρᾳ
3464 1754 3731 1825 γεννήσει

2138 1844 2649 1915 προγεγεννημένον
2672 1885 2689 1911 ,
2732 1846 2831 1917 μιᾷ
2858 1846 3110 1916 γεννήσει
3142 1848 3208 1917 τῇ
3240 1846 3444 1917 ἀμφοῖν
3473 1863 3731 1918 συμπρο-

442 1942 688 1997 cumtum
722 1939 1025 1995 secundam
1078 1935 1357 2000 dicimus;
1407 1932 1641 1987 alteram
1700 1945 1835 1986 vero
1878 1938 2032 1999 patet

2136 1904 2340 1989 siles-Iv.
2365 1936 2444 2007 τῷ
2467 1904 2765 2006 ’έτέρῳΙὲν
2932 1904 3033 2007 τῆς
3073 1904 3425 2001 ὐποὲτάσεως
3470 1904 3576 2006 δ’λῷ
3618 1904 3731 2005 τῆς

440 2054 554 2092 non
604 2052 725 2092 esse
774 2032 1266 2105 prazexsistentem,
1319 2044 1423 2084 nec
1461 2028 1633 2083 altera
1674 2025 2031 2097 generatione

440 2137 569 2182 ante
616 2126 877 2195 genitam.
933 2124 1049 2180 Una
1092 2119 1452 2193 generatione
1505 2118 1819 2181 ambarum,
1870 2114 2036 2171 simul

442 2233 568 2272 cum
598 2219 772 2271 altera
795 2214 1053 2286 progredi
1078 2214 1133 2269 in
1166 2228 1278 2268 uno
1310 2211 1628 2281 hypostasis
1655 2217 1774 2268 toto
1798 2208 2033 2263 conﬁte-

2136 2027 2312 2096 αὐτῆς
2362 2027 2767 2099 ὁμολογοῦμεν·
2822 2030 2879 2083 ὲν
2923 2030 3033 2099 γὰρ
3085 2030 3186 2100 μιᾷ
3226 2031 3292 2099 τῇ
3335 2030 3400 2082 ἐκ
3438 2028 3729 2100 Παρθένου

2137 2121 2416 2190 γεννήσει,
2453 2120 2549 2174 τοῦ
2582 2122 2682 2191 μὲν
2708 2120 2817 2175 τῶν
2850 2121 3035 2192 μερῶν
3061 2121 3299 2191 Χριστοῦ
3330 2120 3589 2192 δευτέρα,
3624 2118 3728 2173 τοῦ

2138 2209 2196 2263 δὲ
2229 2208 2420 2281 πρώτη
2452 2212 2548 2264 καὶ
2579 2211 2717 2281 μόνη
2745 2212 2948 2265 νοεῖται
2977 2209 3116 2265 οὖσα
3138 2211 3411 2289 γέννησις.

441 2329 588 2367 mur.
615 2310 677 2367 ln
707 2326 811 2365 una
846 2311 1018 2373 enim,
1071 2308 1289 2364 scilicet
1348 2323 1415 2361 ex
1479 2305 1731 2377 Virgine,
1773 2303 2131 2376 generatione
2157 2347 2173 2373 ,
2235 2305 2469 2365 alterius
2505 2306 2731 2380 quidem
2786 2308 3029 2381 partium
3059 2306 3267 2367 Christi
3311 2317 3569 2366 censetur
3594 2322 3727 2366 esse

442 2404 743 2463 secundum
784 2401 1201 2474 generationem
1230 2400 1463 2455 alterius
1492 2398 1729 2471 primam
1753 2408 1809 2454 et
1831 2398 2028 2454 solam.

1079 2517 1232 2574 CAP.
1270 2516 1388 2572 VII.

514 2613 573 2668 Si
606 2612 914 2668 substantia
939 2610 1038 2666 Dei
1064 2608 1233 2664 Verbi
1273 2618 1403 2663 nata
1437 2613 1523 2663 est
1552 2605 1856 2661 secundum
1883 2606 2030 2661 veri-

444 2712 616 2759 tatem
667 2718 736 2758 ex
782 2701 1093 2758 substantia
1133 2698 1400 2769 Virginis,
1455 2712 1680 2753 necesse
1727 2706 1911 2751 autem
1945 2706 2032 2752 est

444 2798 627 2868 genita
672 2797 748 2852 ita
781 2811 905 2852 esse
938 2793 1141 2849 similia
1188 2790 1494 2847 secundum
1529 2789 1898 2845 substantiam
1946 2789 2032 2859 gi-

443 2887 764 2958 gnentibus,
808 2885 893 2939 vel
943 2884 1087 2939 Deus
1116 2882 1361 2938 Verbum
1389 2889 1476 2936 est
1520 2880 1687 2935 homo
1723 2879 2031 2935 secundum

444 2979 849 3043 substantiam;
902 2976 990 3031 vel
1036 2975 1203 3045 Virgo
1248 2981 1333 3029 est
1365 2972 1512 3028 Deus
1549 2970 1855 3026 secundum
1903 2970 2036 3025 sub-

444 3069 741 3133 stantiam;
777 3081 946 3138 porro
996 3074 1297 3135 utrumque
1340 3064 1550 3134 pariter
1592 3072 1678 3117 est
1709 3063 1937 3133 impium
1981 3074 2036 3117 et

443 3160 810 3231 impossibile.
834 3159 1009 3230 Igitur
1032 3154 1342 3214 su‘bstantia
1371 3157 1467 3211 Dei
1490 3156 1658 3212 Verbi
1683 3172 1794 3210 non
1822 3155 2037 3211 veraci-

445 3263 532 3308 ter
554 3262 639 3309 est
668 3263 796 3308 nata
829 3268 895 3307 ex
916 3251 1224 3307 substantia
1255 3249 1515 3320 Virginis.
1553 3279 1625 3289 —
1646 3247 1754 3304 Sed
1789 3248 2029 3318 primum

445 3344 696 3413 quidem,
716 3343 865 3398 aliud
893 3352 979 3398 est
1006 3342 1063 3397 in
1091 3342 1454 3397 substantiam
1471 3342 1639 3412 gigni,
1659 3342 1806 3397 aliud
1834 3356 2034 3395 secun-

447 3436 579 3490 dum
616 3435 979 3491 substantiam
1014 3434 1181 3506 gigni.
1234 3434 1468 3503 Insuper
1520 3435 1667 3489 inter
1716 3433 1932 3503 genitos
1963 3447 2033 3487 ex

448 3526 759 3581 substantia
792 3525 977 3578 multae
1003 3522 1481 3579 suntdiﬂ‘erentire
1511 3520 1945 3576 similitudinum
1977 3528 2034 3575 et

447 3613 961 3669 dissimilitudinum
986 3611 1347 3667 'adamussim
1392 3610 1699 3680 indaganti,
1746 3620 1809 3664 ut
1848 3619 1906 3665 et
1934 3625 2034 3664 vos

446 3704 551 3773 ipsi
583 3718 765 3773 nuper
794 3702 1082 3757 dicebatis.
1120 3700 1367 3769 Namque
1414 3708 1528 3753 tum
1553 3699 1754 3754 similia
1785 3708 1899 3754 tum
1921 3698 2035 3754 dis-

447 3795 650 3852 similia
677 3796 908 3865 gignunt
948 3808 1049 3863 pro
1077 3792 1395 3847 differentia
1430 3791 1645 3847 scilicet
1685 3791 2032 3846 diversmlm

446 3888 891 3958 generationum.
939 3883 997 3939 Si
1041 3883 1191 3939 enim
1220 3891 1279 3938 et
1309 3881 1619 3937 substantia
1661 3890 1784 3935 erat
1829 3881 2033 3936 Paulus

446 3978 543 4048 qui
594 3978 930 4048 operabatur
959 3975 1369 4047 generationem
1404 3974 1702 4039 Timothei,
1748 3989 1874 4028 cum
1915 3975 2033 4043 ipse

444 4077 594 4125 esset
623 4085 844 4139 quoque
876 4068 1205 4132 substantia,
1235 4074 1293 4122 et
1330 4067 1634 4121 secundum
1667 4067 2033 4123 substantiam

445 4163 641 4217 melior
672 4161 829 4215 ﬁeret
868 4170 924 4216 et
967 4161 1287 4232 gigneretur
1317 4159 1385 4213 ad
1413 4158 1887 4230 incorruptionem
1934 4176 2033 4229 per

444 4252 610 4307 ﬁdem
640 4253 773 4323 (non
808 4252 955 4307 enim
1004 4252 1317 4308 secundum
1341 4252 1598 4307 accidens
1635 4251 1857 4322 aliquod
1891 4252 2031 4307 facta

446 4354 534 4399 est
560 4343 832 4413 spiritalis
858 4353 1288 4399 naturasnostra:
1316 4343 1707 4413 regeneratio),
1736 4342 1867 4397 item
1894 4358 2032 4413 quo-

443 4452 553 4507 que
572 4437 693 4507 ejus
721 4436 1027 4493 secundum
1063 4450 1288 4491 carnem
1325 4442 1485 4505 pater
1528 4443 1651 4490 erat
1690 4435 2027 4503 substantia,

439 4540 500 4585 ‘ct
524 4530 829 4585 secundum
879 4530 1245 4584 substantiam
1279 4528 1471 4598 utique
1520 4526 1757 4599 genuit:
1794 4535 1852 4582 et
1877 4526 2029 4581 insu—
2060 4559 2103 4613 Β

446 4637 543 4692 per
582 4622 829 4675 omnium
871 4621 1305 4675 substantiarum
1339 4634 1524 4684 causa,
1561 4619 1679 4688 ipse
1708 4619 1829 4675 sine
1858 4633 2025 4674 causa

444 4700 606 4777 pater
632 4708 899 4761 omnium.
947 4707 1056 4762 Sed
1088 4723 1236 4762 unus
1280 4707 1503 4777 quidem
1540 4707 1669 4764 ﬁdei
1714 4723 1846 4773 suae,
1895 4707 2035 4762 alter

446 4815 580 4853 vero
600 4800 820 4869 corpori
848 4814 949 4854 suo
980 4800 1171 4870 genuit
1198 4815 1322 4854 eum
1357 4799 1620 4864 similem,
1668 4799 1810 4854 alius
1845 4806 2032 4853 autem

448 4890 676 4961 imagini
705 4907 836 4945 suae.
872 4891 1042 4962 Igitur
1072 4900 1129 4945 et
1160 4890 1206 4945 si
1251 4891 1415 4945 Pater
1444 4888 1513 4944 ab
1556 4898 1762 4943 aeterno
1794 4903 1863 4942 ex
1904 4888 2035 4941 sub-

450 4982 650 5037 stantia
678 4997 776 5037 sua
803 4981 978 5053 gignit
1008 4982 1273 5051 Verbum,
1306 4989 1363 5037 et
1398 4980 1657 5035 Salomon
1688 4996 1755 5036 ex
1779 4980 2035 5038 substan-

452 5079 525 5129 tia
550 5076 755 5130 dicitur
775 5077 1032 5147 genuisse
1052 5074 1367 5140 Jeroboam,
1388 5088 1501 5129 non
1523 5076 1633 5144 jam
1660 5073 1734 5127 ita
1761 5089 1819 5128 se
1865 5073 2034 5129 habet

448 5175 683 5236 uterque
712 5165 859 5222 ﬁlius
877 5170 947 5221 ad
974 5173 1272 5236 utrumque
1303 5171 1519 5236 patrem
1548 5163 1733 5234 quoad
1768 5164 2029 5219 similitu-

445 5258 656 5312 dinem.
696 5257 834 5313 Cum
884 5258 1034 5313 enim
1082 5258 1305 5314 diﬁ‘erat
1358 5256 1558 5312 modus
1605 5257 2027 5328 generationum

443 5349 751 5404 secundum
780 5349 1170 5418 substantiam,
1196 5358 1253 5404 et
1282 5349 1339 5403 in
1372 5348 1606 5404 diversae
1621 5358 1834 5405 natura:
1861 5349 2030 5405 rebus

444 5442 802 5511 intelligatur,
834 5441 938 5497 etsi
973 5442 1171 5496 similis
1219 5451 1369 5498 esset
1416 5442 1720 5496 secundum
1786 5442 1896 5498 hoc
1941 5443 2028 5512 ip-

442 5548 567 5585 sum
601 5532 902 5601 generatio,
934 5541 1178 5587 attamen
1214 5533 1527 5589 differentia
1554 5533 1931 5605 generationis
1962 5549 2029 5589 ex

445 5623 755 5678 substantia
807 5623 1149 5679 demonstrat
1196 5624 1424 5680 diﬁ‘erre
1471 5633 1528 5680 et
1583 5625 2027 5680 similitudinem.

447 5713 583 5767 Nam
619 5715 687 5769 de
738 5731 850 5770 uno
895 5717 1202 5785 eodemque
1259 5716 1487 5771 homine
1548 5716 1758 5771 dicitur
1792 5733 1862 5771 ex
1907 5718 2028 5789 ejus

445 5805 756 5859 substantia
783 5807 930 5876 gigni
964 5817 1019 5862 et
1067 5807 1261 5871 ﬁlium,
1292 5817 1348 5862 et
1398 5807 1811 5877 cogitationem,
1855 5817 1911 5864 et
1937 5809 2024 5864 di-

446 5894 708 5961 ctionem,
739 5906 796 5951 et
828 5894 989 5965 pilos,
1015 5908 1068 5952 et
1098 5896 1433 5965 cicatricem,
1472 5906 1527 5954 et
1558 5899 1939 5969 operationem
1971 5910 2026 5955 et

2752 2511 3007 2565 ΚΕΦΑΛ.
3045 2511 3120 2565 Z'.

2207 2603 2273 2658 El
2304 2603 2338 2672 ὴ
2366 2600 2524 2655 οὐσία
2556 2598 2652 2655 τοῦ
2682 2599 2819 2654 Θεοῦ
2847 2599 3027 2668 Λόγου
3061 2598 3257 2671 ἐτέχθη
3289 2596 3432 2652 κατά
3460 2596 3725 2669 ἀλήθειαν

2135 2696 2201 2749 ὲκ
2249 2696 2348 2766 τῆς
2399 2692 2589 2757 οὐσίας
2633 2693 2953 2764 Παρθένου,
2997 2691 3213 2761 ἀνάγκη
3243 2692 3300 2744 δὲ
3326 2690 3398 2744 τὰ
3420 2690 3726 2759 τικτόμενα

2136 2789 2310 2851 οὐτως
2359 2787 2523 2856 ὅμοια
2565 2780 2710 2839 εἶναι
2757 2786 2877 2839 κατ’
2918 2784 3108 2838 οὐσίαν
3157 2785 3271 2849 τοῖς
3315 2783 3631 2848 τίκτουσιν,
3684 2780 3723 2851 ἢ

2137 2885 2166 2936 ό
2198 2882 2332 2944 Θεδς
2362 2880 2557 2949 Λόγος,
2592 2878 2881 2949 ἄνθρωπος
2909 2878 3010 2949 τὴν
3038 2877 3253 2943 οὐσίαν,
3289 2877 3321 2947 ἢ
3351 2878 3385 2949 ή
3412 2876 3721 2946 Παρθένος,

2138 2974 2275 3037 Θεὸς
2306 2970 2406 3043 τὴν
2438 2972 2662 3026 οὐσίαν*
2715 2972 2832 3025 ἀλλ’
2870 2971 3133 3040 ἑκάτερον
3167 2970 3364 3039 ἐπίσης
3394 2966 3590 3031 ἀσεϐὲς
3624 2972 3726 3022 καὶ

2141 3066 2403 3120 ἀδύνατον
2428 3080 2443 3094 ·
2500 3065 2601 3119 οὐκ
2632 3064 2743 3134 ἄρα
2775 3065 2809 3133 ή
2839 3063 2999 3117 οὐσία
3027 3063 3122 3116 τοῦ
3153 3060 3288 3115 Θεοῦ
3313 3060 3489 3129 Λόγου
3522 3059 3720 3131 ἐτέχθη

2143 3158 2286 3212 κατὰ
2318 3156 2578 3228 ἀλήθειαν
2626 3157 2691 3210 ὲκ
2722 3156 2822 3226 τῆς
2853 3154 3044 3218 οὐσίας
3074 3153 3176 3222 τῆς
3210 3152 3510 3226 Παρθένου.
3559 3152 3727 3207 Ἀλλά

2137 3248 2355 3319 πρῶτον
2393 3249 2524 3320 μὲν,
2558 3248 2749 3319 ἕτερον
2794 3246 2856 3301 τὸ
2908 3248 2989 3309 εἰς
3033 3246 3221 3300 οὐσίαν
3266 3246 3569 3315 τεχθῆναι,
3624 3246 3729 3300 καὶ

2133 3342 2262 3397 ἄλλο
2309 3340 2371 3396 τὸ
2420 3340 2543 3396 κατ’
2588 3340 2776 3393 οὐσίαν
2818 3338 3100 3409 τεχθῆναι.
3135 3339 3255 3392 Ἔτι
3284 3338 3341 3391 δὲ
3384 3338 3494 3393 τῶν
3524 3340 3589 3392 ὲκ
3617 3338 3727 3407 τῆς

2131 3433 2320 3497 οὐσίας
2405 3432 2739 3502 τικτομένων
2767 3470 2784 3496 ,
2859 3430 3051 3485 πολλαί
3120 3432 3257 3485 εἰσιν
3346 3431 3404 3484 αἱ
3467 3430 3726 3501 διαφοραὶ

2132 3525 2241 3578 τῶν
2285 3522 2598 3594 ὁμοιώσεων
2653 3524 2750 3577 καὶ
2804 3523 3206 3595 ἀνομοιοτήτων
3257 3521 3335 3594 τῷ
3369 3539 3431 3591 γε
3476 3522 3729 3594 ἀκριϐῶς

2134 3613 2442 3678 ἑξετάζοντι
2470 3654 2485 3678 ,
2535 3613 2613 3677 ὡς
2645 3613 2741 3668 καὶ
2783 3613 2942 3685 ὑμεῖς
2984 3613 3045 3667 ὲν
3090 3613 3201 3675 τοῖς
3247 3612 3441 3683 πρώην
3473 3598 3720 3681 ἐλέγετε-ε’

2131 3705 2203 3759 τὰ
2258 3704 2359 3776 μὲν
2411 3704 2519 3775 γὰρ
2574 3706 2780 3776 ὅμοια,
2839 3704 2909 3758 τά
2952 3704 3010 3757 δὲ
3061 3704 3291 3774 ἀνόμοια
3329 3702 3538 3769 τίκτει,
3584 3704 3735 3775 πρὸς

2136 3795 2236 3868 τὴν
2283 3797 2552 3869 διαφορὰν
2602 3797 2846 3869 δηλονότι
2896 3797 3008 3852 τῶν
3051 3799 3360 3869 ἑτεροφυῶν
3388 3800 3724 3869 γεννήσεων.

2134 3890 2199 3942 Et
2246 3888 2355 3958 γάρ
2406 3889 2503 3943 καὶ
2550 3888 2711 3943 οὐσία
2738 3884 2809 3961 ἦν
2849 3892 2878 3944 6
2906 3890 3122 3954 Παῦλος
3148 3892 3177 3944 6
3203 3890 3441 3962 ἐνεργῶν
3469 3889 3568 3961 τὴν
3592 3891 3725 3957 γέν-

2134 3995 2290 4049 νησιν
2337 3977 2605 4050 Τιμοθέου
2634 4018 2651 4045 ,
2709 3979 2896 4043 οὐσίας
2950 3980 3047 4033 καὶ
3094 3978 3262 4034 αὐτοῦ
3292 3979 3445 4041 ὄντος
3474 3978 3569 4031 καὶ
3594 3978 3725 4032 κατ’

2133 4072 2324 4125 οὐσίαν
2350 4072 2431 4134 είς
2458 4071 2769 4141 ἀφθαρσίαν
2795 4072 2886 4126 διὰ
2906 4074 3007 4143 τῆς
3031 4071 3267 4135 πίστεως
3294 4071 3725 4143 κρειττουμένου

2135 4164 2229 4217 καὶ
2277 4164 2619 4234 γεννωμένου
2673 4164 2774 4236 (οὐ
2821 4164 2931 4236 γὰρ
2971 4164 3035 4235 δὴ
3082 4164 3226 4219 κατὰ
3272 4164 3621 4234 συμϐεϐηκός
3668 4181 3726 4218 τι

2130 4256 2165 4324 ἡ
2199 4242 2545 4325 πνευματικὴ
2598 4254 2698 4325 τῆς
2741 4253 2959 4323 φύσεως
3005 4254 3164 4325 ἡμῶν
3215 4254 3438 4323 γέγονεν
3481 4255 3728 4321 ἀναγένιε

2132 4346 2332 4415 νησις),
2375 4345 2470 4400 καὶ
2500 4348 2529 4400 6
2557 4346 2700 4400 κατά
2727 4345 2908 4416 σάρκα
2932 4345 2988 4399 δὲ
3016 4346 3182 4399 αὐτοῦ
3213 4346 3419 4417 πατὴρ,
3442 4346 3605 4400 οὐσία
3628 4341 3724 4417 ἦν,

2132 4436 2227 4491 καὶ
2274 4436 2395 4491 κατ’
2423 4437 2613 4492 οὐσίαν
2659 4455 2778 4502 πως
2827 4437 3043 4491 ἔτικτεο
3096 4438 3191 4491 καὶ
3232 4438 3414 4507 πάσης
3442 4438 3499 4491 δὲ
3526 4438 3726 4502 οὐσίας

2132 4529 2339 4594 αἴτιος,
2391 4528 2634 4594 ἀναίτιος
2681 4528 2901 4583 πάντων
2952 4528 3047 4582 καὶ
3094 4528 3309 4601 Πατήρ.
3351 4527 3491 4580 Ἀλλ’
3540 4529 3570 4580 6
3619 4526 3725 4596 μὲν

2129 4622 2197 4690 τῇ
2242 4620 2428 4674 πίστει
2456 4661 2473 4687 ,
2524 4623 2553 4675 ό
2581 4620 2637 4675 δὲ
2681 4620 2760 4692 τῷ
2791 4620 3009 4691 σώματι
3035 4618 3203 4674 αὐτοῦ
3238 4619 3528 4689 ἐγέννησεν
3555 4618 3725 4674 αὐτὸν

2136 4716 2321 4783 ὅμοιον
2345 4754 2360 4779 ,
2412 4713 2442 4765 6
2470 4713 2528 4765 δὲ
2557 4716 2623 4784 τῇ
2655 4714 2824 4767 είκόνι
2854 4711 3069 4767 ἑαυτοῦ.
3127 4713 3191 4766 El
3220 4712 3315 4765 καὶ
3341 4715 3369 4766 6
3398 4712 3591 4782 Πατὴρ
3617 4708 3718 4765 οῦν

2134 4804 2321 4867 ἀϊδίως
2373 4805 2439 4857 ὲκ
2487 4804 2591 4875 τῆς
2625 4804 2811 4869 οὐσίας
2839 4803 3036 4857 ἑαυτοῦ
3069 4803 3244 4857 τίκτει
3274 4803 3364 4857 τὸν
3392 4805 3586 4872 Λόγον,
3622 4805 3723 4858 καὶ

2136 4893 2386 4963 Σολομῶν
2436 4895 2502 4948 ὲκ
2548 4895 2649 4965 τῆς
2692 4896 2882 4959 οὐσίας
2921 4896 3089 4949 αὐτοῦ
3139 4895 3359 4965 λέγεται
3389 4895 3595 4947 τίκτειν
3624 4895 3723 4949 τὸν

2145 4986 2457 5058 Ἱεροϐοάμ,
2494 4986 2596 5041 οὐκ
2632 4987 2746 5059 ἥδη
2792 4987 2967 5052 οὕτως
2995 4987 3111 5057 ἔχει
3140 4988 3399 5058 ὲκατέρος
3431 4987 3546 5050 υίὸς
3579 4987 3723 5058 πρὸς

2134 5078 2393 5151 ἑκάτερον
2443 5081 2658 5151 πατέρα
2710 5080 2772 5132 τὸ
2815 5080 3236 5151 ἀπαράλλακτον
3262 5096 3275 5110 ·
3312 5079 3573 5151 διαφόρου
3608 5079 3723 5151 γὰρ

2131 5170 2336 5241 τρόπου
2370 5170 2479 5224 τῶν
2510 5172 2630 5225 κατ’
2657 5169 2848 5224 οὐσίαν
2879 5166 3190 5239 γεννήσεων
3220 5171 3278 5224 ἐν
3309 5170 3631 5241 ἐτεροφυέσι
3660 5188 3722 5224 τε

2132 5263 2427 5334 πράγμασι
2470 5264 2765 5335 νοουμένου
2792 5303 2807 5329 ,
2864 5264 2912 5316 εί
2948 5264 3043 5317 καὶ
3076 5263 3241 5333 ὁμοία
3270 5264 3353 5333 εἴη
3388 5262 3531 5317 κατά
3563 5262 3723 5317 τοῦτο

2131 5356 2263 5411 αὐτὸ
2296 5358 2330 5426 ή
2358 5354 2615 5427 γέννησις
2638 5396 2655 5422 ,
2709 5356 2770 5409 τδ
2816 5355 2882 5409 ὲκ
2926 5354 3028 5424 τῆς
3067 5354 3257 5419 οὐσίας
3291 5349 3433 5408 εἶναι
3461 5355 3724 5424 διάφορον

2128 5447 2279 5515 ὅμως
2304 5446 2576 5501 δείκνυσιν
2602 5446 2832 5510 εἰκότως
2860 5447 2955 5500 καὶ
2983 5447 3081 5517 τὴν
3104 5448 3423 5518 ὁμοιότητα.
3452 5446 3580 5500 ’1δού
3609 5447 3722 5515 γὰρ

2130 5539 2223 5593 ἐπὶ
2251 5538 2367 5602 ἐνὸς
2397 5538 2490 5591 καὶ
2513 5538 2608 5592 τοῦ
2633 5538 2797 5593 αὐτοῦ
2823 5538 3116 5609 ἀνθρώπου
3142 5540 3206 5592 ἐκ
3228 5539 3329 5609 τῆς
3350 5539 3536 5601 οὐσίας
3560 5538 3720 5591 τοίδε

2128 5628 2351 5698 λέγεται
2386 5631 2684 5700 γεννᾶσθαι
2720 5631 2850 5694 Υἱός
2879 5648 2940 5684 τε
2986 5631 3080 5685 καὶ
3125 5629 3391 5701 θεώρημα
3440 5631 3536 5684 καὶ
3572 5630 3719 5696 λέξις

2130 5723 2225 5771 καὶ
2250 5718 2432 5789 τρίχες
2460 5720 2555 5772 καὶ
2580 5719 2735 5773 οὐλαὶ
2764 5720 2861 5772 καὶ
2884 5718 3138 5790 ἐνέργεια
3163 5722 3258 5772 καὶ
3279 5720 3443 5790 ἕτερα
3464 5719 3717 5772 πλεῖστασ

2130 5806 2240 5880 ἆρα
2271 5808 2365 5861 οὐν
2414 5810 2591 5864 πάντα
2633 5808 2905 5883 ἀνθρώπῳ
2935 5806 3077 5865 εἶναι
3106 5813 3267 5883 ὅμοια
3317 5814 3383 5883 τῇ
3428 5811 3584 5881 οὐσίᾳ
3626 5828 3719 5863 νο-

2132 5901 2384 5973 μιστέον;
2421 5902 2543 5955 ἐπεὶ
2573 5903 2651 5967 είς
2679 5903 2866 5958 οὐσίαν
2900 5904 2995 5959 καὶ
3027 5904 3146 5959 κατ’
3180 5904 3368 5961 οὐσίαν
3399 5901 3518 5958 τινὰ
3547 5901 3718 5957 τῶνδε
