4116 6446
302 388 443 453 16αό

1249 373 1652 438 ADVERSUS
1688 369 2246 434 NESTORIANOS.
2280 374 2349 410 4-
2377 370 2526 431 LIB.
2570 369 2673 432 IV.

3458 367 3599 432 1666

298 507 645 578 γεγέννηται,
671 500 766 556 καὶ
795 500 859 554 ὲκ
882 498 983 568 τῆς
1005 493 1216 557 οὐσίας,
1245 492 1278 564 ἢ
1310 494 1376 562 τῇ
1400 491 1633 560 διαφορᾷ
1654 488 1762 543 τῶν
1786 489 1908 559 τρό-

2028 488 2116 541 Ilia
2161 486 2354 541 multa.
2389 486 2531 542 Num
2562 488 2731 557 igitur
2758 486 2876 542 haec
2899 464 3086 543 omnia
3131 486 3341 542 homini
3373 502 3494 543 esse
3525 493 3601 545 si-

300 617 419 655 πων
470 599 567 653 καὶ
598 596 774 665 λόγων
794 631 809 655 ,
869 591 964 646 καὶ
991 589 1134 643 ὐλῶν
1154 627 1170 650 ,
1210 585 1491 655 διαφέρειν
1521 583 1734 652 ἀνάγκη
1764 583 1902 651 πρὸς

300 692 394 745 τὸν
416 690 679 752 τεκόντα;
705 685 800 738 καὶ
826 684 955 738 τάδε
984 681 1084 735 οὐκ
1111 679 1177 732 ἐκ
1196 679 1295 749 τῆς
1319 675 1508 733 οὐσίας
1527 674 1693 727 αὐτοῦ
1719 673 1902 743 πάσης

303 787 337 857 ἢ
372 783 563 856 μόνης,
594 780 628 851 ἢ
670 780 808 851 μόνα
831 776 1150 848 τικτόμενα.

2010 580 2162 635 milia
2196 579 2379 650 quoad
2413 581 2778 636 substantiam
2807 581 3147 637 censendum
3181 581 3601 648 est?Quoniam

2012 672 2069 726 in
2127 673 2498 727 substantiam
2532 679 2589 728 et
2651 672 2957 727 secundum
3009 674 3399 739 substantiam,
3434 684 3491 729 et
3534 690 3605 729 ex

2011 766 2324 821 substantia
2375 766 2629 837 quaedam
2679 766 2879 821 horum
2912 767 3238 838 gignuntur,
3277 783 3463 821 nonne
3496 768 3604 822 dif-

303 881 543 938 ferentia
594 876 887 933 modorum
938 883 994 929 et
1041 871 1339 927 verborum
1384 877 1441 923 et
1474 864 1761 929 materiae,
1822 878 1888 919 ea
1935 862 2162 918 ditlerre
2195 878 2426 918 necesse
2466 871 2551 918 est
2608 862 2841 917 relative
2887 862 2957 917 ad
2986 862 3326 933 gignentem.
3368 862 3438 915 Et
3486 862 3606 917 haec

306 991 421 1032 non
448 985 580 1029 sunt
605 988 673 1028 ex
702 972 823 1043 ejus
853 966 1164 1025 substantia
1213 974 1325 1020 tota
1346 963 1436 1018 vel
1471 962 1606 1025 sola,
1625 975 1731 1015 nec
1762 969 1891 1015 sunt
1926 960 2089 1015 unica
2122 959 2329 1030 genita.

360 1066 592 1127 ,υύκοῦν
639 1067 689 1119 εί
718 1065 814 1118 καὶ
842 1064 872 1116 6
899 1061 1034 1124 Θεὸς
1060 1059 1232 1127 Λόγος
1266 1059 1332 1111 ὲκ
1356 1056 1458 1127 τῆς
1486 1054 1648 1123 ἁγίας
1676 1051 1896 1124 Παρθέ-

307 1183 401 1221 νου
434 1161 759 1232 γεγέννηται
793 1158 892 1212 σὺν
919 1158 986 1229 τῇ
1015 1153 1201 1225 σαρκὶ,
1227 1151 1289 1206 οὐ
1324 1150 1483 1222 μόνος
1507 1146 1663 1219 ψιλὸς
1681 1145 1781 1216 τὴν
1803 1143 1903 1214 φύ-

312 1273 397 1310 σιν
445 1254 567 1307 οὐδὲ
602 1254 668 1305 ὲκ
695 1250 857 1321 τῆσδε
884 1250 1026 1319 έχων
1059 1247 1119 1299 τὸ
1142 1243 1331 1307 ἁπλῶς
1358 1238 1500 1295 εἶναι
1522 1279 1538 1305 ,
1571 1239 1656 1303 τίς
1686 1237 1902 1306 ἀνάγκη

312 1349 494 1418 πάσης
524 1346 625 1415 τῆς
648 1342 838 1404 οὐσίας
866 1340 1124 1395 ἀπαιτεῖν
1144 1336 1406 1408 ὁμοίωσιν
1431 1332 1526 1387 τοῦ
1550 1330 1904 1401 γεννηθέντος

312 1440 452 1511 πρὸς
497 1436 559 1490 τὸ
605 1433 856 1489 ὁπωσοῦν
890 1429 1204 1501 γεννῆσαν;
1240 1427 1341 1497 τῆς
1367 1426 1679 1495 γεννήσεως
1709 1420 1905 1492 ὁμολο-

313 1530 588 1602 γουμένης
619 1528 696 1598 μὴ
726 1522 868 1579 εἶναι
898 1522 1064 1593 τῆσδε
1092 1519 1392 1592 πατρικῆς,
1415 1518 1450 1589 ἢ
1479 1515 1616 1588 μόνη
1638 1515 1700 1568 τὸ
1723 1516 1907 1583 ἀπαρ-

316 1623 583 1677 άλλακτον
620 1618 722 1688 τῆς
756 1613 1070 1687 ὁμοιώσεως
1101 1612 1199 1683 τῆς
1221 1610 1409 1674 οὐσίας
1439 1606 1535 1662 τοῦ
1569 1606 1909 1675 γεννήματος

316 1715 558 1769 δείκνυσι
609 1711 748 1783 πρὸς
791 1709 882 1763 τὸν
925 1706 1311 1777 γεννήσαντα,
1360 1703 1530 1774 ἧγουν
1562 1698 1660 1753 τοῦ
1688 1695 1908 1768 Πατρδς

2071 1052 2249 1123 Igitur
2278 1051 2382 1107 etsi
2413 1051 2562 1106 Deus
2599 1048 2843 1107 Verbum
2867 1064 2936 1104 ex
2966 1056 3157 1103 sancta
3189 1048 3419 1118 Virgine
3448 1046 3607 1118 geni-

2001 1153 2092 1200 tus
2126 1154 2212 1201 est
2234 1160 2364 1200 cum
2393 1138 2582 1208 car'ne,
2607 1159 2719 1197 non
2744 1142 2899 1196 solus
2921 1148 3117 1194 natura
3140 1140 3394 1210 simplex,
3420 1154 3605 1208 neque

2001 1236 2217 1292 habens
2264 1251 2332 1291 ex
2363 1235 2485 1305 ipsa
2519 1233 2829 1304 simplicem
2870 1232 3273 1291 exsistentiam,
3326 1228 3463 1298 quid
3506 1245 3607 1285 ne-

2001 1342 2158 1383 cesse
2183 1336 2270 1382 est
2302 1326 2478 1381 totius
2513 1324 2841 1381 substantiae
2873 1324 3159 1393 postulare
3184 1320 3607 1377 similitudinem

2015 1417 2192 1489 geniti
2246 1417 2479 1471 relative
2528 1415 2599 1470 ad
2633 1430 2761 1470 eum
2807 1412 2904 1483 qui
2934 1426 3161 1482 quoquo
3206 1409 3372 1464 modo
3395 1409 3607 1480 genuit,

2016 1524 2144 1565 cum
2205 1508 2261 1562 in
2292 1505 2548 1563 confesso
2572 1507 2646 1561 sit
2675 1505 2820 1559 hanc
2865 1501 3277 1574 generationem
3323 1507 3612 1569 paternam

2014 1616 2127 1655 non
2154 1613 2277 1655 esse
2309 1614 2432 1654 eam
2462 1612 2589 1668 quae
2614 1596 2732 1652 sola
2786 1595 3133 1650 demonstrat
3190 1590 3612 1646 similitudinem

2016 1689 2345 1747 substantiae
2372 1688 2545 1760 geniti
2572 1687 2805 1742 relative
2840 1684 2909 1739 ad
2936 1684 3277 1756 gignentem,
3307 1681 3486 1737 Patris
3507 1679 3616 1736 sei-

318 1808 459 1879 πρὸς
506 1806 599 1859 τὸν
646 1772 844 1858 ἑαυτοῦ
893 1772 1022 1856 ἄνευ
1060 1772 1264 1869 σαρκὸς
1291 1772 1486 1864 Λόγον.
1534 1793 1601 1846 Ἦ
1632 1792 1742 1890 γὰρ
1771 1788 1909 1859 σὰρξ

2028 1784 2151 1840 licet
2201 1782 2435 1838 relative
2481 1780 2552 1835 ad
2589 1793 2753 1835 suum
2800 1778 2926 1833 sine
2956 1790 3123 1832 carne
3164 1772 3617 1839 Verbum?Caro

317 1877 415 1953 καὶ
462 1899 492 1951 6
531 1896 708 1963 Λόγος
760 1895 789 1946 6
832 1889 1016 1963 προὼν
1050 1886 1376 1957 γεγέννηται
1411 1883 1476 1936 ἐκ
1500 1880 1601 1952 τῆς
1625 1877 1786 1947 ἁγίας
1812 1877 1912 1928 Δε-

321 1990 552 2059 σποίνης
575 2005 589 2020 ·
626 1987 724 2041 καὶ
756 1983 881 2038 οὔτε
913 1983 1105 2054 μόνος,
1141 1976 1265 2032 οὐτε
1302 1977 1367 2030 ὲκ
1398 1974 1569 2046 μόνης
1596 1974 1695 2043 τῆς
1723 1969 1915 2031 οὐσίας

320 2086 420 2156 τῆς
446 2082 607 2153 ἁγίας
637 2078 946 2151 Παρθένου,
978 2075 1054 2135 ὡς
1081 2076 1147 2127 ὲκ
1171 2070 1386 2142 Πατρός
1409 2085 1425 2101 ο
1461 2065 1623 2121 τοῦτο
1645 2064 1752 2135 γὰρ
1786 2063 1915 2133 ὑμῖν

322 2155 423 2233 οὐκ
452 2174 670 2243 ἐλέγετο
704 2171 833 2241 παρ’
861 2166 1020 2241 ἡμῶν
1040 2206 1056 2231 ,
1094 2164 1170 2229 ὡς
1208 2162 1383 2231 Λόγον
1414 2158 1578 2231 μόνον
1622 2155 1915 2226 ἐγέννησεν

323 2275 359 2345 ἡ
385 2272 553 2343 μόνηο
586 2270 621 2340 ἢ
654 2266 731 2339 μὴ
759 2264 1044 2337 προόντος,
1074 2258 1213 2315 ἀλλὰ
1238 2255 1385 2312 κατὰ
1407 2254 1508 2326 τὴν
1532 2252 1721 2307 οὐσίαν
1743 2249 1917 2319 αὐτῆς

327 2338 756 2437 σε-σαρπωμένου
781 2373 796 2389 ο
856 2355 979 2410 ὅθεν
1012 2351 1249 2425 Χριστὸς
1293 2348 1415 2403 κατ’
1442 2346 1610 2418 ἄμφω
1638 2341 1807 2398 αὐτοῦ
1847 2338 1917 2393 τὰ

329 2435 474 2529 μέρη
501 2455 529 2507 6
551 2449 859 2521 γεννηθεὶς,
887 2448 983 2502 ἆτε
1012 2447 1224 2517 χρῖσμα
1249 2442 1345 2495 καὶ⁸
1367 2439 1658 2511 χριόμενος
1678 2435 1913 2505 εἴρηται·

327 2524 378 2604 ἐι
493 2546 685 2601 τοῦτον
727 2543 809 2597 ἑνὶ
838 2540 1058 2602 πάντως
1108 2536 1204 2591 καὶ
1231 2535 1293 2588 οὐ
1319 2532 1413 2587 δύο
1443 2527 1805 2602 έτεροουσίοις
1829 2524 1920 2578 λέ·-

327 2651 446 2712 γειν
477 2637 767 2706 όμοούσιον
800 2634 946 2704 ἡμᾶς
976 2629 1341 2700 είσπράττετε
1363 2665 1380 2692 ,
1425 2624 1546 2695 ὥρα
1599 2622 1748 2691 ὑμᾶς
1779 2616 1921 2691 μηδὲ

328 2711 420 2788 τὸν
458 2730 635 2801 Ἀδὰμ
674 2727 782 2782 ἀπὸ
812 2725 917 2795 γῆς
943 2741 1003 2777 τε
1036 2723 1132 2776 καὶ
1161 2719 1311 2775 θείου
1338 2715 1742 2789 ὲμφυσήματος
1767 2711 1923 2781 γενόο

335 2842 532 2899 μενον,
579 2821 722 2878 κατὰ
754 2820 983 2888 θάτερον
1018 2818 1076 2869 ὲν
1104 2814 1254 2884 αὐτῷ
1289 2810 1472 2884 μερῶν
1494 2808 1677 2899 λόγον,
1713 2803 1923 2875 θατέρᾳ

331 2893 511 2988 λέγειν
546 2912 849 2983 συστατικῇ
885 2907 1051 2962 αὐτοῦ
1080 2905 1241 2977 οὐσίᾳ
1272 2899 1560 2974 όμοούσιον
1592 2894 1771 2950 εἶναι’
1806 2893 1921 2949 ἀλλ’

333 3015 368 3076 ἢ
402 3013 545 3067 θεῖον
578 3006 743 3064 αὐτοῦ
773 3004 999 3073 δοξάσαι
1046 3000 1143 3056 καὶ
1185 3000 1248 3054 τὸ
1291 3000 1501 3068 γήϊνον,
1536 2995 1569 3067 ἢ
1603 2995 1797 3066 γήϊνον
1828 2990 1924 3044 καὶ

336 3107 482 3161 θεῖον
528 3100 972 3174 ὑπολαμϐάνειν·
1029 3097 1080 3150 εί
1124 3096 1181 3149 δὲ
1224 3093 1400 3147 ταῦτα
1440 3090 1537 3143 ἐπὶ
1566 3088 1760 3142 τούτου
1788 3085 1926 3155 πρό-

2015 1875 2165 1931 enim
2195 1883 2251 1931 et
2270 1873 2516 1931 Verbum
2547 1871 2943 1943 praeexsistens
2973 1866 3157 1940 genita
3182 1875 3311 1923 sunt
3336 1883 3401 1921 ex
3424 1874 3621 1920 sancta

2015 1969 2278 2033 Domina,
2316 1966 2415 2022 sed
2444 1979 2629 2036 neque
2676 1963 2858 2018 solum
2894 1960 3164 2024 Verbum,
3195 1973 3381 2028 neque
3405 1973 3474 2011 ex
3498 1956 3618 2011 sola

2016 2058 2325 2117 substantia
2366 2065 2575 2113 sanctae
2624 2053 2894 2126 Virginis,
2950 2051 3098 2107 sicut
3148 2065 3217 2106 ex
3266 2050 3451 2105 Patre.
3500 2046 3619 2103 Hoc

2016 2154 2166 2208 enim
2193 2164 2478 2221 nunquam
2508 2147 2669 2203 vobis
2697 2145 2912 2201 dictum
2934 2142 3043 2197 fuit
3097 2157 3128 2196 a
3162 2140 3348 2206 nobis,
3401 2139 3620 2195 scilicet

2015 2243 2262 2299 Verbum
2302 2240 2483 2295 solum
2537 2237 2788 2308 genitum
2845 2233 3017 2288 fuisse
3066 2247 3133 2286 ex
3181 2231 3277 2285 illa
3327 2230 3463 2294 sola,
3520 2234 3621 2283 aut

2016 2336 2205 2391 Verbo
2227 2348 2340 2389 non
2383 2330 2842 2403 praeexsistente;
2879 2325 2977 2381 sed
3004 2324 3244 2379 dicimus
3270 2323 3620 2378 incarnatum

2018 2443 2087 2484 ex
2121 2428 2242 2498 ejus
2273 2423 2609 2480 substantia.
2637 2420 2796 2478 Unde
2845 2417 3084 2474 Verbum
3115 2416 3388 2487 genitum,
3415 2429 3620 2468 secun-

2020 2520 2156 2576 dum
2183 2530 2480 2588 utramque
2516 2530 2671 2570 suam
2702 2520 2940 2583 partem,
2985 2510 3199 2565 dictum
3232 2516 3317 2563 est
3342 2506 3623 2571 Christus,

2023 2618 2217 2681 utpote
2251 2608 2445 2662 unctio
2504 2604 2672 2661 simul
2704 2611 2761 2657 et
2785 2609 3008 2657 unctus.
3047 2598 3105 2654 Si
3141 2606 3323 2653 autem
3354 2596 3505 2651 hunc
3527 2595 3625 2649 uni

2021 2699 2251 2756 omnino
2278 2705 2336 2753 et
2371 2712 2483 2751 non
2505 2695 2726 2752 duobus
2754 2693 2992 2749 diversae
3022 2688 3351 2745 substantia:
3379 2687 3626 2743 consub-

2024 2792 2339 2849 stantialem
2367 2790 2557 2844 dicere
2589 2802 2693 2842 nos
2719 2785 2950 2856 cogitis,
2977 2784 3090 2855 jam
3124 2782 3285 2838 decet
3316 2796 3418 2836 vos
3444 2795 3626 2850 neque

2025 2885 2297 2941 Adamum
2327 2897 2358 2936 e
2382 2892 2531 2937 terra
2559 2888 2617 2934 et
2642 2878 2835 2934 divino
2863 2877 2994 2932 llatu
3019 2875 3288 2947 genitum,
3315 2873 3623 2929 secundum

2003 3024 2007 3027 .
2025 2978 2347 3032 alterutram
2359 2973 2629 3029 rationem
2643 2969 2885 3041 partium
2897 2966 3103 3038 quibus
3115 2974 3354 3029 constat,
3369 2963 3627 3019 alterutri

2026 3066 2391 3123 constituenti
2450 3062 2779 3119 substantiae
2827 3059 3013 3115 dicere
3068 3073 3193 3115 esse
3254 3055 3628 3112 consubstan-

334 3149 497 3270 όηλον
540 3196 653 3268 ἔχει
1160 3185 1378 3259 άληθῶς
1431 3183 1528 3237 καὶ
1575 3183 1605 3236 6
1646 3177 1729 3245 εἷς
1766 3149 1925 3250 ἡμῶν

2035 3160 2243 3223 tialem,
2272 3158 2368 3214 sed
2400 3166 2499 3211 aut
2540 3154 2791 3209 divinum
2815 3152 3093 3207 :estimare
3121 3149 3289 3206 etiam
3320 3158 3628 3212 terrenum,

2106 3260 2119 3270 .
2160 3260 2441 3270 .-___--_____
2475 3260 2786 3270 ----...,...,...Λ
2823 3252 2875 3270 Α.
2910 3242 3156 3270 A:..:n...“
3201 3240 3255 3270 ΕΞ
3291 3246 3474 3270 ηιιιηηι
3512 3241 3628 3270 luant!

338 3269 576 3364 Χριστος
629 3285 965 3358 ἀμφοτέροις
1021 3281 1134 3336 τῶν
1177 3276 1522 3349 γεννητόρων
1578 3275 1643 3328 ὲκ
1690 3269 1925 3343 θατέρου

338 3384 447 3441 τῶν
475 3384 535 3440 ὲν
560 3378 708 3453 αὐτῷ
735 3379 920 3450 ὅμοιος
947 3370 1091 3430 εἶναι
1114 3368 1342 3428 δύναταί
1364 3386 1423 3423 τε
1456 3368 1553 3423 καὶ
1574 3366 1820 3437 λέγεται.

942 3639 1197 3696 ΚΕΦΑΛ.
1236 3638 1319 3691 Η’.

418 3746 483 3800 Εἰ
534 3744 735 3815 Μήτηρ
784 3737 878 3793 τοῦ
922 3734 1061 3790 Θεοῦ
1115 3732 1236 3787 κατ’
1267 3729 1534 3799 ἀλήθειαν
1562 3727 1597 3797 ἡ
1627 3720 1930 3795 Παρθένος,

350 3842 480 3905 Υἱὸς
525 3813 647 3893 κατ’
683 3813 947 3905 άλὴθειαν
994 3831 1096 3899 τῆς
1137 3823 1419 3897 Παρθένου
1458 3822 1487 3875 6
1519 3819 1684 3882 Θεός·
1723 3818 1772 3870 εί
1805 3813 1936 3876 Υἱὸς

354 3933 457 4003 τῆς
501 3928 780 4001 Παρθένου
828 3923 955 3979 κατ’
988 3920 1251 3993 ἀλήθειαν
1298 3917 1328 3969 6
1367 3914 1540 3980 Θεὸς,
1579 3912 1613 3983 ἢ
1649 3911 1832 3981 ὅμοιος
1867 3907 1933 3977 τῇ

350 4000 561 4097 Μητρὶ,
664 4020 763 4090 οὐχ
786 4019 974 4090 ὅμοιος
994 4030 1010 4046 ⁸
1066 4013 1161 4067 καὶ
1205 4012 1257 4065 εί
1291 4008 1391 4081 μὲν
1429 4009 1642 4077 ὅμοιος,
1672 4003 1732 4056 οὐ
1763 4000 1931 4064 Θεός·

352 4121 401 4173 εί
432 4094 502 4171 ’δέ
549 4115 649 4186 οὐχ
692 4113 902 4182 ὅμοιος,
942 4107 1043 4178 οὐχ
1074 4105 1218 4166 Υἱός.
1263 4101 1405 4155 Ἀλλ’
1434 4099 1534 4171 ἤδη
1560 4097 1696 4167 ἡμῖν
1723 4094 1937 4186 εἴρηται

353 4212 452 4266 καὶ⁵
498 4209 594 4263 τὸν
617 4180 763 4260 ⁷οιατ’
799 4201 1062 4272 ἀλήθειαν
1105 4196 1221 4261 υἱον
1275 4193 1353 4266 μὴ
1396 4191 1539 4247 κατὰ
1578 4188 1757 4243 πάντα
1796 4180 1938 4238 εἶναι

352 4302 431 4375 τῷ
458 4299 676 4354 τεκόντι
702 4298 888 4368 ὅμοιον
912 4309 928 4325 ’
969 4291 1066 4346 καὶ
1094 4288 1204 4361 γὰρ
1236 4286 1332 4341 καὶ
1360 4287 1427 4338 ἐκ
1456 4280 1631 4375 πυρὸς
1656 4278 1805 4350 φῶς,
1844 4275 1941 4375 καί

351 4367 454 4466 οὐχ
482 4395 669 4464 ὅμοιον
702 4367 883 4458 πάντη
923 4385 1057 4457 πυρί
1079 4399 1094 4413 ’
1149 4380 1247 4435 καὶ
1291 4377 1471 4449 νόημα
1508 4374 1575 4427 ὲκ
1606 4372 1804 4466 ψυχῆς,
1845 4367 1941 4466 παὶ

2029 3260 2127 3309 aut
2159 3260 2445 3307 terrenum
2472 3260 2788 3317 supponere
2821 3252 2879 3298 et
2907 3242 3180 3297 divinum.
3201 3240 3259 3295 Si
3290 3246 3475 3294 autem
3512 3241 3635 3295 hare

2029 3343 2323 3401 manifeste
2344 3340 2633 3398 continent
2660 3352 2933 3402 errorem,
2956 3350 3089 3390 vere
3105 3335 3273 3389 etiam
3298 3348 3443 3388 unus
3469 3332 3637 3389 Chri-

2032 3447 2151 3495 stus
2169 3444 2364 3493 noster
2389 3433 2667 3490 ambobus
2696 3429 3051 3503 gignentibus
3077 3468 3093 3495 ,
3129 3444 3199 3484 ex
3246 3429 3515 3503 alterutra
3542 3426 3633 3482 sui

2032 3540 2209 3602 parte,
2233 3536 2417 3601 potest
2440 3542 2563 3582 esse
2582 3533 2640 3581 et
2668 3498 2877 3581 dicitur
2901 3522 3121 3579 similis.
3478 3498 3487 3507 ’

2655 3638 2811 3693 CAP.
2861 3637 3001 3694 Vlll.

2109 3733 2168 3790 Si
2205 3733 2378 3789 Mater
2403 3730 2503 3788 Dei
2529 3746 2662 3787 vere
2688 3740 2773 3786 est
2801 3729 2991 3801 Virgo,
3024 3727 3203 3784 Filius
3232 3726 3475 3800 Virginis
3504 3743 3642 3784 vere

2035 3838 2122 3884 est
2149 3828 2318 3883 Deus.
2364 3825 2422 3881 Si
2470 3825 2643 3881 Filius
2678 3822 2921 3894 Virginis
2961 3837 3091 3877 vere
3121 3829 3207 3877 est
3233 3822 3401 3887 Deus,
3434 3821 3520 3876 vel
3549 3830 3638 3877 est

2035 3919 2196 3975 Matri
2232 3918 2454 3984 similis,
2495 3917 2583 3972 vel
2627 3932 2738 3971 non
2782 3914 3016 3982 similis;
3062 3914 3107 3970 si
3141 3914 3342 3970 similis
3384 3913 3635 3984 quidem,

2037 4028 2170 4082 ergo
2214 4025 2324 4065 non
2356 4017 2443 4064 est
2482 4008 2658 4075 Deus;
2692 4006 2738 4062 si
2783 4021 2895 4060 non
2929 4005 3127 4060 similis
3159 4020 3312 4069 vero,
3358 4020 3490 4075 ergo
3522 4019 3638 4059 non

2040 4098 2419 4158 Filius—Sed
2438 4099 2550 4170 jam
2572 4114 2602 4152 a
2624 4098 2789 4153 nobis
2808 4097 3021 4152 dictum
3045 4096 3149 4151 fuit
3169 4104 3227 4150 et
3246 4111 3441 4150 verum
3461 4094 3636 4149 lilium

2039 4208 2153 4248 non
2199 4190 2507 4248 secundum
2542 4190 2730 4244 omnia
2760 4204 2883 4245 esse
2914 4189 3161 4261 gignenti
3208 4187 3469 4242 similem.
3500 4186 3641 4241 Nam

2039 4299 2106 4339 ex
2138 4285 2263 4354 igne
2292 4284 2482 4337 lumen
2513 4288 2635 4346 est;
2684 4289 2741 4335 et
2777 4289 2964 4335 tamen
2996 4294 3108 4333 non
3158 4277 3215 4332 in
3265 4277 3523 4332 omnibus
3554 4286 3645 4333 est

2044 4374 2156 4445 igni
2183 4372 2403 4430 similis.
2428 4372 2704 4444 Cogitatio
2732 4386 2958 4441 quoque
2986 4386 3054 4425 ex
3084 4370 3288 4435 anima,
3318 4383 3421 4423 nec
3452 4376 3642 4423 tamen

353 4460 593 4558 οῡῖιιυάή
621 4502 635 4516 ο
671 4484 769 4538 καὶ
803 4480 983 4551 ίχθύες
1012 4477 1072 4544 ἐξ
1101 4474 1295 4535 ὓδατος
1315 4513 1332 4539 ,
1378 4470 1475 4523 καὶ
1506 4466 1607 4539 οὐχ
1635 4463 1811 4558 ὖόωρ..
1851 4460 1925 4558 Ίιξη

2043 4476 2129 4524 est
2158 4466 2375 4532 anima;
2402 4474 2460 4521 et
2485 4465 2668 4536 pisces
2698 4479 2766 4518 ex
2790 4477 2959 4533 aqua,
2994 4477 3097 4518 nec
3127 4461 3255 4516 ideo
3297 4468 3432 4516 sunt
3472 4475 3647 4530 aqua.

356 4531 704 4649 τούζοίςιμὲν
727 4531 982 4628 οὖνλσιαῖ
1000 4531 1072 4624 τὸ,
1090 4531 1555 4637 πάντη-άνόμοιον
1574 4531 1729 4629 ’πρὸς
1750 4531 1827 4609 τά
1848 4552 1925 4606 τέ-

2047 4560 2108 4615 In
2133 4559 2221 4614 his
2245 4558 2413 4630 igitur
2434 4531 2989 4613 animadvertendum
3014 4564 3103 4610 est
3125 4553 3359 4609 omnino
3381 4552 3652 4608 dill'eren—

358 4689 526 4728 κοντα
577 4648 690 4721 τῶν
732 4664 1037 4736 τεχθέντων
1083 4659 1232 4713 ἔστιν
1275 4656 1423 4710 ἰδεῖν.
1464 4654 1527 4707 Εἰ
1558 4651 1615 4705 δὲ
1646 4651 1712 4703 ἐκ
1743 4648 1944 4718 μέρους

358 4764 616 4836 ἀνόμοιος
648 4762 716 4831 τῇ
742 4757 933 4829 Μητρὶ
962 4755 1059 4809 xui.
1084 4753 1271 4822 ὅμοιος
1301 4751 1329 4803 6
1352 4746 1608 4819 Χριστὸς,
1632 4741 1684 4796 τί
1709 4741 1944 4803 άτοπον;

358 4832 508 4929 τΔρνα
537 4855 629 4909 οὖν
675 4852 799 4906 ἐπεὶ
832 4850 909 4922 μὴ
941 4845 1085 4902 κατὰ
1116 4844 1177 4899 τὸ
1206 4844 1330 4896 ὅλον
1364 4838 1582 4909 πέρδικι
1609 4837 1797 4907 ὅμοιος
1828 4834 1858 4887 ό
1882 4832 1948 4885 ἐκ

361 4948 641 5019 πέρδικος,
667 4944 762 4998 καὶ
797 4939 1078 5011 φασιανῶν
1109 4930 1622 5007 περδικοφασιανὸς,
1654 4928 1757 4982 οὐκ
1780 4925 1950 4988 ὅντως

363 5042 520 5096 ἔσται
555 5039 678 5093 οὐδὲ
707 5036 823 5099 υἱὸς
847 5031 1029 5097 τοῦδε,
1068 5023 1115 5083 ὧ
1143 5026 1495 5099 φυσιολόγοι;

973 5168 1226 5224 ΚΕΦΛΛ.
1266 5162 1344 5220 Θ’.
1366 5206 1367 5209 η

454 5292 519 5344 ’Π
559 5288 654 5343 τοῦ
691 5285 829 5341 Θεοῦ
863 5283 1041 5352 Λόγου
1088 5284 1155 5336 ὲκ
1194 5277 1475 5350 Παρθένου
1521 5272 1657 5329 κατ’
1691 5268 1955 5343 ἀλήθειαν

367 5385 649 5455 γέννησις,
675 5379 710 5451 ἢ
739 5378 912 5441 πάθος
938 5373 1104 5430 αὐτοῦ
1137 5376 1308 5437 ἐστιν,
1334 5369 1368 5440 ἢ
1395 5368 1669 5439 ὲνέργεια’
1698 5363 1732 5434 ἢ
1759 5362 1956 5425 πάθος,

370 5478 467 5532 καὶ
517 5474 807 5544 ἐνέργειαν
863 5470 897 5542 ἢ
950 5467 1076 5522 οὔτε
1108 5464 1312 5531 πάθος,
1348 5463 1471 5516 οὐτε
1500 5459 1773 5530 ἐνέργεια.
1815 5455 1955 5509 Ἀλλ’

2050 4651 2183 4708 tiam
2212 4651 2526 4722 genitorum
2558 4648 2789 4704 relative
2817 4647 2887 4702 ad
2916 4645 3225 4718 gignentia.
3249 4644 3306 4700 Si
3349 4652 3535 4699 autem
3578 4659 3653 4699 ex

2051 4753 2210 4815 parte
2258 4742 2547 4798 dissimilis
2594 4740 2761 4795 matri
2798 4739 3055 4795 Christus
3102 4737 3269 4794 simul
3319 4745 3377 4792 et
3426 4736 3653 4800 similis,

2046 4835 2189 4906 quid
2221 4833 2501 4890 absurdi?
2517 4832 2660 4888 Num
2691 4830 2862 4902 igitur
2900 4845 2967 4885 ex
3001 4843 3069 4884 eo
3098 4828 3246 4899 quod
3275 4842 3388 4882 non
3418 4825 3491 4881 sit
3519 4841 3648 4895 per-

2055 4927 2166 4984 dici
2195 4943 2297 4998 per
2320 4925 2511 4981 omnia
2535 4924 2737 4980 similis
2763 4924 2950 4994 pullus
2982 4921 3228 4992 perdicis
3262 4926 3321 4974 et
3350 4918 3661 4989 phasiaear,

2058 5034 2171 5075 non
2204 5019 2329 5075 ideo
2359 5018 2470 5073 erit
2500 5016 2745 5086 perdicis
2771 5014 2987 5084 pullus,
3020 5028 3053 5067 ο
3096 5007 3441 5082 physiologi?

2711 5144 2865 5202 CAP.
2910 5144 3000 5198 IX.

2134 5267 2231 5323 Dei
2257 5265 2423 5323 Verbi
2450 5262 2735 5337 generatio
2766 5275 2835 5315 ex
2868 5255 3086 5328 Virgine
3114 5252 3419 5309 secundum
3450 5250 3669 5306 verita—

2061 5369 2198 5425 tem,
2228 5359 2314 5414 vel
2348 5368 2434 5413 est
2473 5358 2594 5427 ejus
2630 5353 2847 5426 passio,
2886 5358 2982 5405 aut
3025 5347 3206 5411 actio,
3250 5344 3337 5400 vel
3382 5342 3569 5415 passio
3599 5348 3661 5394 et

2066 5452 2234 5516 actio,
2263 5450 2347 5506 vel
2390 5464 2572 5519 neque
2618 5445 2802 5518 passio
2833 5458 3016 5513 neque
3047 5439 3215 5496 actio.
3262 5436 3369 5492 Sed
3398 5437 3445 5492 si
3474 5433 3666 5505 passio

371 5524 1065 5640 πάθοςφαίνεται,
1093 5524 1362 5632 πρόδηλος
1391 5556 1426 5627 ὴ
1454 5524 1698 5609 ἀσέϐεια·
1732 5547 1826 5603 τοῦ
1850 5549 1920 5617 γὰ

2065 5543 2322 5607 videtur,
2356 5549 2512 5612 patet
2557 5539 2812 5610 impietas
2844 5555 2857 5591 :
2885 5533 3068 5607 passio
3112 5533 3265 5588 enim
3303 5529 3551 5602 pertinet
3591 5524 3664 5579 ad

2180 5636 2189 5640 _
2525 5630 2536 5640 .
2784 5627 2799 5640 .
3128 5639 3135 5640 ,
3403 5616 3628 5640 _--L.......

371 5616 856 5735 γεγεννημένου
898 5616 1100 5719 πάθος,
1138 5616 1476 5721 ⁸γεγέννηται
1506 5645 1563 5699 δὲ
1611 5645 1645 5715 ὴ
1679 5642 1838 5696 οὐσία
1864 5616 1925 5694 το

2068 5636 2353 5709 genitum;
2386 5630 2563 5701 atqui,
2593 5627 2899 5685 secundum
2930 5640 3049 5690 vos,
3082 5622 3262 5695 genita
3290 5628 3373 5676 est
3402 5616 3665 5672 substan-

2098 5732 2108 5735 -
2175 5731 2207 5735 _
2260 5730 2271 5735 -
2582 5725 2595 5735 .
2656 5732 2664 5735 _
2750 5722 2785 5735 ,ι
2874 5721 2909 5735 ιρι
2953 5719 2964 5730 ο
3016 5716 3331 5735 ,.-,,!L__!._-_
3367 5712 3547 5735 ..-ιι-ΞΑ
3606 5709 3665 5735 ΕΞ

373 5754 511 5810 Θεοῦ
541 5754 665 5809 καθ’
698 5753 876 5824 ὑμᾶς,
908 5750 1006 5820 τῆς
1036 5746 1226 5809 οὐσίας
1253 5746 1363 5816 ἄρα
1392 5740 1486 5795 τοῦ
1510 5738 1740 5824 Θεοῦῗτδ
1767 5735 1958 5795 πάθος.

377 5846 439 5899 Εἰ
470 5846 527 5901 δὲ
558 5823 828 5917 ἐνέργεια,
868 5843 1083 5911 ἐνεργεῖ
1115 5837 1169 5891 δὲ
1206 5838 1233 5891 ό
1263 5835 1393 5898 Θεὸς
1428 5833 1487 5887 οὐ
1520 5829 1597 5901 τῷ
1623 5823 1762 5885 εἶναι
1790 5826 1961 5898 αὐτῷ,

2073 5732 2145 5785 tia
2175 5730 2308 5795 Dei";
2346 5741 2478 5798 ergo
2514 5722 2837 5780 substantiae
2872 5719 2967 5775 Dei
3006 5716 3331 5772 attribuitur
3367 5712 3569 5784 passio.
3606 5709 3667 5762 Si

2072 5831 2259 5879 autem
2300 5821 2468 5887 actio,
2505 5818 2616 5888 agit
2646 5824 2833 5871 autem
2866 5814 3015 5870 Deus
3048 5826 3159 5866 non
3191 5822 3291 5863 sua
3321 5802 3675 5874 cxsistentia,
