4116 6468
451 402 587 467 1667

1715 393 2030 459 LEONTII
2069 391 2479 457 BYZANTINI

3596 390 3741 455 1668

447 508 503 563 id
528 515 616 562 est
641 519 753 559 non
781 518 881 559 sua
907 502 1240 568 substantia,
1269 501 1365 559 sed
1397 518 1495 559 sua
1523 503 1845 568 voluntate;
1876 503 2045 574 igitur

2171 501 2425 553 τουτέστιν
2445 500 2508 553 οὑ
2536 500 2603 571 τῇ
2633 498 2813 571 οὐσίᾳ,
2848 496 2987 554 ἀλλά
3018 498 3166 570 μόνῳ
3194 497 3276 569 τῷ
3308 496 3508 553 θέλεινο
3535 499 3633 553 τοῦ
3660 501 3751 554 θέ-

445 595 773 661 voluntatis,
804 611 917 651 non
952 595 1274 650 substantia:
1304 596 1423 661 Dei,
1455 596 1598 651 facta
1627 603 1713 652 est
1738 597 2051 666 generatio.

446 690 504 745 Si
542 700 728 744 autem
756 688 940 758 passio
973 688 1139 742 simul
1169 696 1226 743 et
1255 689 1421 753 actio,
1454 689 1528 743 ita
1561 689 1776 745 scilicet
1806 698 1867 743 ut
1892 688 2049 759 geni-

447 791 537 835 tus
572 781 645 834 sit
670 780 889 849 patiens
922 780 1145 849 quidem
1171 780 1502 844 substantia,
1532 797 1700 851 agens
1734 790 1921 835 autem
1952 795 2056 834 vo-

448 874 687 937 luntate,
719 872 923 943 genitae
951 880 1083 927 sunt
1110 888 1243 943 ergo
1280 881 1337 927 et
1366 873 1672 927 substantia
1702 882 1760 927 et
1795 873 2053 929 voluntas

450 965 571 1029 Dei,
610 966 700 1019 illa
733 965 957 1035 quidem
992 964 1231 1034 patiens,
1261 964 1379 1018 haec
1402 979 1535 1019 vero
1561 979 1746 1034 agens.
1782 963 1837 1017 Si
1864 972 2052 1019 autem

451 1072 633 1126 neque
659 1056 846 1126 passio
872 1072 1054 1126 neque
1081 1056 1248 1117 actio,
1277 1071 1459 1125 neque
1486 1056 1793 1110 substantia
1828 1055 1923 1110 Dei
1958 1070 2057 1109 ne-

451 1163 560 1218 que
589 1148 865 1212 voluntas,
908 1149 1091 1219 genita
1121 1158 1207 1202 est
1234 1166 1248 1203 :
1281 1147 1371 1202 dic
1414 1163 1548 1218 ergo
1565 1147 1723 1217 ~quid
1754 1147 1853 1202 Dei
1896 1148 2054 1218 geni-

453 1250 572 1295 tum
619 1240 712 1307 sit,
750 1257 862 1310 quo
897 1240 1113 1295 scilicet
1143 1240 1351 1310 genito,
1384 1239 1614 1310 proprie
1660 1248 1719 1294 et
1768 1253 1895 1294 vere
1943 1238 2054 1293 dici

454 1330 631 1401 possit
660 1348 673 1385 :
703 1330 925 1400 genitus
973 1339 1058 1385 est
1093 1331 1258 1385 Deus.
1283 1359 1353 1370 -ο
1376 1330 1521 1384 Proh
1572 1329 1841 1400 insipiens
1873 1338 2057 1385 vestra

454 1423 758 1493 sapientia!
793 1423 961 1477 istius
992 1422 1141 1476 modi
1169 1422 1499 1492 eloquentiae
1540 1436 1610 1476 ne
1654 1422 1905 1475 umbram
1931 1421 2058 1491 qui-

456 1516 583 1569 dem
614 1516 758 1570 Deus
787 1516 841 1568 in
878 1515 1088 1569 nmndo
1116 1516 1427 1585 relinquat!
1466 1514 1611 1583 Quid
1645 1516 1793 1570 enim
1826 1515 2059 1572 misera-

457 1607 631 1663 bilius
666 1607 772 1662 boc
796 1607 1003 1671 studio,
1032 1607 1181 1677 quod
1216 1623 1438 1664 omnem
1472 1609 1617 1663 hanc
1651 1616 1937 1663 mutuatur
1967 1609 2056 1663 in-

458 1700 805 1754 commodam
833 1700 1190 1770 :etiologiam,
1222 1710 1284 1754 ut
1320 1700 1470 1755 inani
1511 1700 1802 1756 mendacio
1834 1700 2056 1771 opinio-

2152 594 2271 647 λειν
2296 595 2406 665 ἄρα
2432 593 2536 664 τῆς
2558 592 2746 657 οὐσίας
2770 591 2866 646 τοῦ
2887 592 3024 646 Θεοῦ
3048 594 3082 664 ή
3104 592 3378 665 γέννησις.
3407 594 3469 646 Εἰ
3488 593 3546 646 δὲ
3571 594 3754 657 πάθος

2154 687 2252 741 καὶ
2281 687 2558 758 ἐνέργεια,
2591 685 2879 749 πεπονθὼς
2914 686 3014 757 μὲν
3044 688 3111 756 τῇ
3145 685 3328 756 οὐσίᾳ,
3361 686 3665 757 ἐνεργήσας
3693 686 3756 739 δὲ

2154 777 2232 848 τῷ
2270 777 2447 831 θέλειν
2478 776 2847 848 γεγέννηται,
2898 777 3367 849 γεγέννηται·ἄρα
3401 779 3495 831 καὶ
3525 779 3559 847 ή
3591 778 3756 831 οὑσία

2156 869 2250 922 καὶ
2278 868 2340 921 τὸ
2367 868 2548 923 θέλειν
2577 868 2673 922 τοῦ
2696 869 2856 933 Θεοῦ,
2881 870 2914 939 ἡ
2941 868 3042 939 μὲν
3064 867 3338 935 παθοῦσα,
3362 868 3423 921 τὸ
3441 869 3500 922 δέ
3518 869 3752 940 δράσαν.

2159 960 2221 1013 Ei
2269 960 2327 1013 δέ
2376 959 2502 1013 οὑτε
2537 961 2711 1023 πάθος
2757 959 2881 1014 οῦτε
2913 961 3185 1032 ἐνέργεια,
3222 959 3346 1013 οὔτε
3375 961 3410 1031 ή
3439 960 3595 1014 οὑσία
3625 960 3756 1014 οῦτε

2156 1050 2220 1103 τὸ
2250 1050 2429 1105 θέλειν
2454 1050 2549 1105 τοῦ
2577 1051 2715 1105 Θεοῦ
2748 1052 3041 1121 ἐγεννήθη,
3077 1052 3200 1105 εἰπὲ
3228 1052 3285 1106 τί
3313 1052 3407 1105 τοῦ
3435 1051 3573 1105 Θεοῦ
3600 1053 3693 1120 ἐγε
3728 1080 3760 1093 ο

2156 1144 2292 1215 νήθη
2312 1187 2327 1208 ,
2362 1138 2423 1200 οὗ
2454 1144 2828 1215 γεννηθέντος,
2863 1146 3071 1216 κυρίως
3111 1146 3252 1200 κατὰ
3282 1144 3539 1216 ἀλήθειαν
3568 1147 3596 1198 ὁ
3620 1144 3758 1207 Θεὸς

2160 1236 2451 1308 ἐγεννήθη.
2502 1236 2611 1290 Φεῦ
2648 1236 2753 1307 τῆς
2787 1237 2995 1307 ἀσόφου
3026 1237 3183 1309 ὑμῶν
3216 1238 3448 1308 σοφίας]
3495 1238 3760 1309 τοιαύτης

2158 1329 2478 1398 λογιότητος
2544 1330 2680 1399 μηδέ
2714 1329 2935 1383 εἴδωλον
2966 1330 3099 1394 Θεὸς
3129 1333 3186 1384 ἐν
3216 1331 3408 1402 κόσμῳ
3437 1331 3759 1386 καταλίποι.

2160 1423 2227 1475 Τί
2249 1422 2358 1493 γὰρ
2381 1422 2711 1496 ἀθλιώτερον
2730 1422 2941 1477 τοιᾶσδε
2958 1424 3219 1496 σπουδῆς,
3242 1426 3423 1477 πᾶσαν
3440 1424 3766 1495 ἐρανιζομέ-

2160 1534 2259 1585 νης
2307 1515 2661 1588 ἀπρόσφορον
2709 1517 3083 1586 αἰτιολογίαν,
3141 1516 3227 1570 ἵνα
3276 1516 3353 1588 τῷ
3399 1516 3764 1586 ἀνυποστάτῳ

2159 1608 2387 1679 ψεύδει,
2452 1609 2677 1680 δόκησιν
2732 1610 3089 1675 ὑποστάσεως
3146 1610 3410 1682 ἀληθείας
3459 1608 3764 1680 περιποιή-

2165 1718 2327 1772 σηται
2354 1718 2368 1766 ;
2421 1701 2519 1755 καὶ
2563 1701 2721 1756 τοῦτο
2755 1702 2816 1755 οὑ
2849 1701 2939 1755 διά
2967 1702 3160 1774 κέρδος
3193 1703 3384 1773 ἕτερον
3406 1742 3422 1767 ,
3456 1701 3573 1756 ἀλλ’
3605 1701 3638 1772 ἢ
3670 1702 3767 1755 ἵνα

459 1806 586 1845 nem
616 1789 941 1845 substantiae
965 1789 1083 1843 veri
1117 1788 1411 1844 conciliet?
1434 1789 1502 1843 Et
1545 1788 1653 1843 hoc
1688 1804 1798 1842 non
1831 1798 2059 1858 propter

2171 1795 2409 1865 κρηπῖδα
2439 1794 2796 1865 βλασφημίας
2830 1795 2999 1865 ἑαυτῇ
3030 1794 3389 1866 οἰκοδομήσῃ.
3417 1794 3642 1866 Πρῶτον
3665 1793 3766 1848 οὖν

458 1880 611 1935 aliud
639 1881 879 1945 lucrum,
906 1881 1011 1937 nisi
1035 1888 1096 1936 ut
1121 1880 1541 1936 fundamentum
1573 1856 2058 1951 blasphemizesibi

2171 1856 2320 1955 ὑμών
2352 1856 2675 1951 ἀκουστέον,
2705 1856 2796 1949 τίς
2823 1856 3083 1939 κοινωνία
3109 1856 3483 1948 διανοίαςυτῶν
3506 1902 3567 1939 τε
3595 1886 3765 1957 μέχρι

459 1981 695 2027 astruat.
744 1972 916 2043 Igitur
958 1973 1201 2043 primum
1244 1988 1312 2027 ex
1382 1972 1542 2027 vobis
1582 1973 1925 2027 audiendum
1973 1980 2061 2027 est

461 2065 591 2134 quis
628 2065 851 2119 intersit
880 2079 1187 2119 consensus
1217 2063 1363 2119 inter
1395 2079 1462 2118 ea
1492 2080 1615 2134 quae
1645 2065 1753 2120 huc
1785 2080 1960 2135 usque
1990 2065 2060 2119 de

461 2156 821 2226 generatione
845 2164 901 2209 et
924 2155 1204 2226 generatis
1231 2156 1554 2219 senseratis,
1579 2166 1635 2210 et
1660 2171 1724 2210 ea
1745 2171 1867 2225 qua:
1893 2154 2059 2209 modo

462 2248 703 2303 dixistis.
733 2248 1161 2304 Gcnerationem
1197 2247 1345 2301 enim
1367 2247 1591 2318 proprie
1616 2247 1839 2313 dictam,
1872 2247 1926 2301 id
1953 2256 2060 2312 est,

462 2354 585 2393 eam
606 2354 728 2407 quae
761 2345 848 2392 est
876 2338 944 2391 de
962 2352 1071 2391 non
1102 2336 1518 2402 exsistentibus,
1538 2337 1668 2405 psive
1695 2350 1818 2406 qua:
1845 2336 2063 2406 simpli-

464 2432 606 2484 citer
635 2430 730 2485 dat
774 2431 1159 2485 exsistentiam
1190 2430 1398 2501 genito,
1441 2430 1846 2485 discernebatis
1876 2438 2060 2484 antea.

466 2523 583 2579 Hoc
620 2522 767 2577 enim
811 2524 932 2577 sine
967 2522 1399 2587 intermissione,
1429 2522 1677 2593 qualibet
1725 2522 1851 2577 data
1900 2536 2063 2575 occa-

465 2617 625 2671 sione
654 2616 1057 2685 subjiciebatis.
1086 2616 1245 2671 Nunc
1272 2624 1457 2670 autem
1488 2614 1765 2685 quomodo
1791 2614 1908 2670 sive
1938 2629 2064 2684 pas-

467 2708 706 2773 sionem,
754 2707 875 2761 sine
917 2708 1215 2773 actionem,
1264 2710 1379 2762 sive
1428 2718 1723 2777 utrumque
1764 2707 1950 2773 simul,
1996 2707 2065 2762 de

467 2810 733 2870 generato
761 2799 1205 2865 considerantes,
1241 2815 1363 2855 esse
1391 2800 1805 2871 generationem
1843 2799 2063 2854 dicitis?

470 2892 528 2947 Si
558 2893 704 2947 enim
736 2892 1022 2964 generatio
1042 2894 1195 2964 juxta
1222 2908 1321 2947 vos
1344 2903 1430 2948 est
1455 2892 1600 2948 actio
1624 2892 1744 2963 ejus
1775 2892 1867 2963 qui
1899 2892 2068 2948 debet

471 2983 615 3050 ﬁeri,
650 2984 766 3039 sive
810 2983 927 3039 hzec
972 2984 1256 3054 generatio
1304 2983 1397 3039 ﬁat
1446 3000 1546 3054 per
1578 2984 1919 3038 voluntatem
1950 2984 2068 3038 sive

469 3089 803 3144 quocunque
832 3073 1019 3136 modo,
1052 3073 1221 3129 habet
1253 3080 1437 3129 autem
1476 3074 1695 3144 genitus
1738 3089 1901 3128 suum
1944 3088 2068 3129 esse

470 3166 541 3221 ab
584 3181 651 3221 eo
686 3168 845 3237 cujus
889 3175 975 3221 est
1022 3167 1279 3221 voluntas
1326 3166 1723 3238 generationis,
1769 3166 1957 3238 igitur,
2010 3174 2068 3222 et

469 3257 593 3313 vult
617 3265 673 3312 et
702 3266 825 3330 aget
850 3273 1011 3312 suum
1042 3273 1164 3313 esse
1191 3258 1514 3328 priusquam
1542 3259 1772 3313 exsistat
1802 3275 1817 3313 :
1848 3267 1905 3313 et
1931 3258 2063 3313 dum

471 3350 716 3405 nondum
752 3351 991 3417 exsistit,
1023 3350 1332 3422 possidebit
1361 3366 1525 3405 suum
1564 3366 1689 3407 esse
1719 3359 1777 3406 et
1811 3350 1971 3406 velle.
2008 3351 2066 3407 Si

473 3450 659 3497 autem
697 3452 752 3499 et
794 3444 962 3514 hujus
991 3445 1407 3515 generationem
1436 3445 1748 3514 passionem
1773 3459 1896 3499 esse
1927 3443 2069 3499 dici-

476 3533 569 3598 tis,
598 3534 799 3589 iterum
849 3534 1057 3613 pariter
1100 3536 1422 3607 priusquam
1462 3537 1694 3591 exsistat
1721 3536 1937 3607 patiens
1966 3536 2068 3591 de-

475 3626 872 3695 prehendetur.
918 3628 1116 3684 Nescio
1152 3638 1339 3684 autem
1383 3629 1440 3684 in
1483 3644 1595 3700 quo
1640 3628 1876 3700 patiens,
1926 3629 2069 3684 sicut

476 3731 582 3771 nec
626 3717 681 3772 in
716 3733 827 3787 quo
875 3734 1063 3789 agens,
1110 3735 1271 3775 suum
1312 3736 1433 3777 esse
1469 3720 1774 3791 praetendat
1817 3720 1914 3791 qui
1956 3735 2068 3774 non

477 3808 582 3875 est,
618 3810 1018 3880 qualiscunque
1060 3811 1149 3867 sit.
1187 3812 1245 3867 Si
1291 3820 1475 3867 autem
1528 3812 1715 3868 dicitis
1762 3812 2067 3868 secundum

478 3899 645 3956 hasce
676 3901 815 3957 duas
844 3902 1007 3957 simul
1040 3904 1433 3976 dispositiones
1460 3905 1875 3977 generationem
1897 3892 2068 3976 geniti

2160 1975 2256 2028 τοῦ
2286 1975 2380 2030 νῦν
2408 1976 2538 2046 ὑμῖν
2566 1976 2695 2047 περὶ
2717 1977 3047 2046 γεννήσεως,
3074 1976 3167 2028 καὶ
3192 1975 3552 2045 γεννωμένων
3574 1972 3768 2039 δοξάν-

2160 2085 2299 2132 των,
2354 2067 2450 2121 καὶ
2499 2066 2611 2122 τῶν
2651 2067 2858 2139 ἀρτίως
2896 2067 3208 2140 εἰρημένων
3231 2083 3244 2097 ο
3285 2067 3385 2138 τὴν
3410 2068 3521 2138 γὰρ
3553 2067 3767 2138 κυρίως

2162 2160 2421 2231 γέννησιν
2454 2160 2554 2232 τὴν
2585 2160 2645 2225 ἐξ
2672 2161 2775 2214 οὑκ
2799 2160 3005 2223 ὄντων,
3044 2160 3077 2230 ἢ
3109 2159 3295 2223 ἁπλῶς
3326 2159 3389 2212 τὸ
3419 2154 3558 2212 εἶναι
3585 2157 3767 2212 διδοῦ-

2165 2266 2266 2304 σαν
2297 2250 2376 2320 τῷ
2399 2250 2729 2322 γεννωμένῳ
2748 2250 3082 2319 διεγνώκατε
3109 2250 3216 2324 πρὸ
3236 2249 3449 2303 τούτου·
3472 2250 3632 2305 τοῦτο
3652 2249 3767 2320 γὰρ

2163 2340 2261 2393 καὶ
2313 2342 2373 2395 ἐν
2405 2344 2517 2406 τοῖς
2549 2342 2679 2411 ἑξῆς
2712 2342 2826 2396 άνω
2854 2358 2915 2395 τε
2950 2341 3042 2395 καὶ
3072 2343 3224 2396 κάτω
3254 2340 3615 2396 memm-
3666 2341 3768 2395 νῦν

2162 2430 2222 2484 δέ
2271 2432 2390 2494 πῶς
2437 2432 2471 2503 ἢ
2518 2433 2693 2496 πάθος
2726 2431 2759 2502 ἢ
2791 2432 3101 2504 ἐνέργειαν,
3141 2432 3175 2503 ἢ
3209 2430 3379 2503 ἄμφω
3413 2432 3482 2486 τὰ
3509 2433 3624 2498 δύο,
3668 2432 3769 2486 ἐπὶ

2164 2522 2261 2576 τοῦ
2290 2523 2636 2594 γεννωμένου
2660 2523 2939 2595 ὁρώμενα,
2963 2524 3155 2592 λέγετε
3184 2519 3325 2577 εἶναι
3353 2525 3453 2595 τὴν
3476 2525 3766 2594 γέννησιν;

2166 2615 2229 2668 Et
2285 2614 2387 2685 μὲν
2417 2616 2529 2686 γὰρ
2562 2616 2819 2688 ἐνέργειά
2849 2616 2968 2669 ἐστι
3003 2615 3135 2669 καθ’
3169 2614 3315 2684 ὑμᾶς
3346 2614 3441 2668 τοῦ
3475 2614 3767 2684 μέλλοντος

2166 2707 2423 2779 γενέσθαι
2448 2746 2463 2773 ,
2518 2709 2631 2762 εἴτε
2660 2708 2749 2762 διὰ
2776 2707 2871 2761 τοῦ
2902 2707 3079 2762 θέλειν
3098 2745 3115 2772 ,
3158 2708 3268 2762 εἴτε
3296 2706 3548 2761 ὁπωσοῦν
3577 2708 3611 2777 ή
3638 2707 3772 2776 γέν⁹

2168 2816 2324 2871 νησις
2352 2798 2518 2853 αὑτοῦ
2538 2841 2553 2865 ,
2588 2800 2703 2871 ἔχει
2735 2800 2792 2853 δέ
2821 2798 2883 2853 τὸ
2909 2799 3050 2854 εἶναι
3081 2801 3109 2853 ὁ
3137 2800 3481 2871 γεννώμενος
3526 2794 3587 2854 οῦ
3616 2800 3772 2853 ἐστιν

2168 2894 2204 2965 ή
2232 2892 2450 2964 θέλησις
2480 2894 2543 2947 ἐκ
2569 2894 2671 2963 τῆς
2694 2895 3004 2966 γεννήσεως
3023 2935 3038 2961 ,
3078 2894 3189 2964 ἀρα
3220 2893 3327 2965 πρὸ
3354 2892 3450 2946 τοῦ
3476 2887 3636 2955 εἶναι,
3673 2888 3773 2946 καὶ

2172 2987 2318 3041 θέλει
2352 2987 2450 3041 καὶ
2478 2987 2771 3059 ἐνεργήσει
2799 2986 2861 3041 τὸ
2886 2982 3027 3040 εἶναι
3054 2985 3276 3040 ἐαυτοῦο
3309 2985 3403 3038 καὶ
3426 2984 3582 3038 ἔσται
3608 2985 3667 3037 ἐν
3690 2984 3772 3055 τῷ

2175 3080 2252 3154 μὴ
2277 3078 2419 3135 εἶναι
2450 3081 2644 3135 ἐαυτὸν
2674 3097 2845 3149 κεκτη
2856 3080 3018 3151 μένος
3047 3080 3109 3133 τό
3131 3095 3193 3131 τε
3220 3074 3362 3132 εἶναι
3391 3078 3486 3130 καὶ
3506 3075 3568 3129 τὸ
3590 3074 3775 3129 θέλειν

2094 3198 2139 3259 c
2175 3172 2396 3230 ἐαυτοῦ.
2431 3173 2495 3226 Ei
2520 3172 2577 3226 δέ
2606 3172 2703 3226 καὶ
2730 3171 2903 3234 πάθος
2931 3172 3121 3241 λέγετε
3148 3170 3341 3259 τούτου
3369 3166 3510 3224 εἶναι
3530 3170 3632 3239 τὴν
3653 3169 3779 3237 γέν-

2176 3282 2357 3337 νησιν,
2398 3264 2563 3318 πάλιν
2597 3262 2864 3327 ὡσαύτως
2916 3264 3023 3334 πρὸ
3064 3262 3159 3316 τοῦ
3193 3257 3334 3315 εἶναι
3368 3259 3648 3323 πεπονθὼς
3676 3261 3775 3314 εὑ-

2181 3358 2476 3431 ρεθήσεται
2502 3374 2516 3389 ⁸
2556 3358 2658 3411 οὑκ
2696 3354 2816 3411 οῖδα
2845 3357 2903 3411 δὲ
2938 3360 2996 3411 ἐν
3025 3355 3132 3410 τίνι
3164 3354 3356 3410 παθὼν
3375 3394 3390 3421 ,
3432 3354 3621 3425 ὥσπερ
3650 3355 3779 3408 οὑδέ

2176 3452 2237 3504 ἐν
2283 3451 2392 3505 τίνι
2440 3451 2788 3522 ἐνεργήσας,
2846 3453 2908 3502 τδ
2956 3444 3098 3502 εἶναι
3150 3448 3348 3501 ἐαυτοῦ
3405 3446 3780 3518 προὸἀλλεται

2178 3545 2207 3597 ὁ
2244 3543 2321 3616 μὴ
2348 3542 2425 3598 ὢν
2456 3543 2603 3604 ὅστις
2632 3541 2698 3597 ἂν
2871 3542 2935 3595 Et
2966 3542 3025 3595 δέ
3054 3542 3173 3595 κατ’
3199 3540 3368 3612 ἄμφω
3394 3539 3581 3608 λέγετε
3610 3538 3780 3593 τάσδε

2178 3637 2280 3700 τὰς
2303 3636 2578 3699 διαθέσεις
2608 3634 2701 3689 τοῦ
2732 3635 3082 3705 γεννωμένου
3106 3635 3207 3704 τὴν
3226 3633 3480 3703 γέννησιν
3500 3632 3776 3702 προϊέναι,

2178 3728 2346 3783 διπλᾶ
2382 3728 2513 3799 ὑμῖν
2544 3727 2738 3799 ἕψεται
2792 3727 2971 3781 πάντα
3012 3727 3085 3780 τὰ
3116 3724 3294 3780 ἄτοπα
3332 3725 3432 3795 τῆς
3461 3723 3776 3786 ὑποθέσεως

2177 3816 2318 3890 πρὸς
2371 3818 2451 3887 τῷ
2496 3819 2591 3870 καὶ
2638 3816 3007 3887 συνυπάρχειν
3041 3814 3157 3887 ἅμα
3188 3832 3250 3868 τε
3293 3815 3389 3869 καὶ
3430 3816 3489 3867 ἐν
3517 3813 3595 3885 τῷ
3626 3812 3782 3885 αὑτῷ

2178 3908 2249 3961 τά
2277 3906 2499 3961 ἐναντία
2531 3906 2759 3962 διδόναι.

479 3994 730 4067 prodire,
764 3996 850 4052 bis
874 4013 975 4052 vos
1006 4007 1316 4069 sequentur
1375 3998 1562 4055 omnia
1626 3997 1870 4054 absurda
1934 3998 2367 4070 suppositionis;
2413 4010 2780 4072 praeterquam
2827 3997 2979 4070 quod
3025 3997 3190 4056 simul
3239 3997 3575 4055 coexsistent
3616 4005 3675 4052 et
3720 3996 3780 4053 in

480 4087 677 4143 eodem
708 4090 963 4161 Opposita
994 4089 1227 4145 dabunt.

551 4208 621 4263 At
639 4208 799 4264 failor
814 4228 826 4265 :
843 4225 970 4264 nam
990 4211 1047 4265 in
1074 4227 1184 4267 non
1202 4211 1503 4269 exsistente
1531 4213 1650 4269 iure
1668 4212 2002 4284 supponitis,
2021 4222 2081 4269 et

481 4316 593 4355 non
626 4302 985 4357 cocxsistunt.
1002 4304 1120 4358 Non
1151 4304 1300 4359 enim
1332 4307 1609 4360 exsistunt
1634 4322 1700 4362 ea
1727 4322 1850 4377 quae
1874 4323 2081 4378 suppo-

481 4401 692 4448 nuntur
707 4395 762 4450 in
775 4411 884 4450 non
900 4395 1221 4452 exsistcnte.
1236 4397 1357 4452 Non
1373 4398 1493 4452 scio
1512 4398 1680 4469 igitur
1691 4400 1970 4470 quomodo
1983 4415 2082 4454 ex-

2258 4208 2406 4278 Πλὴν
2464 4207 2870 4280 ἐπιλέλησμαι·
2934 4205 2995 4261 ἐν
3034 4205 3112 4277 τῷ
3143 4206 3253 4278 γὰρ
3304 4206 3380 4278 μὴ
3431 4206 3544 4260 δντι
3604 4165 3786 4263 ταῦτα

2182 4300 2364 4355 οἴεσθε
2387 4316 2401 4330 ’
2431 4301 2525 4353 καὶ
2557 4300 2619 4354 οὑ
2656 4298 3020 4370 συνυπάρχειο
3052 4298 3174 4352 οὑδὲ
3201 4298 3314 4369 γάρ
3338 4299 3574 4370 ὑπάρχει
3599 4298 3671 4352 τὰ
3720 4301 3785 4354 ἐν

2185 4394 2263 4466 τῷ
2299 4394 2375 4464 μὴ
2413 4393 2716 4465 ὑπάρχοντι
2745 4410 2760 4425 ο
2792 4393 2893 4445 οὑκ
2918 4386 3039 4445 οἴδα
3072 4389 3167 4445 οὑν
3201 4391 3319 4454 πῶς
3342 4392 3473 4445 ὄντα
3496 4390 3585 4461 εἴη
3614 4392 3673 4444 ἐν
3702 4392 3787 4463 τῷ

482 4486 733 4541 sistentia
754 4498 943 4542 essent
964 4489 1018 4542 in
1037 4504 1147 4542 non
1172 4489 1473 4544 exsistente
1494 4506 1557 4545 ea
1581 4506 1702 4561 quae
1718 4492 1884 4546 etiam
1906 4491 1963 4546 in
1983 4506 2068 4546 ex-

2189 4487 2264 4559 μὴ
2295 4487 2431 4551 ὄντι,
2462 4486 2498 4541 ἀ
2523 4488 2617 4541 καὶ
2638 4488 2694 4539 ὲν
2715 4488 2829 4548 τοῖς
2858 4480 2978 4539 οὖσι
3001 4485 3289 4556 γινόμενα,
3315 4484 3378 4537 οὑ
3413 4484 3618 4552 κυρίως
3650 4484 3790 4539 ὄντα

482 4577 810 4633 sistentibus
830 4594 955 4633 cum
990 4588 1140 4644 sunt,
1174 4596 1285 4634 non
1320 4582 1541 4651 proprie
1568 4584 1892 4639 exsistentia
1922 4593 2073 4640 sunt.

483 4668 604 4723 Non
633 4678 717 4724 est
739 4686 963 4739 quoque
984 4671 1051 4725 ad
1082 4671 1135 4725 id
1167 4673 1587 4739 attendendum,
1609 4676 2007 4747 scilicetquod,
2032 4678 2079 4734 si

484 4762 632 4815 actio
662 4771 759 4816 aut
794 4763 977 4832 passio
1001 4764 1171 4835 geniti
1202 4774 1287 4819 est
1311 4766 1615 4835 generatio,
1645 4770 1951 4824 secundum
1979 4770 2083 4826 hos

485 4868 627 4922 quos
656 4852 1030 4923 descripsistis
1053 4855 1274 4911 insanos
1297 4857 1492 4913 modos
1516 4868 1577 4913 ut
1606 4861 1971 4928 necessarios,
1994 4863 2082 4918 vel

486 4944 705 5015 genitus
730 4945 937 5014 aliquid
961 4946 1202 5016 patietur
1224 4948 1280 5001 in
1302 4948 1547 5019 seipsum
1566 4967 1595 5005 a
1614 4951 1815 5023 seipso,
1832 4954 1967 5009 vela
1998 4953 2080 5023 gi-

485 5046 709 5107 gnente,
728 5038 813 5093 vel
834 5038 904 5093 ab
930 5040 1039 5094 alio
1066 5040 1357 5111 quopiam;
1385 5051 1441 5096 et
1465 5043 1789 5111 iterum,vel
1819 5055 1945 5115 aget
1967 5047 2085 5115 ipse

486 5131 544 5185 in
556 5132 822 5201 seipsum,
842 5133 929 5187 vel
948 5132 1003 5187 in
1017 5133 1354 5204 gignentem,
1372 5137 1458 5191 vel
1473 5138 1527 5192 in
1542 5138 1710 5192 altum
1729 5140 2079 5209 quempiam;

483 5234 541 5280 et
555 5225 689 5279 illud
710 5226 805 5281 liet
821 5225 926 5281 hoc
944 5227 1108 5283 modo
1123 5247 1135 5282 :
1150 5229 1236 5283 vel
1256 5229 1372 5300 ipse
1390 5231 1632 5300 seipsum
1652 5231 1710 5286 in
1726 5232 2085 5301 seipsum,vel

486 5315 543 5370 in
565 5316 901 5387 gignentem,
934 5320 1021 5373 vel
1056 5319 1111 5374 in
1142 5321 1332 5387 alium,
1365 5321 1616 5392 gignens;
1641 5322 1729 5376 vel
1760 5339 1789 5376 a
1821 5323 2005 5393 seipso
2028 5324 2084 5378 in

486 5410 752 5480 seipsum,
783 5412 924 5465 vela
958 5421 1135 5481 patre,
1171 5414 1257 5468 vel
1292 5415 1361 5467 ab
1391 5415 1502 5468 alio
1526 5415 1767 5485 genitus.
1802 5414 1956 5469 Talia
1990 5432 2090 5470 au-

489 5511 599 5557 tem
643 5503 863 5570 audire,
890 5512 947 5558 et
978 5505 1184 5559 talibus
1215 5505 1553 5576 respondere
1583 5507 1797 5577 parcite
1838 5507 2022 5573 nobis,
2042 5522 2090 5562 -o

487 5598 736 5652 infandi!
792 5599 1030 5654 fatemur
1062 5616 1173 5655 non
1221 5600 1368 5657 ferre
1402 5601 1522 5656 sine
1567 5602 1672 5659 ira.
1712 5600 2090 5657 Obmutescile

488 5690 659 5759 igitur
692 5700 753 5745 ut
796 5707 898 5746 nos
926 5692 1238 5762 loquamur.
1269 5694 1485 5749 Dicitur
1523 5696 1671 5749 enim
1703 5695 1933 5749 alterius
1962 5696 2079 5749 exi-

490 5781 569 5833 tio
590 5781 788 5836 conﬁci
820 5783 1052 5838 alterius
1087 5786 1499 5855 generationem
1529 5802 1542 5840 :
1570 5797 1625 5841 et
1655 5787 1829 5841 altero
1862 5794 2081 5857 agente,

490 5877 551 5924 et
576 5872 750 5927 altero
786 5875 1048 5944 patiente,
1087 5877 1321 5932 alterum
1362 5879 1587 5949 prodire
1619 5880 1890 5949 genitum,
1940 5881 2083 5934 sicut

2186 4580 2327 4634 είσίν
2347 4596 2363 4611 ο
2400 4580 2483 4633 ἐτι
2513 4580 2589 4650 μὴ
2614 4580 2710 4633 καὶ
2743 4578 2881 4649 τῷδε
2925 4578 3280 4648 προσεκτέον,
3311 4577 3386 4640 ὼς
3412 4579 3459 4630 εί
3500 4577 3785 4649 ἐνέργεια,

2182 4674 2219 4745 ἢ
2249 4673 2421 4736 πάθος
2444 4672 2541 4727 τοῦ
2564 4672 2910 4743 γεννωμένου
2966 4672 3001 4743 ἡ
3045 4670 3302 4741 γέννησίς
3349 4669 3486 4734 ἐστι,
3524 4669 3651 4723 καθ’
3685 4670 3785 4733 οὓς

2182 4765 2515 4837 διεγράψατε
2569 4765 2891 4833 ἀλογίστους
2939 4764 3174 4832 τρόπους
3224 4762 3301 4826 ὡς
3346 4761 3708 4831 ἀναγκαίους,
3743 4762 3783 4832 ἦ

2185 4859 2266 4922 είς
2311 4857 2504 4911 ἑαυτόν
2529 4873 2583 4911 τι
2618 4856 2782 4910 πάθοι
2827 4855 2916 4923 ὑφ’
2958 4854 3154 4909 ἑαυτοῦ
3202 4854 3623 4925 γεννώμενος,ἢ
3675 4854 3786 4906 ὑπὸ

2186 4948 2283 5002 τοῦ
2305 4948 2580 5013 τεκόντος,
2630 4947 2665 5019 ἢ
2714 4947 2822 5001 ὑπό
2874 4965 3021 5011 τινος
3080 4948 3310 5018 ἑτέρον
3373 4946 3471 5000 καὶ
3512 4945 3701 5011 πάλιν,
3745 4946 3782 5017 ἣ

2188 5042 2353 5103 αὐτὸς
2403 5042 2691 5113 ἐνεργήσει
2731 5044 2812 5104 εἰς
2854 5041 3069 5106 ἐαυτὸν,
3122 5041 3155 5110 ἢ
3212 5042 3293 5104 εἰς
3325 5040 3418 5095 τὸν
3452 5042 3706 5105 τεκόντα,
3746 5042 3787 5113 ἢ

2188 5133 2272 5195 εἴς
2300 5150 2424 5188 τινα
2447 5133 2634 5205 ἕτερον
2659 5150 2673 5164 ο
2704 5133 2869 5187 ἔσται
2902 5133 2959 5186 δὲ
2996 5132 3194 5199 οὕτως,
3224 5133 3258 5204 ἢ
3294 5133 3457 5195 αὑτὸς
3481 5133 3676 5187 ἐαυτὸν
3705 5136 3791 5198 εἰς

2190 5224 2439 5295 ἐαυτδνῆ
2485 5225 2565 5288 είς
2602 5224 2695 5278 τὸν
2715 5225 2970 5290 τεκόντα,
3008 5224 3041 5297 ἢ
3071 5227 3152 5287 είς
3189 5224 3375 5295 ἕτερον
3404 5225 3699 5297 γεννήσας,
3749 5227 3789 5297 ἢ

2192 5317 2281 5386 ὑφ’
2316 5318 2514 5372 ἐαυτοῦ
2546 5319 2625 5382 είς
2662 5318 2878 5384 ἑαυτὸν,
2915 5319 2949 5389 ἢ
3003 5319 3094 5388 ὑφ’
3126 5319 3325 5372 ἐαυτοῦ
3376 5320 3456 5383 εἰς
3498 5320 3715 5386 ἐαυτὸν,
3751 5321 3788 5392 ἢ

2191 5409 2297 5463 ὑπὸ
2324 5409 2421 5462 τοῦ
2469 5411 2706 5482 Πατρὸς,
2751 5410 2785 5480 ἢ
2816 5411 2906 5479 ὑφ’
2936 5411 3127 5481 ἐτέρου
3162 5411 3471 5481 γεννηθείς.
3505 5412 3699 5465 Ταῦτα
3730 5413 3791 5465 δὲ

2192 5499 2414 5554 ἀκούειν
2461 5500 2494 5571 ἢ
2552 5500 2818 5565 τοιούτοις
2861 5500 3261 5572 ἀποκρίνεσθαι
3295 5502 3558 5571 φείσασθε
3600 5503 3791 5574 ἡμῶν,

2193 5587 2237 5647 ὧ
2265 5592 2559 5647 δεινότατοι
2592 5594 2605 5646 l
2655 5592 3030 5664 ὁμολογοῦμεν
3053 5594 3113 5646 οὑ
3148 5592 3335 5662 φέρειν
3378 5595 3607 5665 ἁνεμεσί
3631 5610 3646 5624 ⁸
3678 5612 3795 5648 κω-

2195 5686 2435 5755 φεύσατε
2464 5685 2531 5755 δὴ
2561 5682 2781 5739 οῦν⁹ἱ⁸να
2812 5686 2976 5756 ἡμεῖς
3027 5685 3375 5757 λαλήσωμεν.
3421 5688 3657 5755 Λέγεται
3688 5688 3794 5758 μὲν

2195 5786 2308 5856 γὰρ
2345 5784 2378 5856 ἢ
2413 5784 2575 5839 ἄλλου
2604 5780 3159 5856 φθορᾷ⁹συναίρεσθαι
3193 5786 3273 5848 εἰς
3308 5784 3471 5838 ἄλλου
3500 5784 3791 5853 γέννησιν,

2196 5880 2293 5932 καὶ
2351 5878 2545 5948 ἑτέρου
2600 5876 2996 5950 ἐνεργοῦντος·
3046 5877 3141 5932 καὶ
3204 5878 3394 5949 ἐτέρου
3456 5878 3791 5951 πάσχοντος,
