4116 6434
368 365 505 431 1669

1324 355 1724 419 ADVERSUS
1764 349 2398 415 NESTORIANOS.—
2418 353 2566 415 LIB.
2610 354 2709 416 IV.

3505 352 3650 422 1670

361 483 551 553 ἓτερον
580 474 833 549 προϊέναι
872 472 1233 545 γεννώμενον,
1265 472 1343 534 ώς
1376 472 1471 524 ἐπὶ
1504 469 1774 541 σωμάτων
1805 466 1948 538 ὁρῶ-

2065 465 2390 522 videmuslde
2415 467 2766 537 corporibus,
2787 466 3039 523 videmus
3066 466 3371 524 secundum
3397 468 3647 525 diversos

366 590 468 645 μεν
497 569 641 625 κατὰ
681 568 809 630 τοὺς
839 564 1135 638 διαφόρους
1158 563 1399 636 τρόπους
1418 562 1527 616 τῶν
1552 560 1912 631 γεννωμένων
1934 574 1949 588 '

362 665 617 725 τέκτονος
658 658 761 730 μὲν
790 657 899 729 γάρ
927 658 993 728 τῇ
1052 672 1113 709 τε
1165 657 1371 726 φυσικῇ
1429 654 1523 707 καὶ⁹
1553 652 1953 723 ἐπιστημονικῇ

365 752 642 823 ἐνεργείᾳ,
675 749 925 805 πάθειδέ
949 746 1045 802 τοῦ
1076 747 1258 813 ξύλου,
1301 747 1400 817 τῆς
1452 745 1640 816 κλίνης
1686 743 1955 815 προέρχεο

365 863 456 898 ται
475 844 538 897 τὸ
566 838 707 906 εἶδος
733 857 748 873 ο
786 842 882 895 καὶ
917 840 1083 894 πάλιν
1111 839 1284 910 πυρὸς
1316 842 1381 910 τῇ
1415 839 1579 909 φύσει
1604 835 1957 909 ἐνεργοῦντος

367 935 462 989 καὶ
517 932 859 1003 φθείροντος,
910 931 1215 1001 πάσχοντος
1238 929 1296 983 δὲ
1327 930 1421 982 καὶ¹
1466 927 1826 1000 φθειρομένου
1858 925 1955 981 τοῦ

372 1026 620 1089 στέατος,
650 1023 871 1092 λιγνύος
902 1018 1045 1085 εἶδος
1075 1022 1133 1075 ἐν
1153 1021 1277 1093 ἀέρι
1307 1022 1565 1090 γεννᾶται
1588 1036 1602 1051 ο
1640 1020 1695 1074 οἴ
1736 1037 1795 1073 τε
1847 1021 1957 1091 γὰρ

370 1116 534 1186 φύσιν
558 1116 653 1171 καὶ
685 1115 822 1187 ὓλην
848 1115 875 1169 ὅ
898 1114 950 1168 τί
979 1112 1110 1167 ποτέ
1138 1113 1245 1167 εἱσι
1281 1112 1556 1185 διαφόρως
1588 1112 1836 1175 νοοῦντες
1863 1113 1957 1166 καὶ

371 1208 772 1279 ὑποτιθέμενοι,
790 1208 942 1279 ὅμως
964 1207 1065 1279 τῆς
1087 1203 1594 1279 [μὲν]ὲνεργούσης,
1615 1207 1715 1275 τῆς
1731 1204 1789 1258 δέ
1813 1221 1958 1257 πασ-

369 1300 572 1372 χούσης
586 1299 880 1370 γεννᾶσθαι
901 1299 966 1351 τὰ
983 1301 1045 1352 ἐκ
1061 1298 1268 1352 τούτων
1285 1297 1398 1367 εἴδη
1430 1294 1754 1367 ὁμολογοῦσι
1774 1312 1790 1326 ο
1819 1296 1960 1349 κατὰ

374 1396 566 1466 μέντοι
619 1395 688 1449 τά
719 1394 960 1465 ὑμέτερα
982 1393 1354 1462 θεσπίσματα,
1377 1391 1438 1444 τὸ
1475 1391 1551 1463 μὴ
1579 1391 1639 1445 ὃν
1668 1391 1835 1461 γεννᾷ
1862 1406 1914 1442 τι
1940 1406 1956 1423 ο

370 1487 469 1541 καὶ
503 1486 742 1557 μάλιστα
762 1486 823 1540 τὸ
844 1484 1038 1537 ἑαυτοῦ
1066 1481 1206 1538 εἶναι
1240 1483 1401 1537 πάθει
1433 1483 1466 1555 ἢ
1502 1473 1757 1553 ἐνεργείᾳ
1785 1480 1960 1542 οὐδεὶς

373 1578 543 1647 ἔφησε
567 1577 789 1629 πώποτε
815 1591 830 1606 ⁸
888 1575 1007 1630 ἀλλ’
1043 1574 1165 1628 οὐδὲ
1188 1575 1325 1638 ὅλως
1373 1574 1549 1637 πάθος
1594 1573 1628 1643 ἢ
1674 1573 1959 1643 ἐνέργειαν

378 1670 473 1724 ἐπὶ⁵
512 1668 606 1722 τοῦ
642 1669 872 1741 μηδέπω
895 1668 1049 1732 ὄντος
1081 1669 1347 1740 ἐγνώρισε
1370 1684 1383 1699 ·
1420 1666 1539 1730 πῶς
1561 1663 1654 1721 οῦν
1680 1665 1962 1728 τοιαύταις

374 1764 523 1834 ἡμᾶς
544 1762 619 1827 ώς
638 1764 895 1832 φυσικαῖς
925 1761 1224 1831 διαιρέσεσι
1252 1760 1666 1830 συλλογίζεσθες

2055 559 2251 613 modos
2287 559 2582 628 generatis.
2616 560 2751 614 Nam
2789 559 3006 630 opificis
3045 560 3270 630 quidem
3316 561 3541 632 physica
3590 571 3649 615 et

2056 647 2235 717 perita
2279 647 2532 713 actione,
2585 648 2842 718 passione
2885 664 3019 704 vero
3065 650 3233 719 ligni,
3288 651 3413 704 lecti
3462 651 3648 720 prodit

2056 738 2256 794 forma.
2298 739 2621 810 Pariterque
2663 740 2789 811 igne
2836 756 2935 797 sua
2980 751 3177 797 natura
3224 752 3419 812 agente
3450 750 3506 797 et
3547 743 3649 796 de-

2058 839 2344 893 struente,
2396 831 2640 900 patiente
2692 846 2822 885 vero
2866 840 2923 886 et
2973 840 3239 901 pereunte
3288 831 3455 895 sebo,
3510 831 3649 885 fumi

2057 923 2231 979 forma
2264 924 2319 977 in
2354 939 2483 978 aere
2512 923 2772 994 gignitur.
2804 923 2905 993 Qui
2938 925 3086 979 enim
3121 924 3189 979 de
3223 933 3418 979 natura
3446 934 3503 979 et
3535 941 3655 978 ma-

2058 1018 2221 1082 teria,
2250 1018 2624 1089 quodcunque
2668 1018 2799 1083 sint,
2849 1018 3071 1073 diverso
3116 1018 3284 1073 modo
3323 1026 3561 1073 tractant
3594 1028 3652 1071 et.

2060 1110 2362 1175 disserunt,
2412 1111 2585 1164 altera
2620 1110 2846 1180 quidem
2892 1118 3107 1180 agente,
3157 1111 3330 1165 altera
3380 1126 3511 1164 vero
3553 1126 3651 1179 pa-

2061 1203 2256 1268 tiente,
2286 1204 2539 1274 generari
2572 1218 2874 1274 onmesque
2903 1204 2970 1258 de
3022 1203 3107 1257 his
3137 1212 3267 1258 sunt
3292 1204 3495 1257 formas
3521 1218 3654 1257 con-

2058 1296 2332 1351 sentiunt.
2373 1294 2502 1361 Sed,
2534 1295 2841 1350 secundum
2878 1303 3063 1349 vestra
3094 1294 3337 1358 oracula,
3363 1294 3510 1363 quod
3540 1310 3653 1347 non

2058 1388 2297 1453 exsistit,
2312 1388 2483 1460 gignit
2502 1388 2733 1458 aliquid,
2756 1390 3169 1458 prarsertimque
3184 1403 3345 1443 suum
3368 1403 3510 1451 esse,
3528 1404 3655 1458 pas-

2061 1482 2217 1537 sione
2261 1492 2359 1538 aut
2397 1484 2656 1540 actione:
2684 1483 2832 1554 quod
2874 1499 3038 1538 neruo
3066 1498 3310 1553 unquam
3350 1483 3518 1548 dixit;
3554 1482 3654 1537 sed

2061 1588 2165 1627 nec
2196 1574 2423 1629 omnino
2470 1575 2746 1630 actionem
2792 1576 2910 1630 sive
2960 1575 3270 1645 passionem
3307 1574 3360 1629 in
3403 1574 3654 1628 nondum

2062 1666 2363 1721 exsistente
2393 1666 2634 1738 agnovit.
2664 1668 2950 1734 Quomodo
2966 1683 3099 1739 ergo
3124 1667 3343 1727 talibus,
3377 1677 3438 1721 ut
3464 1667 3653 1739 physi-

2064 1757 2166 1821 cis,
2198 1757 2651 1813 distinctionibus
2681 1759 2738 1813 in
2764 1774 2867 1813 nos
2890 1758 3389 1829 argumentamiui?

460 1810 623 1908 vim;
643 1810 897 1908 ἴτοιαῦτά
940 1810 1103 1925 ήμειίς
1141 1854 1302 1923 μέχρι
1342 1810 1437 1905 τοῦ
1468 1810 1564 1906 νῦν
1609 1810 1745 1906 Θέοῦ
1775 1851 1961 1923 χάριτι

2137 1850 2243 1906 Sed
2276 1850 2405 1905 talia
2436 1866 2537 1905 nos
2569 1866 2743 1921 usque
2774 1810 3075 1905 adhucDDei
3107 1849 3280 1921 gratia
3305 1865 3486 1919 neque
3511 1848 3655 1903 scire

380 1946 455 2017 μὴ
511 1945 713 1999 εἰδέναι
776 1947 914 2016 μήτε
969 1943 1286 2014 διδαχθῆναι
1325 1941 1739 2013 ὁμολογοῦντες,
1803 1941 1959 2012 ὀρθο-

378 2038 547 2102 δόξως
601 2036 947 2109 κηρύττομεν
1000 2035 1100 2107 τὴν
1152 2034 1438 2088 εὐσέϐειαν
1504 2033 1608 2087 ὑπὸ
1648 2034 1756 2087 τῶν
1789 2033 1962 2102 ἁγίων

377 2128 721 2199 διδαχθέντες
756 2127 1042 2197 Πατέρων,
1090 2126 1183 2180 τὸν
1222 2128 1287 2180 ἐκ
1337 2126 1501 2197 μόνου
1558 2125 1774 2197 Πατρδς
1802 2124 1962 2195 μόνον

376 2222 533 2287 Υἱδν,
565 2223 634 2292 τῇ
674 2221 774 2292 μὲν
806 2222 906 2291 μιᾷ
951 2218 1314 2291 μεμονωμένῃ
1350 2217 1516 2272 αὐτοῦ
1562 2218 1669 2289 ἰδίᾳ
1705 2218 1960 2287 γεννήσει

380 2312 618 2384 προόντα
646 2312 755 2364 τῶν
784 2308 996 2364 αἰώνων
1025 2310 1159 2364 Θεὸν
1180 2310 1375 2379 Λόγον*
1395 2311 1453 2363 ἐν
1485 2311 1733 2383 ὑστέροις
1750 2309 1809 2363 δὲ
1833 2326 1957 2363 και-

383 2407 495 2474 ροῖς
532 2404 639 2476 ἰδίᾳ
664 2402 883 2473 εὐδοκία
914 2401 1281 2474 φιλανθρώπῳ
1310 2401 1409 2473 τὴν
1442 2401 1707 2474 δευτέραν
1759 2399 1959 2455 ἑαυτοῦ

383 2497 547 2551 πάλιν
564 2496 889 2566 ίδικωτάτην
908 2493 1202 2565 ἐνεργῆσαι
1224 2492 1479 2564 γέννησιν
1505 2495 1563 2548 ἐν
1589 2496 1656 2564 τῇ
1675 2491 1963 2564 συμπλοκῇ

370 2588 472 2645 τοῦ
503 2588 628 2643 καθ’
681 2590 830 2660 ἡμᾶς
880 2586 1172 2658 ἀνθρώπου
1215 2585 1612 2658 ὁμολογοῦμεν,
1646 2574 1758 2640 ’καὶ
1817 2602 1957 2658 προ-

378 2683 595 2737 ελεύσει
650 2683 886 2752 σαρκικῇ
933 2681 999 2734 ἐκ
1024 2681 1124 2752 τῆς
1168 2679 1331 2748 ἁγίας
1367 2678 1646 2750 Παρθένου
1680 2677 1963 2750 τεχθῆναι,

376 2775 655 2846 ὁμοιότητι
681 2774 1025 2843 γεννήσεωςο
1057 2772 1191 2843 μηδέ
1237 2770 1384 2826 κατὰ
1440 2770 1539 2842 τὴν
1596 2770 1822 2843 πρώτην
1863 2769 1962 2823 αὑ-

375 2867 494 2932 τοῦ,
530 2865 667 2937 μηδὲ
716 2865 860 2918 κατὰ
896 2864 1159 2935 δευτέραν
1186 2863 1447 2934 γέννησίν
1471 2881 1581 2917 τινι
1612 2863 1725 2916 τῶν
1749 2863 1968 2917 πάντων

379 2957 744 3013 κοινωνοῦντα
772 2973 787 2987 °
821 2955 947 3011 οὔτε
981 2956 1091 3027 γάρ
1111 2974 1163 3010 τι
1193 2956 1383 3026 ἕτερον
1406 2957 1549 3010 κατὰ
1590 2955 1651 3009 τὸ
1674 2955 1843 3009 ἀΐδιον
1872 2954 1969 3008 καὶ

381 3051 811 3123 ἀπαράλλακτον
833 3050 930 3103 καὶ
964 3048 1259 3120 εὐάρεστον
1282 3050 1378 3102 καὶ
1404 3047 1675 3118 ἄτρεπτον
1708 3047 1806 3101 καὶ
1827 3047 1967 3117 ἀμέ-

2062 1960 2244 2014 neque
2290 1943 2550 1998 didicisse
2581 1943 2931 2009 confitentes,
2972 1943 3278 1997 orthodoxe
3306 1940 3656 2011 profitemur,

2062 2037 2326 2106 pietatem
2377 2036 2561 2091 edocti
2601 2053 2630 2091 a
2683 2037 2888 2092 sanctis
2937 2034 3213 2098 Patrihus,
3264 2035 3429 2089 unius
3475 2034 3657 2088 Patris

2064 2132 2291 2185 unicum
2324 2129 2523 2185 Filium
2557 2145 2665 2184 una
2709 2130 2932 2200 quidem
2970 2129 3131 2184 unica
3166 2144 3263 2184 sua
3304 2127 3528 2198 propria
3557 2141 3658 2197 ge-

2063 2221 2351 2276 neratione
2392 2220 2797 2291 praecedentem
2837 2221 3056 2288 saecula,
3088 2221 3259 2274 Deum
3292 2220 3567 2287 Verbum;
3597 2219 3657 2273 in

2063 2313 2465 2384 posterioribus
2486 2329 2619 2369 vero
2650 2314 3016 2384 temporibus,
3048 2329 3147 2367 sua
3177 2313 3234 2367 in
3268 2312 3522 2366 homines
3553 2312 3656 2365 be-

2064 2405 2354 2476 nignitate,
2386 2406 2691 2461 secundum
2725 2422 2881 2461 suam
2917 2406 3118 2461 iterum
3147 2405 3427 2475 propriam
3458 2419 3657 2474 Opera-

2065 2502 2181 2549 tum
2208 2511 2331 2551 esse
2354 2497 2790 2566 generationem,
2818 2496 2874 2550 in
2906 2498 3196 2566 complexu
3231 2502 3434 2550 nostra:
3463 2494 3662 2548 huma-

2066 2588 2260 2643 nitatis
2309 2588 2662 2654 conﬁtemur,
2711 2598 2768 2643 et
2816 2604 3041 2659 egressu
3096 2588 3303 2643 carnali
3355 2603 3422 2642 ex
3471 2595 3660 2641 sancta

2066 2680 2290 2751 Virgine
2341 2680 2589 2751 genitum
2644 2696 2787 2743 esse,
2846 2681 3210 2737 similitudine
3266 2678 3658 2751 generationis,

2068 2774 2186 2839 sed,
2213 2790 2397 2844 neque
2424 2775 2729 2830 secundum
2761 2774 2995 2844 primam
3024 2790 3203 2844 neque
3229 2773 3533 2829 secundum
3570 2786 3666 2825 sc-

2069 2867 2305 2921 cundam
2365 2882 2521 2921 suam
2584 2868 3033 2937 generationem,
3093 2867 3388 2921 habentem
3451 2864 3660 2934 aliquid

2069 2976 2362 3015 commune
2392 2978 2518 3015 cum
2547 2963 2764 3017 caeteris
2796 2963 3077 3017 omnibus.
3120 2962 3270 3018 Nihil
3312 2962 3457 3017 enim
3508 2962 3661 3017 aliud

2069 3052 2201 3122 quid
2240 3053 2543 3108 secundum
2573 3061 2864 3121 aeternum,
2892 3064 2948 3110 et
2984 3056 3348 3121 immutabile,
3380 3066 3437 3110 et
3476 3055 3660 3126 perfe-

368 3158 566 3213 -ριστον
595 3142 692 3195 καὶ
719 3138 1010 3203 ἀνελλιπὲς
1046 3138 1139 3193 καὶ
1170 3137 1565 3208 άνεκφοίτητον
1611 3137 1711 3207 τῆς
1743 3133 1962 3206 πρώτης

2071 3154 2243 3211 ctum,
2262 3154 2319 3200 et
2342 3144 2771 3202 inconversibile
2788 3164 2802 3213 ;
2822 3156 2877 3202 et
2894 3147 3214 3209 indivisum,
3231 3156 3287 3203 et
3302 3148 3661 3218 completum,

380 3230 547 3285 αὐτοῦ
580 3231 752 3303 ἤγουν
799 3230 1107 3301 γεννήσεως
1154 3230 1501 3301 γεγέννηται,
1530 3228 1653 3283 οὗτε
1701 3229 1845 3283 κατὰ
1867 3227 1968 3300 τὴν

377 3323 644 3395 δευτέραν
672 3321 859 3394 ἕτερόν
885 3338 939 3375 τι
965 3319 1139 3384 οὕτως
1164 3320 1422 3391 ἀσπόρως
1454 3320 1551 3375 καὶ
1581 3319 1839 3391 ἀφθόρως
1869 3319 1969 3373 καὶ

381 3417 677 3489 ὑπερφυῶς
704 3415 1050 3486 γεγέννηται,
1070 3414 1164 3468 καὶ
1192 3412 1508 3484 Πνεύματος
1548 3412 1708 3482 ἁγίου
1776 3412 1969 3482 συλλη-

380 3506 535 3575 φθέν,
560 3505 657 3560 καὶ
673 3503 920 3576 άχρόνως
942 3502 1250 3567 τελειωθὲν,
1267 3504 1363 3556 καὶ¹
1397 3502 1704 3576 μορφωθὲν,
1765 3504 1859 3557 καὶ¹
1888 3503 1969 3556 δι-

379 3595 715 3666 οργανωθέν,
742 3594 836 3647 καὶ
866 3595 946 3658 εἰς
980 3593 1167 3648 πάντα
1199 3595 1291 3649 τὸν
1312 3594 1505 3648 ἑαυτοῦ
1531 3592 1763 3667 οὐσιώδη
1796 3595 1970 3665 Λόγον

382 3685 722 3756 ἁπαρτισθὲν
772 3686 832 3738 ἐν
884 3688 950 3756 τῇ
983 3687 1125 3759 ἁγνῇ
1158 3687 1343 3759 μήτρᾳ
1393 3687 1493 3759 τῆς
1539 3688 1831 3758 ἀμιάντου,
1888 3690 1970 3753 είς

380 3774 508 3829 ναὸν
537 3775 632 3829 καὶ
662 3774 745 3835 είς
790 3776 1057 3847 σκήνωμα
1106 3775 1202 3829 τοῦ
1254 3776 1433 3845 Λόγου
1466 3777 1567 3847 τῆς
1618 3777 1968 3849 ἀνθρωπίνης

384 3867 589 3939 σαρκδς
616 3866 675 3932 ἐξ
696 3866 867 3939 αὐτῆς
892 3868 1065 3939 μόνης
1102 3869 1490 3940 τελειωθείσης
1533 3870 1626 3924 καὶ
1678 3870 1970 3941 συναφθεί-

383 3974 485 4030 σης
518 3958 670 4030 αὐτῷ
700 3960 761 4012 ἐν
785 3961 1017 4029 ἀκαρεῖο
1049 3958 1131 4013 ἐτι
1160 3960 1269 4031 μὴν
1288 3964 1382 4014 καὶ
1407 3961 1625 4033 ἀληθῶς
1648 3963 1969 4033 κεκλεισμέ-

381 4066 478 4121 νης
511 4048 611 4120 τῆς
667 4050 1007 4122 παρθενικῆς
1070 4053 1269 4125 πύλης,
1321 4054 1461 4108 κατὰ
1530 4054 1691 4123 φύσιν
1752 4056 1969 4126 ἀληθῶς

383 4140 545 4211 σῶμα
599 4140 768 4213 οὔσης
802 4144 902 4213 τῆς
936 4143 1200 4216 Θεοδόχου
1257 4146 1461 4217 σαρκὸς
1506 4147 1674 4201 αὑτοῦ
1723 4148 1812 4203 διὰ
1853 4148 1965 4203 τῶν

379 4233 644 4304 ἀρῤαγῶν
673 4233 945 4306 σωμάτων
974 4238 1224 4307 χωρῆσαι
1254 4239 1354 4308 τῆς
1382 4239 1599 4310 μήτρας
1628 4241 1724 4312 τῆς
1754 4241 1966 4312 Παρθέ-

376 4340 468 4376 νου
498 4327 565 4395 τῇ
591 4324 730 4395 ὑπὲρ
779 4326 941 4394 φύσιν
970 4326 1198 4398 δυνάμει
1230 4327 1327 4381 τοῦ
1376 4329 1590 4394 ἐνόντος
1620 4332 1758 4404 αὐτῇ
1792 4331 1965 4386 Πνεύ-

378 4434 549 4487 ματος
579 4418 672 4470 τοῦ
724 4419 902 4488 Λόγου
948 4421 1301 4492 πιστεύομεν.
1346 4423 1470 4487 Πῶς
1505 4423 1599 4478 οῦν
1651 4426 1711 4480 ού
1760 4428 1964 4492 παντὸς

2072 3247 2126 3292 et
2152 3237 2440 3293 immotum
2474 3238 2665 3309 primas
2694 3240 2907 3297 scilicet
2943 3241 3063 3311 ejus
3106 3241 3478 3311 generationis
3505 3240 3665 3311 geni-

2071 3336 2188 3382 tum
2231 3337 2349 3395 est;
2395 3345 2499 3386 nec
2542 3331 2847 3386 secundum
2889 3332 3189 3387 secundam
3232 3334 3381 3388 aliud
3409 3334 3540 3405 quid
3583 3334 3665 3391 sic

2072 3421 2191 3475 sine
2237 3421 2471 3487 semine,
2499 3431 2557 3477 et
2590 3423 2710 3478 sine
2756 3424 3134 3494 corruptione,
3181 3434 3237 3480 et
3266 3435 3666 3495 supernatura-

2071 3510 2200 3565 liter
2223 3510 2471 3581 genitum
2517 3519 2624 3572 est.
2659 3520 2718 3566 et
2748 3512 2959 3581 Spiritu
2989 3522 3182 3567 sancto
3227 3520 3578 3581 conceptum,
3609 3521 3667 3567 et

2054 3604 2193 3659 sine
2221 3613 2468 3675 tempore
2498 3605 2828 3675 perfectum,
2870 3615 2927 3661 et
2969 3606 3286 3669 formatum,
3314 3615 3366 3661 et
3401 3607 3669 3662 membris

2072 3695 2429 3760 instructum,
2454 3705 2511 3753 et
2543 3698 2597 3753 in
2641 3713 2862 3754 omnem
2893 3715 3048 3755 suam
3098 3699 3520 3754 substantialem
3572 3716 3668 3754 ra-

2071 3789 2277 3844 tionem
2302 3797 2570 3858 aptatum,
2599 3790 2654 3844 in
2678 3799 2830 3846 casto
2853 3800 3015 3847 utero
3037 3791 3423 3855 immaculata,
3451 3792 3504 3846 in
3530 3801 3668 3847 tem-

2070 3882 2225 3952 plum
2267 3890 2324 3936 et
2356 3882 2413 3937 in
2457 3882 2880 3939 tabernaculum
2920 3884 3119 3950 Verbi,
3166 3885 3411 3955 perfecta
3458 3893 3514 3941 et
3559 3886 3662 3955 ipsi

2071 3981 2326 4045 coaptata
2352 3975 2593 4030 humana
2618 3992 2785 4031 carne
2810 3992 2878 4032 ex
2899 3977 3123 4048 Virgine
3150 3979 3267 4032 sola
3297 3978 3352 4032 in
3381 3992 3491 4032 uno
3522 3986 3665 4032 tem—

2070 4065 2224 4137 poris
2275 4067 2537 4123 articulo.
2591 4068 2823 4140 Insuper
2873 4079 2932 4125 et
2972 4078 3113 4125 Vere
3169 4070 3357 4125 clausa
3407 4069 3663 4141 virginali

2070 4166 2252 4228 porta.
2289 4159 2596 4215 secundum
2627 4170 2881 4216 naturam
2910 4176 3042 4216 vere
3074 4175 3278 4231 corpus
3308 4161 3508 4216 divina:
3545 4177 3664 4215 car»

2056 4250 2159 4306 nis
2184 4252 2306 4322 ejus
2337 4268 2437 4322 per
2469 4252 2756 4309 infractam
2786 4254 3006 4309 vulvam
3038 4254 3278 4321 venisse,
3308 4255 3453 4310 uteri
3485 4254 3666 4325 Virgi-

2069 4342 2157 4397 nis
2186 4344 2593 4413 supernaturali
2628 4346 2835 4401 virtute
2880 4345 3243 4401 inhabitantis
3287 4346 3342 4401 in
3383 4361 3447 4400 ea
3481 4343 3661 4415 Spiri-

2073 4443 2161 4489 tus
2196 4436 2359 4492 Verbi
2409 4437 2709 4493 credimus.
2761 4437 3050 4505 Quomodo
3095 4454 3229 4510 crgo
3273 4454 3384 4494 non
3432 4438 3663 4494 omnino

377 4506 583 4579 μᾶλλον
611 4505 690 4559 έτι
712 4508 807 4560 καὶ
833 4512 911 4562 ἔτι
933 4510 1022 4564 διὰ
1061 4511 1235 4564 ταῦτα
1271 4512 1534 4568 Θεοτόκον
1565 4514 1783 4589 άληθῶς
1815 4535 1960 4587 γνω-

2072 4526 2248 4597 magis
2270 4527 2553 4598 magisque
2576 4536 2871 4598 propterea
2892 4528 3184 4598 Deiparam
3206 4544 3335 4585 vere
3361 4543 3659 4603 agnoscam

375 4598 630 4667 ρίσαντες
685 4600 1082 4672 εὐφημήσομεν
1131 4603 1230 4676 τὴν
1264 4606 1541 4678 Παρθένον
1585 4608 1812 4681 ταύτην,
1843 4606 1964 4684 ἐνῇ

374 4691 472 4744 καὶ
496 4690 555 4756 ἐξ
586 4687 655 4763 ἦς
684 4692 713 4745 ὁ
753 4693 925 4762 Λόγος
949 4694 1049 4767 τὴν
1101 4698 1284 4769 σάρκα
1316 4702 1797 4773 μνηστευσάμενος
1828 4722 1966 4776 προ-

372 4782 536 4852 ἦλθεν
567 4783 642 4846 ὡς
667 4785 898 4854 νυμφίος
926 4787 991 4840 ἐκ
1016 4790 1223 4844 παστοῦ
1251 4791 1410 4859 ἁγίου
1442 4793 1608 4848 αὐτοῦ
1637 4811 1652 4862 ;
1676 4795 1767 4865 ἀφ’
1795 4790 1864 4868 ἦς
1902 4815 1965 4852 τε

371 4875 407 4943 ἡ
442 4874 602 4943 σοφία
646 4877 739 4930 τὸν
772 4878 973 4948 έαυτῆς
1007 4880 1369 4955 λατομήσασα
1428 4880 1576 4940 οἷκον
1605 4888 1773 4961 ἑαυτῇ
1809 4906 1966 4961 περι-

372 4963 694 5034 ῳκοδόμησε
719 4983 735 5033 ;
780 4968 873 5022 καὶ
903 4969 963 5023 τὸ
1004 4970 1341 5043 θαυμαστὸν.
1372 4975 1455 5029 ὅτι
1490 4977 1611 5031 οὐδὲ
1640 4978 1701 5032 τὸ
1730 4980 1828 5050 τῆς
1861 4981 1964 5051 φύ-

374 5067 514 5114 σεως
556 5052 809 5124 ίδιώματι
846 5056 941 5110 τοῦ
994 5060 1296 5132 οἰκήματος
1346 5065 1548 5137 ἑαυτὴν
1594 5069 1964 5140 συνεξήγαγεν

369 5147 437 5200 ἐκ
464 5146 565 5217 τῆς
596 5149 809 5219 μήτρας
850 5151 947 5220 τῆς
1007 5154 1287 5223 Παρθένου
1316 5171 1331 5186 ο
1358 5157 1495 5213 ἀλλὰ
1538 5160 1848 5216 τούναντίον
1886 5181 1964 5234 τῳ

367 5236 474 5307 τῆς
500 5237 717 5307 φύσεως
741 5240 993 5313 ίδιώματι
1018 5246 1243 5317 ἑαυτῆς,
1264 5249 1434 5320 ἦγουν
1456 5250 1550 5304 τοῦ
1582 5253 1963 5324 ἐνοικήσαντος

370 5331 512 5401 αὐτῇ
547 5332 746 5401 Λόγου,
775 5335 838 5388 τὸ
859 5337 1072 5408 οἴκημα
1114 5343 1507 5412 πνευματικῶς
1542 5346 1960 5412 συνεξείλκυσεν

366 5423 575 5494 ἑαυτῆς
599 5427 664 5478 ἐκ
681 5427 782 5496 τῆς
810 5429 1082 5503 τεκούσης
1127 5433 1259 5486 αὐτό
1283 5452 1300 5467 ο
1338 5436 1434 5490 σὺν
1473 5438 1622 5509 αὐτῷ
1650 5440 1759 5511 γὰρ
1797 5460 1959 5495 πνευ-

373 5516 622 5584 ματικῶς
687 5517 893 5583 ἐξιέναι
938 5525 1033 5577 καὶ
1090 5526 1341 5597 χωρῆσαι
1376 5528 1465 5582 διὰ
1513 5530 1625 5583 τῶν
1697 5533 1959 5605 ἀρραγῶν

370 5606 641 5675 σωμάτων
661 5608 763 5680 τῆς
802 5612 1105 5683 Παρθένου,
1144 5616 1244 5688 τὴν
1276 5618 1455 5689 σάρκα
1503 5621 1699 5676 ἐαυτοῦ
1726 5624 1756 5675 ὁ
1785 5625 1958 5693 Λόγος

368 5696 759 5769 ἐδυνάμωσεν·
822 5701 1011 5775 ὥσπερ
1070 5708 1099 5759 ὁ
1156 5708 1398 5779 ἄσαρκος
1463 5710 1628 5774 αὐτὸς
1664 5713 1853 5767 είσιὼν
1890 5716 1961 5771 δι’

367 5788 548 5846 αὐτῶν
602 5791 703 5847 οὐκ
751 5793 1212 5871 ἐστενοχωρείτοο
1249 5803 1370 5857 ἐπεὶ
1421 5801 1532 5876 γὰρ
1576 5805 1684 5878 ἰδίᾳ
1740 5809 1957 5884 εὐδοκία

2074 4626 2177 4683 tes,
2213 4618 2565 4675 laudabimus
2588 4620 2871 4691 Virginem
2912 4621 3093 4685 istam,
3134 4621 3187 4675 in
3222 4637 3328 4691 qua
3371 4630 3427 4677 et
3456 4638 3521 4678 ex
3554 4638 3664 4693 qua

2073 4729 2197 4768 cum
2235 4711 2476 4769 Verbum
2519 4730 2743 4770 carnem
2793 4715 2899 4770 sibi
2948 4714 3357 4785 despondisset,
3393 4718 3664 4787 processit

2073 4816 2334 4877 tanquam
2369 4822 2607 4877 sponsus
2649 4808 2719 4863 de
2745 4809 2987 4863 thalamo
3031 4809 3174 4863 suo?
3222 4809 3328 4864 Per
3355 4826 3521 4879 quam
3569 4826 3659 4865 sa-

2071 4898 2277 4967 pientia
2311 4898 2605 4955 aedificavit
2629 4899 2733 4954 sibi
2766 4900 3031 4955 domum?
3060 4902 3127 4956 Et
3156 4901 3292 4956 illud
3325 4901 3659 4968 mirandum,

2071 4989 2218 5059 quod
2262 5006 2373 5045 non
2421 4992 2725 5047 secundum
2761 4993 3072 5046 naturalem
3121 4992 3512 5061 proprietatem
3555 4990 3659 5046 d0-

2072 5099 2195 5138 mus
2224 5083 2369 5139 hanc
2409 5084 2601 5139 eduxit
2644 5101 2712 5139 ex
2752 5084 2915 5139 vulva
2946 5083 3216 5155 Virginis;
3246 5082 3340 5136 sed
3379 5098 3409 5135 e
3441 5090 3658 5146 contra,

2069 5176 2310 5232 naturali
2339 5194 2439 5232 sua
2482 5176 2844 5248 proprietate,
2874 5175 3233 5232 inhabitantis
3262 5176 3475 5229 scilicet
3506 5175 3558 5228 in
3591 5189 3657 5229 ca

2068 5268 2256 5333 Verbi,
2288 5268 2513 5323 domum
2546 5269 2870 5339 spiritaliter
2896 5268 3087 5323 elicuit
3111 5266 3180 5321 de
3211 5267 3302 5322 illa
3328 5282 3450 5336 qua:
3481 5266 3657 5335 ipsam

2067 5368 2356 5428 genuerat.
2404 5361 2543 5416 Cum
2590 5362 2707 5432 ipsa
2753 5361 2901 5415 enim
2950 5359 3276 5429 spiritaliter
3315 5357 3555 5413 exeundi
3598 5366 3657 5411 et

2067 5448 2374 5517 prodeundi
2403 5466 2502 5519 per
2525 5449 2815 5505 infractam
2849 5448 3089 5520 Virginis
3116 5450 3337 5503 vulvam
3365 5446 3514 5501 carni
3543 5461 3659 5502 suae

2066 5541 2309 5596 Verbum
2345 5541 2607 5596 virtutem
2655 5542 2917 5608 contulit;
2968 5541 3113 5595 sicut
3158 5539 3275 5610 ipse
3325 5539 3445 5593 sine
3491 5552 3660 5595 carne

2065 5647 2165 5701 per
2193 5646 2312 5686 eam
2340 5630 2659 5701 ingrediens
2684 5647 2794 5687 non
2826 5630 3313 5700 comprimebatur.
3342 5629 3478 5685 Cum
3505 5629 3657 5683 enim

2064 5736 2164 5778 sua
2194 5722 2534 5794 benignitate
2565 5712 2624 5779 s'e
2660 5723 2717 5778 in
2747 5723 3027 5794 Virginem
3056 5722 3280 5789 infudit,
3313 5737 3379 5776 ex
3417 5721 3532 5792 ipsa
3564 5718 3658 5789 qui

2066 5816 2186 5873 siue
2220 5831 2386 5873 carne
2416 5826 2537 5873 erat
2560 5831 2618 5874 se
2645 5817 2941 5873 carnaliter
2969 5815 3231 5874 formavit
3260 5814 3452 5870 divino
3478 5812 3664 5878 modo,

3224 5928 3277 5963 ’.δ
