4116 6428
487 360 625 427 1671

1718 340 2069 425 LEONTII
2109 364 2519 426 BYZANTINI

3627 367 3777 433 1672

484 484 543 531 et
574 474 645 531 ab
678 473 796 546 ipsa
838 489 1065 531 carnem
1099 472 1208 530 sibi
1241 472 1542 545 copulavit.
1579 470 1751 527 Silcat
1793 486 1926 541 ergo
1956 486 2087 541 pro-

2195 472 2390 525 ὲαυτὺν
2421 474 2502 535 είς
2555 470 2655 543 τὴν
2695 471 2977 543 Παρθένον
3026 474 3291 530 ὲνδέδωκε
3316 490 3332 508 ·
3368 476 3463 531 καὶ
3509 476 3571 544 ἐξ
3598 466 3788 552 ,αὐτῆς

486 569 677 623 fanum
728 584 792 623 os
832 581 1077 623 vestrum
1115 568 1293 623 donec
1339 567 1661 638 aperiantur
1697 564 1843 619 oculi
1888 562 2081 628 vestri,

485 669 567 725 ut,
598 677 723 715 cum
769 660 1025 715 videritis
1060 661 1245 715 lumen
1288 659 1558 732 mysterii,
1601 667 1731 713 tunc
1775 657 1930 727 loqui
1973 672 2085 710 non

484 754 678 809 inanes
718 753 1039 824 phantasias
1093 752 1447 807 tenebrarum
1498 760 1731 806 terrena:
1779 747 2082 819 sapientiae,

486 845 581 899 sed
618 846 889 915 magnalia
914 844 1033 909 Dei,
1060 843 1304 913 possitis.

2190 564 2383 617 ἑαυτὸν
2412 564 2441 615 ὁ
2484 565 2727 635 ἄσαρκος
2770 566 3051 636 σαρκικῶς
3082 567 3399 641 ἐμόρφωσε,
3450 570 3650 637 θεῖκῶς
3684 574 3788 626 καὶ

2190 656 2292 727 τὴν
2321 657 2417 710 ἀπ’
2459 656 2635 726 αὐτῆς
2674 656 2856 726 σάρκα
2908 656 3076 711 αὐτοῦ
3123 657 3302 729 ἐαυτῷ
3345 663 3783 733 συμπροήγαγε’

2192 748 2497 819 φιμωθήτω
2544 743 2638 802 οὖν
2690 748 2847 820 ὑμῶν
2890 748 2951 801 τὸ
3012 748 3240 821 βέϐηλον
3289 750 3447 823 ἄχρις
3492 752 3788 821 ἀνοιγῶσιν

2194 840 2350 911 ὑμῶν
2381 841 2431 893 οἱ
2484 839 2779 910 ὀφθαλμοὶ,
2822 840 2910 893 ἵνα
2955 840 3158 905 ἰδόντες
3191 842 3252 896 τὸ
3284 844 3399 912 φῶς
3442 843 3539 897 τοῦ
3572 862 3786 917 μυστη-

490 940 631 1012 ρίου,
668 940 789 993 τότε
822 939 1007 993 λαλεῖν
1033 940 1094 992 οὐ
1123 940 1221 1005 τὰς
1252 938 1555 1009 φαντασίας
1586 938 1696 992 τῶν
1724 937 1963 992 εἰδώλων
1989 934 2085 991 τοῦ
2123 937 2351 1002 σκότους
2408 936 2509 1008 τῆς
2542 934 2791 1004 ἐπιγείου
2833 936 3049 1005 σοφίας,
3085 936 3222 991 ἀλλὰ
3286 936 3356 991 τὰ
3393 933 3663 1009 μεγαλεῖα
3684 938 3784 993 τοῦ

485 1036 621 1089 Θεοῦ
648 1033 1004 1107 ἐξισχύσητε.

1146 1148 1299 1206 CAP.
1341 1146 1413 1205 X.

557 1264 616 1321 Si
662 1264 887 1335 proprie
940 1272 998 1319 et
1043 1264 1352 1319 secundum
1396 1263 1688 1318 veritatem
1732 1262 1953 1334 genitus
2005 1268 2093 1317 est

487 1359 635 1412 Deus
669 1356 913 1412 Verbum
946 1372 1015 1410 ex
1042 1356 1292 1427 Virgine,
1328 1366 1385 1411 et
1429 1356 1652 1427 proprie
1693 1364 1749 1410 et
1782 1355 2089 1411 secundum

486 1450 777 1505 veritatem
813 1449 996 1519 genita
1047 1458 1135 1503 est
1180 1464 1247 1503 ex
1281 1449 1399 1518 ipsa
1434 1464 1563 1503 caro
1597 1448 1850 1502 mortalis
1877 1455 1935 1503 et
1966 1463 2091 1502 cor—

489 1543 771 1613 ruptibilis
816 1552 873 1597 et
914 1542 1155 1597 animata
1213 1543 1395 1595 anima
1448 1541 1704 1595 rationali
1758 1551 1815 1595 et
1868 1540 2090 1595 intelle-

490 1634 682 1699 ctuali,
726 1633 813 1687 vel
844 1648 971 1687 caro
1006 1632 1338 1701 praeexsistit
1384 1630 1619 1702 Virgini,
1650 1631 1736 1685 vel
1770 1631 1915 1685 Deus
1947 1631 2088 1685 Ver-

491 1726 621 1781 bum
653 1724 926 1795 posterior
950 1733 1034 1778 est
1062 1723 1285 1794 Virgine
1318 1741 1331 1777 :
1369 1722 1516 1793 quod
1552 1730 1851 1793 utrumque
1892 1722 2091 1777 absur-

2797 1141 3051 1197 ΚΕΦΑΛ.
3129 1141 3186 1197 ιο.

2264 1255 2327 1308 El
2358 1253 2567 1325 κυρίως
2600 1253 2867 1307 καὶκατὰ
2916 1253 3180 1324 ἀλήθειαν
3221 1254 3416 1328 ἐτέχθη
3446 1256 3474 1310 ὁ
3504 1256 3637 1321 Θεὸς
3675 1259 3785 1312 Δό-

2191 1362 2287 1415 γος
2320 1348 2384 1399 ὲκ
2413 1347 2510 1416 τῆς
2537 1345 2840 1417 Παρθένου,
2877 1346 2971 1399 καὶ
3002 1347 3207 1416 κυρίως
3238 1347 3331 1401 καὶ
3360 1349 3500 1402 κατὰ
3523 1350 3786 1422 ἀλήθειαν

2192 1438 2389 1509 ὲτέχθη
2422 1437 2480 1506 ἐξ
2520 1438 2712 1510 ἀὐτῆς
2755 1438 2791 1511 ἡ
2837 1436 2975 1510 σὰρξ
3024 1440 3058 1509 ἡ
3088 1438 3259 1511 θνητὴ
3282 1440 3374 1493 καὶ
3432 1440 3649 1513 φθαρτή
3685 1443 3786 1498 καὶ

2194 1531 2527 1601 ὲψυχωμένη
2580 1531 2725 1603 ψυχῇ
2782 1532 2879 1587 καὶ
2940 1531 3133 1603 λογικῇ
3189 1533 3285 1587 καὶ
3338 1536 3523 1606 νοερᾷ,
3572 1535 3785 1607 ἢσὰρξ

2192 1622 2539 1693 προῦπάρχει
2564 1622 2663 1691 τῆς
2694 1621 2997 1693 Παρθένου,
3024 1621 3056 1693 ἢ
3082 1625 3110 1675 ό
3131 1621 3266 1685 Θεὸς
3301 1624 3473 1692 Λόγος
3501 1625 3762 1697 μεθυπάρ

2193 1731 2278 1783 χει
2326 1714 2426 1785 τῆς
2478 1714 2792 1784 Παρθένου·
2822 1715 2963 1787 ὅπερ
2995 1714 3197 1768 ἄτοπον
3221 1716 3501 1787 ἑκάτερον.
3548 1717 3689 1771 Ἀλλ’
3719 1719 3784 1773 οὐ

492 1818 622 1872 dum
652 1826 757 1872 est.
782 1837 853 1856 —-
875 1816 982 1872 Sed
1029 1831 1140 1871 non
1175 1815 1481 1871 secundum
1525 1832 1692 1870 unam
1724 1815 2088 1885 eamdemque

2195 1805 2317 1859 καθ’
2360 1806 2457 1859 ἕνα
2493 1806 2700 1860 καὶτὸν
2725 1807 2889 1860 αὑτὸν
2930 1808 3027 1878 τῆς
3050 1809 3357 1878 γεννήσεως
3386 1808 3567 1877 λόγον,
3605 1812 3789 1881 ἀμφο-

491 1909 867 1981 generationis
893 1909 1168 1965 rationem
1204 1910 1491 1964 ambarum
1526 1909 1693 1964 unius
1727 1908 1825 1963 ﬁlii
1850 1909 2093 1977 partium

491 2001 904 2073 generationem
938 2017 1004 2056 ex
1034 2000 1261 2071 Virgine
1307 2016 1452 2063 esse.
1486 2016 1631 2070 saepe
1664 2015 1898 2055 numero
1927 2016 1958 2055 a
1996 2015 2095 2055 no-

493 2093 581 2148 bis
612 2093 822 2147 dictum
868 2101 973 2159 est,
1011 2108 1045 2147 ο
1094 2091 1331 2163 physici.
1365 2093 1509 2147 Vere
1555 2101 1737 2148 tamen
1786 2101 1871 2147 est
1919 2100 2096 2147 mater

492 2186 800 2241 secundum
856 2194 1152 2255 utramque
1217 2185 1527 2251 rationem,
1584 2194 1702 2239 tum
1756 2185 1983 2253 quidem
2036 2182 2094 2238 in

492 2288 761 2348 quantum
813 2278 905 2333 ille
954 2278 1156 2334 habeat
1203 2293 1270 2332 ex
1320 2293 1386 2333 ea
1439 2292 1560 2334 esse
1606 2277 1928 2339 carnaliter.
1974 2287 2092 2331 tum

492 2377 626 2425 'vero
665 2370 721 2424 in
753 2380 1023 2440 quantum
1068 2370 1272 2425 habeat
1310 2386 1434 2426 esse
1480 2370 1807 2440 simpliciter
1844 2385 2088 2424 carnem.

494 2462 573 2516 lta
609 2462 757 2516 enim
792 2478 901 2516 una
937 2473 1115 2517 mater
1155 2478 1281 2519 esse
1319 2464 1485 2517 unius
1521 2463 1811 2532 utriusque
1838 2463 1948 2533 jam
1994 2461 2093 2517 deo

494 2562 798 2608 monstrata
827 2564 932 2609 est.
965 2554 1137 2624 Igitur
1182 2568 1313 2608 sane
1361 2554 1406 2609 si
1437 2554 1659 2624 proprie
1689 2562 1745 2608 et
1783 2553 2088 2608 secundum

494 2646 784 2700 veritatem
833 2662 1001 2701 carne
1049 2645 1221 2716 geniti
1254 2655 1385 2701 sunt
1426 2646 1696 2701 Zebedaao
1740 2644 1837 2699 ﬁlii
1882 2646 2005 2713 ejus
2034 2650 2091 2698 et

494 2735 719 2806 proprie
768 2743 825 2791 et
887 2736 1195 2792 secundum
1247 2737 1540 2793 veritatem
1596 2737 1906 2808 regenerati
1961 2746 2091 2792 sunt

495 2828 659 2899 primi
693 2843 790 2897 per
823 2827 1207 2899 Evangelium,
1251 2829 1356 2899 ipsi
1402 2829 1792 2900 praeexsistunt
1824 2829 2090 2899 simplici-

497 2926 615 2979 ter;
670 2918 757 2973 vel
805 2918 924 2989 ipse
968 2920 1247 2989 posterior
1276 2929 1361 2975 est
1408 2920 1562 2975 illis:
1594 2936 1722 2975 nam
1757 2920 1802 2975 si
1851 2921 2087 2975 alterum

494 3008 772 3079 quoddam
799 3010 1148 3080 prazexsistit,
1176 3010 1413 3067 alterum
1450 3012 1728 3081 posterius
1754 3020 1860 3075 est,
1886 3028 1919 3067 o
1950 3011 2087 3067 falso

2194 1897 2371 1967 τέρων
2404 1896 2513 1950 τῶν
2540 1899 2636 1950 τοῦ
2659 1897 2777 1960 ὲνδς
2806 1897 2939 1951 Υίοῦ
2970 1897 3156 1969 μερῶν
3176 1899 3278 1970 τὴν
3301 1899 3557 1970 γέννησιν
3585 1901 3687 1971 τὴν
3718 1903 3789 1955 ὲκ

2198 1989 2479 2060 Παρθένου
2510 1985 2675 2056 εἶναι,
2713 1989 2977 2053 πολλάκις
3009 1991 3141 2061 ἡμῖν
3174 1992 3414 2062 εἴρηται,
3451 1985 3497 2045 ὦ
3522 1993 3782 2060 φυσικοί·

2198 2080 2418 2151 ἀληθῶς
2476 2082 2661 2150 μέντοι
2718 2081 2908 2152 μήτηρ
2952 2082 3072 2136 ἐστὶ
3135 2084 3260 2137 καθ’
3295 2084 3557 2155 ἑκάτερον
3590 2084 3783 2153 λόγον·

2194 2174 2287 2228 τοῦ
2327 2174 2427 2245 μὲν
2466 2173 2542 2238 ὡς
2570 2174 2629 2241 ἐξ
2658 2175 2831 2247 αὐτῆς
2888 2174 3169 2246 σαρκικῶς
3216 2172 3356 2231 εἶναι
3394 2177 3739 2249 ὑπάρξαντος
3764 2195 3786 2212 ο

2191 2266 2285 2320 τοῦ
2324 2266 2383 2320 δὲ
2437 2268 2534 2321 καὶ
2588 2268 2664 2330 ὡς
2722 2266 2913 2332 ἁπλῶς
2965 2268 3168 2340 σαρκὸς
3210 2263 3352 2323 εἶναι
3400 2270 3786 2341 ὑπάρξαντος·

2191 2358 2368 2422 οὕτως
2396 2359 2506 2430 γὰρ
2562 2360 2660 2431 μία
2690 2361 2875 2431 μήτηρ
2913 2360 3034 2424 ἑνὸς
3070 2365 3166 2414 τοῦ
3199 2362 3615 2433 συναμφοτέρου
3639 2365 3782 2418 ἁνα-

2192 2451 2501 2506 δέδεικται·
2530 2447 2642 2524 ἆρα
2669 2452 2734 2522 δὴ
2763 2449 2855 2506 οῦν
2884 2455 2933 2506 εί
2970 2453 3181 2524 κυρίως
3210 2456 3303 2508 καὶ
3333 2454 3479 2509 κατὰ
3519 2454 3790 2527 ἀλήθειαν

2191 2542 2493 2613 ἐτέχθησαν
2522 2546 2689 2615 σαρκὶ
2717 2544 2994 2615 Ζεϐεδαίῳ
3017 2546 3067 2599 οί
3098 2546 3205 2599 υίοὶ
3235 2546 3426 2610 αὑτοῦ,
3453 2546 3548 2600 καὶ
3576 2547 3791 2619 κυρίως

2192 2637 2455 2690 καὶκατὰ
2504 2636 2765 2708 ἀλήθειαν
2818 2638 3260 2709 ὰνεγεννήθησαν
3295 2639 3506 2709 πρῶτοι
3554 2639 3643 2694 διὰ
3688 2640 3789 2695 τοῦ

2191 2727 2531 2795 Εὑαγγελίου
2578 2729 3029 2799 προῦπάρχουσιν
3075 2730 3240 2784 αὐτοῦ
3274 2730 3462 2796 ἁπλῶς
3491 2746 3507 2761 ο
3538 2730 3572 2802 ἢ
3615 2731 3787 2797 αὐτὸς

2192 2819 2541 2891 μεθυπάρχει
2569 2820 2772 2885 αὐτῶν,
2800 2822 2985 2875 καίτοι
3046 2823 3095 2876 εἰ
3134 2823 3365 2895 θάτερον
3412 2825 3791 2895 προῦπάρχει,

2189 2913 2411 2966 πάντων
2469 2911 2530 2965 τὸ
2591 2912 2783 2984 ἕτερον
2840 2912 3217 2987 μεθυπάρχει,
3271 2914 3653 2988 δοκησίσοφοι’
3692 2917 3796 2970 καὶ

2187 3004 2287 3073 οὐχ
2318 3002 2393 3067 ὥς
2424 3021 2563 3074 φατε
2594 3005 2627 3076 ἢ
2662 3004 2783 3058 τόδε
2828 3004 2862 3075 ἢ
2909 3005 3062 3059 τόδε·
3104 3006 3324 3070 πάντως
3351 3006 3461 3079 γὰρ
3504 3011 3570 3081 τῇ
3603 3010 3794 3080 σχέσει

495 3101 670 3156 habiti
693 3102 996 3172 sapientes!
1017 3112 1073 3157 et
1102 3103 1308 3172 nonjta
1338 3112 1423 3158 est
1448 3111 1509 3157 ut
1528 3102 1737 3168 dicitis,
1765 3105 1852 3159 vel
1871 3103 1976 3158 hoc
1996 3103 2083 3158 vel

2195 3094 2307 3165 αμα
2334 3096 2454 3149 ἐστὶ
2485 3097 2614 3151 τάδε
2643 3095 2740 3150 καὶ
2764 3096 3078 3168 παρέπεται
3101 3114 3116 3129 ο
3160 3098 3221 3152 τὺ
3249 3099 3359 3170 γάρ
3395 3101 3789 3171 προϋπάρχον,

496 3194 677 3249 illud:
715 3195 943 3249 omnino
1008 3195 1158 3250 enim
1214 3197 1456 3251 naturali
1519 3196 1883 3267 dispositione
1929 3196 2095 3251 simul

2202 3189 2650 3261 μεθυπάρχοντος
2709 3190 3098 3264 προϋπάρχειο
3148 3191 3288 3247 ἀλλὰ
3327 3192 3508 3260 δῆλον,
3553 3194 3629 3257 ὡς
3663 3198 3794 3251 κατ’

497 3300 717 3353 unaque
747 3293 878 3338 sunt
920 3284 1038 3340 haec
1076 3293 1133 3341 et
1164 3296 1495 3356 sequuntur.
1526 3286 1681 3353 Quod
1711 3287 1859 3343 enim
1895 3302 2105 3358 prater

2202 3281 2332 3336 άλλο
2362 3283 2457 3337 καὶ
2515 3283 2644 3338 ἄλλο
2685 3282 2715 3335 ό
2756 3285 2919 3348 αὐτὸς
2972 3286 3109 3357 πρὸς
3136 3286 3268 3351 τοὺς
3310 3286 3509 3351 αὐτοὺς
3548 3287 3705 3353 υἱούς
3730 3306 3799 3344 τε

494 3375 662 3439 sistit,
700 3374 1023 3444 posteriori.
1077 3374 1183 3430 Sed
1227 3386 1379 3447 patet
1422 3378 1679 3433 eumdem
1725 3377 1830 3434 sub
1881 3378 2095 3432 diverso

2205 3376 2369 3439 ὄντας
2406 3376 2572 3431 αὐτοῦ
2604 3378 2702 3432 καὶ
2731 3379 3005 3449 πατέρας,
3039 3380 3142 3451 τήν
3171 3395 3232 3434 τε
3270 3382 3634 3453 προγενεσίαν
3675 3383 3799 3455 ἔχει

498 3476 777 3537 respectu,
814 3468 1049 3523 relative
1079 3467 1146 3523 ad
1184 3468 1328 3525 ﬁlios
1370 3486 1503 3526 suos
1534 3478 1601 3526 et
1634 3469 1703 3525 ad
1750 3478 1937 3541 patres
1969 3484 2095 3525 suos

2203 3467 2300 3522 καὶ
2327 3467 2803 3540 ὑστερογενεσίαν.

500 3558 705 3614 habere
726 3559 967 3631 priorem
994 3559 1154 3615 simul
1179 3570 1235 3616 et
1264 3561 1632 3633 posteriorem
1656 3562 2097 3634 generationem.

1155 3674 1309 3731 CAP.
1349 3674 1443 3730 XI.

571 3788 627 3843 Si
663 3790 957 3860 progenies
982 3786 1190 3856 Carnis,
1220 3788 1513 3861 progenies
1544 3795 1629 3844 est
1662 3788 1759 3844 Dei
1791 3789 2097 3844 secundum

490 3880 817 3944 veritatem,
850 3888 907 3935 et
950 3895 1072 3935 esse
1101 3889 1188 3935 est
1230 3882 1398 3935 etiam
1429 3881 1525 3936 Dei
1557 3881 1863 3936 secundum
1893 3880 2102 3937 verita-

504 3979 650 4038 tem;
685 3972 729 4027 si
762 3980 948 4027 autem
979 3988 1102 4029 esse
1145 3985 1201 4029 et
1236 3975 1342 4029 tale
1386 3989 1509 4029 esse
1543 3982 1628 4029 est
1669 3973 1900 4043 impium
1934 3974 2098 4029 simul

501 4073 558 4120 et
594 4064 975 4134 impossibile;
1017 4080 1127 4119 non
1163 4081 1297 4137 ergo
1344 4066 1637 4136 progenies
1682 4065 1869 4119 carnis
1904 4081 2101 4136 proge-

503 4158 623 4213 nies
670 4166 757 4213 est
801 4173 1023 4229 quoque
1066 4159 1166 4215 Dei
1221 4159 1529 4215 secundum
1572 4158 2097 4215 veritatem—Sed

503 4252 659 4308 deest
699 4255 890 4324 primae
928 4265 1125 4312 vestrae
1168 4256 1535 4327 propositioni
1578 4257 1820 4313 Verbum
1851 4257 2053 4326 pariter
2076 4271 2096 4312 :

502 4346 717 4420 hocque
750 4350 835 4404 vel
873 4350 942 4405 de
983 4348 1256 4405 industria
1287 4350 1371 4405 vel
1408 4348 1790 4419 imprudenter
1815 4347 1974 4403 vobis
2008 4363 2097 4403 ra-

490 4441 900 4497 ‘tioeinantibus
932 4442 1367 4512 praetermissum
1404 4450 1508 4497 est.
1543 4440 1600 4497 Si
1625 4441 1773 4496 enim
1804 4441 2095 4511 progenies

504 4535 709 4599 carnis,
741 4535 1037 4606 progenies
1058 4536 1262 4605 pariter
1283 4534 1379 4590 Dei
1407 4544 1514 4599 est,
1539 4535 1755 4590 scilicet
1784 4533 2091 4590 secundum
2125 4546 2169 4603 ο

503 4625 755 4680 eamdem
797 4626 1082 4696 progeniei
1115 4626 1389 4681 rationem
1423 4642 1531 4697 qua
1558 4636 1645 4682 est
1687 4642 1757 4681 ex
1789 4627 1972 4693 Patre,
2000 4643 2094 4682 ea-

505 4715 633 4771 dem
656 4715 839 4786 reipsa
862 4717 1084 4786 utrique
1108 4717 1448 4772 concedetis.
1474 4717 1531 4772 Si
1558 4730 1741 4773 autem
1771 4720 2019 4788 plurima:
2040 4728 2097 4773 et

505 4806 812 4861 secundum
845 4806 1135 4861 veritatem
1166 4807 1329 4862 dictat
1359 4809 1601 4864 rationes
1631 4810 1915 4881 progeniei
1943 4819 2092 4874 sunt,

505 4910 615 4950 non
638 4911 704 4950 ex
723 4896 874 4950 omni
900 4896 1114 4953 ratione
1145 4897 1428 4967 progeniei
1454 4907 1716 4968 sequetur
1736 4900 1927 4954 eadem
1950 4915 2097 4969 qua:-

506 4987 633 5043 dam
665 4988 872 5045 sentire
906 4988 975 5044 de
1017 4990 1086 5046 iis
1131 5004 1256 5061 quae
1312 4991 1808 5061 quomodocunque
1841 4990 1986 5062 gigni
2014 4992 2098 5046 di-

505 5090 731 5147 cuntur,
757 5097 860 5138 nec
888 5082 1022 5138 illud
1053 5083 1211 5138 vobis
1233 5083 1524 5154 quisquam
1553 5083 1848 5148 concessit,
1884 5083 2097 5139 scilicet

506 5173 832 5243 simpliciter
866 5183 923 5229 et
954 5175 1118 5232 nudae
1150 5176 1335 5232 carnis
1364 5189 1584 5247 partum
1625 5193 1749 5233 esse
1788 5186 1844 5233 et
1877 5186 2095 5249 partum

510 5265 642 5332 Dei;
678 5267 771 5321 sed
796 5283 998 5337 neque,
1026 5269 1327 5340 conjuncto
1353 5285 1478 5324 cum
1508 5284 1675 5324 carne
1710 5271 1843 5336 Deo,
1877 5257 2094 5341 partum

508 5354 605 5410 Dei
642 5371 709 5410 ex
749 5357 975 5428 Virgine
1007 5359 1263 5414 eumdem
1304 5377 1427 5416 esse
1473 5362 1777 5416 secundum
1825 5364 2094 5418 rationem

509 5462 575 5501 ac
616 5457 833 5517 partum
877 5452 1095 5519 carnis;
1130 5452 1226 5507 sed
1259 5453 1402 5508 idem
1437 5454 1740 5508 secundum
1774 5472 2093 5522 numerum,

509 5539 746 5595 diversis
787 5550 971 5597 autem
1021 5545 1395 5614 generationis
1442 5545 1757 5601 rationibus
1799 5562 1930 5603 vere
1965 5564 2099 5602 eon-

511 5640 619 5687 stat
642 5634 946 5688 secundum
973 5636 1165 5692 ambas
1190 5648 1417 5695 naturas
1446 5640 1679 5710 genitas.
1708 5638 1918 5695 Nomen
1946 5640 2095 5695 enim

510 5725 907 5791 generationis,
930 5737 991 5780 ut
1013 5736 1071 5783 ct
1098 5745 1195 5784 vos
1223 5730 1325 5799 ipsi
1353 5731 1671 5795 imluxistis,
1704 5732 2096 5803 homonymum

488 5820 597 5866 iest
624 5830 635 5865 :
667 5813 722 5867 in
756 5815 1102 5891 homonymis
1138 5830 1323 5877 autem
1359 5840 1467 5879 non
1501 5833 1587 5879 est
1626 5824 1753 5894 plus
1777 5825 1860 5879 vel
1892 5827 2095 5891 minus,

2795 3676 3053 3735 ΚΕΦᾹΛ.
3102 3676 3193 3733 ις’.

2272 3786 2337 3840 El
2366 3786 2525 3851 τόκος
2552 3787 2581 3841 ὁ
2608 3786 2713 3858 τῆς
2740 3788 2965 3860 σαρκὸς,
2995 3788 3156 3855 τόκος
3183 3788 3280 3843 τοῦ
3306 3786 3443 3843 Θεοῦ
3473 3806 3618 3845 κατα
3660 3792 3801 3864 ἀλή-

2201 3875 2377 3943 θειαν,
2414 3878 2511 3931 καὶ
2534 3876 2596 3931 τὸ
2621 3874 2763 3931 εἶναί
2789 3880 2908 3933 ἐστι
2942 3879 3088 3934 κατὰ
3116 3879 3379 3952 ἀλήθειαν
3405 3880 3499 3935 τοῦ
3535 3882 3674 3937 Θεοῦ
3705 3901 3719 3915 ·
3743 3886 3799 3939 εἰ

2198 3968 2255 4023 δὲ
2276 3969 2338 4023 τὸ
2377 3966 2520 4024 εἶναι
2547 3972 2643 4024 καὶ
2679 3970 2741 4025 τὸ
2770 3971 2971 4025 τοιόνδε
3027 3966 3169 4027 εῖναι
3214 3972 3375 4028 τοῦτο
3422 3974 3619 4039 ἀσεϐὲς
3652 3976 3797 4047 δμοῦ

2200 4064 2296 4117 καὶ
2333 4064 2638 4134 ἀμήχανον,
2669 4064 2771 4117 οὐκ
2801 4060 2910 4135 άρα
2955 4065 2985 4117 ό
3034 4063 3196 4129 τόκος
3224 4065 3325 4134 τῆς
3376 4067 3599 4140 σαρκὸς,
3631 4067 3800 4133 τόκος

2198 4155 2317 4208 ἐστὶ
2357 4156 2501 4209 κατὰ
2552 4155 2813 4227 ἀλήθειαν
2882 4155 2978 4211 τοῦ
3027 4156 3187 4211 Θεοῦ.
3257 4158 3420 4214 Ἀλλὰ
3482 4159 3662 4213 λείπει
3723 4164 3795 4233 τῇ

2199 4246 2394 4319 πρώτῃ
2427 4246 2582 4317 ὑμῶν
2620 4248 2885 4319 προτάσει
2910 4247 2971 4300 τὸ
3000 4248 3288 4317 ὡσαύτως
3309 4249 3445 4304 ἐστί
3469 4267 3485 4283 ·
3518 4250 3613 4305 καὶ
3633 4253 3799 4308 τοῦτο

2197 4338 2230 4409 ἢ
2255 4338 2445 4402 δεινῶς
2474 4338 2510 4409 ἢ
2538 4338 2768 4409 ἀμαθῶς
2801 4338 2956 4409 ὑμῶν
2976 4339 3377 4409 διαλεγομένων
3408 4342 3797 4413 παρεώραται.

2198 4431 2264 4484 El
2297 4431 2407 4502 γάρ
2434 4433 2463 4484 ό
2492 4430 2653 4495 τόκος
2674 4433 2773 4501 τῆς
2798 4432 3025 4503 σαρκὸς,
3068 4433 3230 4498 τόκος
3277 4432 3375 4487 τοῦ
3422 4434 3559 4489 Θεοῦ
3588 4435 3796 4493 ὡσαύ-

2199 4539 2315 4588 τως
2338 4522 2509 4587 ὲστὶν,
2536 4523 2707 4594 ἤγουν
2738 4524 2881 4580 κατὰ
2928 4523 3022 4577 τὸν
3073 4524 3239 4580 αὐτὸν
3287 4525 3383 4580 τοῦ
3418 4526 3582 4581 τόκου
3612 4529 3796 4597 Λόγον

2196 4618 2289 4670 τὸν
2312 4618 2375 4670 ὲκ
2394 4617 2632 4689 Πατρός,
2657 4618 2727 4672 τὰ
2756 4618 2896 4673 αὐτὰ
2916 4619 3085 4685 ὅντως
3113 4620 3447 4691 ἀμφοτέροις
3469 4621 3791 4692 χαρίσεσθε.

2197 4710 2260 4764 Εἰ
2288 4709 2345 4764 δὲ
2377 4710 2566 4764 πολλοί
2598 4728 2660 4764 τε
2714 4713 2810 4766 καὶ
2844 4713 2967 4767 κατ’
3012 4713 3274 4787 ἀληθειαν
3318 4714 3602 4785 λεγόμενοι
3638 4714 3793 4782 λόγοι

2195 4804 2358 4858 τόκου
2386 4805 2544 4867 εἰσὶν,
2579 4805 2643 4858 οὐ
2665 4805 2735 4859 τά
2764 4805 2903 4860 αὐτὰ
2926 4810 2991 4860 ὲκ
3019 4807 3219 4871 παντὸς
3247 4808 3424 4876 Λόγου
3462 4808 3620 4863 τόκου
3661 4809 3796 4879 ἕψε-

2196 4915 2288 4951 ται
2320 4900 2463 4950 νοεῖν
2492 4914 2635 4963 τινα,
2670 4898 2765 4952 ἐπὶ
2816 4901 2933 4964 τοῖς
2963 4900 3216 4954 ὁπωσοῦν
3267 4900 3526 4973 τεχθῆναι
3550 4900 3792 4973 λεγομέ-

2196 5004 2310 5051 νοις
2336 5000 2352 5016 ⁶
2384 4988 2512 5041 οὔτε
2536 4989 2593 5042 δὲ
2623 4988 2783 5042 τοῦτο
2815 4989 2945 5061 ὑμῖν
2974 5007 3058 5054 τις
3086 4990 3320 5045 δέδωκεν
3353 4993 3434 5045 ὅτι
3475 4992 3664 5057 ἁπλῶς
3693 4994 3792 5048 καὶ

2195 5080 2413 5151 γυμνῆς
2460 5081 2665 5153 σαρκὸς
2707 5083 2889 5147 τόκος,
2940 5076 3099 5149 οὗτος
3147 5084 3242 5138 καὶ
3273 5085 3431 5148 τόκος
3463 5085 3598 5138 Θεοῦ
3642 5086 3787 5153 ἐστι,

2196 5174 2313 5229 ἀλλ’
2345 5174 2467 5229 οὔτε
2495 5176 2577 5230 ὅτι
2609 5176 2961 5246 συνημμένου
3004 5178 3070 5248 τῇ
3119 5178 3283 5249 σαρκὶ
3318 5177 3415 5232 τοῦ
3443 5176 3602 5241 Θεοῦ,
3634 5178 3790 5249 ὅμως

2195 5271 2224 5324 ὁ
2254 5270 2417 5334 αὑτός
2446 5272 2563 5323 ἐστι
2599 5269 2744 5324 κατὰ
2797 5269 2889 5323 τὸν
2920 5269 3077 5339 λόγον
3119 5271 3148 5324 ὁ
3178 5269 3336 5334 τόκος
3359 5270 3455 5324 τοῦ
3484 5270 3619 5324 Θεοῦ
3655 5273 3685 5325 ό
3722 5274 3790 5325 ὲκ

2197 5362 2477 5432 Παρθένου
2509 5363 2586 5434 τῷ
2613 5362 2760 5434 τόκῳ
2785 5365 2884 5432 τῆς
2913 5362 3116 5432 σαρκός
3172 5379 3187 5395 '
3208 5363 3323 5416 ἀλλ’
3348 5364 3377 5417 ό
3428 5364 3591 5429 αὐτὸς
3641 5366 3792 5420 κατὰ

2198 5456 2450 5527 ἀριθμὸν,
2506 5458 2565 5509 ὲν
2621 5457 2898 5527 διαφόροις
2941 5456 2998 5509 δὲ
3046 5455 3227 5525 λόγοις
3293 5458 3599 5529 γεννήσεως
3655 5458 3791 5532 ἁλη-

2199 5546 2307 5608 Οῶς
2345 5548 2465 5600 κατ’
2512 5548 2680 5617 ἄμφω
2743 5546 3017 5614 συνεστὼς
3066 5549 3164 5612 τὰς
3224 5549 3511 5620 τεχθείσας
3568 5549 3787 5618 φύσεις.

2199 5640 2273 5693 Τὸ
2306 5640 2414 5711 γὰρ
2454 5641 2555 5711 τῆς
2602 5644 2914 5714 γεννήσεως
2950 5643 3143 5716 ὄνομα,
3176 5643 3251 5708 ὡς
3320 5644 3416 5697 καὶ
3459 5645 3619 5715 ὑμεῖς
3648 5663 3792 5716 παρ-

2198 5732 2459 5803 ηγάγετε,
2494 5735 2812 5807 ὁμώνυμον·
2848 5740 2906 5792 ὲν
2961 5737 3017 5791 δὲ
3066 5739 3179 5802 τοῖς
3233 5737 3547 5809 ὁμωνύμοις
3594 5738 3658 5791 τὸ
3688 5739 3790 5809 μὲν

2203 5827 2407 5896 μᾶλλον
2438 5825 2598 5895 εἶναι,
2623 5832 2683 5883 τὸ
2713 5830 2769 5883 δέ
2813 5847 2866 5883 τι
2915 5832 3010 5885 καὶ
3043 5826 3226 5902 ἦττον,
3291 5833 3393 5885 οὐκ
3442 5832 3589 5885 ἔστιν
3615 5848 3626 5864 ·
3666 5832 3790 5885 οὐδὲ

1860 6418 2539 6426 Ἦ
