4116 6458
401 406 537 493 1673

1337 424 1738 486 ADVERSUS
1772 425 2325 488 NESTORIANOS.
2351 408 2422 462 -έ
2443 426 2591 487 LIB.
2633 426 2732 489 1V.

3522 426 3659 494 1674

393 540 457 594 τὸ
490 537 710 611 πρῶτον
759 538 857 591 καὶ
920 536 1196 606 δεύτερον,
1244 528 1291 590 ὦ
1350 534 1672 605 λογιώτατοι
1697 554 1711 569 ’
1780 537 1977 591 οὐκοῦν

2083 553 2260 609 neque
2285 538 2525 609 primum
2556 539 2643 595 vel
2666 536 2990 605 secundum,
3023 552 3059 594 o
3087 539 3528 597 ratiocinatores.
3550 543 3662 614 Igi—

392 631 616 701 ἀληθεῖς
640 631 743 702 μὲν
775 630 951 684 πᾶσαι
980 628 1039 681 αἱ
1073 630 1382 699 γεννήσεις,
1406 627 1525 681 ἀλλ’
1554 629 1658 683 οὐκ
1677 630 1969 702 ἐμφερεῖςο

388 726 474 778 ὅτι
506 722 602 777 οὖν
629 724 729 793 τῆς
751 721 938 776 ἐνθέου
969 720 1174 794 σαρκὸς
1204 720 1233 772 ό
1263 719 1422 784 τόκος
1455 720 1552 774 καὶ
1603 720 1742 774 Θεοῦ
1774 737 1976 792 σεσαρ-

389 815 639 885 κωμένου
673 813 795 867 ἐστὶ
838 814 1024 879 τόκος,
1070 812 1422 884 ὡμολόγηται
1446 826 1462 843 ο
1492 811 1611 865 ἀλλ’
1658 812 1737 877 ὡς
1768 811 1973 882 πρέπει

386 912 657 983 ἐκατέρῳ.
689 908 832 966 Ούτε
854 911 965 982 γὰρ
994 909 1131 982 σάρξ
1158 908 1285 964 οὔτε
1317 909 1478 973 τόκος
1505 908 1802 963 ἀλλοιῶσαι
1832 907 1972 961 Θεοῦ

386 1004 550 1072 φύσιν
578 1003 855 1059 δύνανται.
892 1000 1218 1055 Τούναντίον
1247 1000 1347 1072 μὲν
1374 995 1467 1054 οὗν
1492 1000 1626 1065 Θεὸς
1647 1001 1745 1055 καὶ
1770 1000 1973 1072 σαρκὸς

386 1094 572 1164 φύσιν,
600 1095 698 1148 καὶ
719 1095 949 1164 φυσικὸν
966 1094 1148 1157 τόκον,
1173 1093 1468 1146 ἀλλοιῶσαι
1486 1092 1629 1148 κατά
1654 1094 1783 1157 τοὺς
1811 1094 1975 1165 ὅρους

385 1186 483 1239 καὶ
510 1186 743 1256 καιροὺς
768 1185 864 1239 καὶ
883 1186 1122 1256 τρόπους
1138 1184 1240 1254 τῆς
1267 1184 1436 1239 αὑτοῦ
1465 1184 1782 1255 οἰκονομίας
1805 1184 1971 1254 ἡνίκα

362 1275 456 1331 ’ἂν
494 1275 691 1339 ὲθέλοι,
714 1275 1001 1347 δεδύνηται
1023 1292 1037 1307 ο
1065 1276 1227 1340 τόκος
1259 1276 1368 1346 ἀρα
1396 1275 1532 1329 Θεοῦ
1563 1274 1663 1346 μὲν
1686 1276 1764 1339 ὡς
1809 1276 1973 1349 ἐναρ-

392 1366 628 1439 ξαμένου
676 1366 1032 1441 σαρκώσεως,
1084 1367 1289 1441 σαρκὸς
1339 1367 1399 1422 δὲ
1448 1367 1525 1432 ὡς
1589 1365 1974 1440 ὲναρξαμένης

391 1458 704 1531 ὑπάρξεως.

992 1572 1247 1628 ΚΕΦΑΔ.
1276 1574 1377 1629 I‘B'.

459 1660 524 1718 Εί
551 1663 621 1717 τά
644 1662 901 1718 τίκτοντα
929 1663 1067 1735 πρὸς
1092 1665 1161 1719 τά
1187 1665 1443 1719 τίκτοντα
1471 1664 1593 1718 κατ’
1620 1663 1812 1719 οὐσίαν
1830 1682 1975 1737 παρ-

388 1752 675 1815 αλλάττει.
734 1754 833 1807 καὶ
900 1753 969 1809 τά
1025 1754 1325 1826 τικτόμενα
1374 1754 1512 1827 πρὸς
1556 1753 1623 1808 τά
1674 1756 1974 1825 τικτόμενα

390 1846 609 1916 ἀνάγκη
659 1847 809 1899 πᾶσα
868 1847 990 1900 κατ’
1048 1847 1238 1901 οὐσίαν
1304 1847 1715 1919 παραλλάττειν
1743 1863 1757 1879 ·
1800 1849 1898 1902 καὶ⁴
1926 1848 1974 1901 εί
2004 1887 2052 1947 Β

391 1937 571 2002 τοῦτο,
599 1937 718 2001 πῶς
747 1936 840 1991 τοῦ
866 1938 1083 2008 Πατρδς
1109 1938 1321 2008 καὶτῆς
1341 1937 1620 2009 Παρθένου
1637 1940 1760 1991 κατ’
1789 1936 1977 1992 οὐσίαν

393 2026 909 2098 παραλλαττόντων,
943 2028 1004 2080 οὐ
1049 2026 1453 2100 παραλλάττειν
1478 2029 1693 2100 ἀνάγκη
1725 2029 1816 2084 τὸν
1846 2028 1979 2082 Θεὸν

389 2120 566 2188 Λόγον
596 2119 761 2173 αὐτὸν
794 2119 995 2173 ἑαυτοῦ
1045 2122 1168 2174 κατ’
1192 2120 1405 2188 οὐσίαν,
1441 2122 1771 2192 ἀμφοτέρων
1796 2120 1976 2189 ὑπάρ-

392 2227 557 2280 χοντα
588 2210 731 2263 κατά
760 2209 1024 2280 ἀλήθειαν
1050 2211 1216 2278 Υίόν;
1246 2212 1321 2266 Τὸ
1347 2212 1405 2266 δὲ
1435 2213 1598 2266 αὐτὸν
1632 2211 1830 2265 ἑαυτοῦ
1854 2212 1978 2265 κατ’

388 2301 583 2355 οὐσίαν
617 2301 1019 2371 παραλλάττειν
1060 2302 1243 2371 λέγειν
1296 2304 1390 2357 τὸν
1451 2304 1633 2374 πάσης
1677 2303 1980 2374 ἁπλότητος

390 2380 678 2453 ἐπέκεινα,
720 2393 903 2463 πάσης
951 2393 1265 2458 ἐπιστάσεώς
1320 2396 1438 2448 ὲστι
1468 2395 1750 2450 ἐπέκεινα.
1818 2394 1981 2449 Ἀλλά

394 2484 538 2549 πῶς,
570 2478 615 2539 ὦ
655 2478 823 2549 οὗτοι,
856 2484 935 2556 τῷ
980 2486 1200 2557 φέροντι
1248 2486 1351 2557 ἥδη
1380 2487 1441 2541 τὸ
1478 2485 1672 2541 δοκοῦν
1704 2486 1983 2556 ἀποφθέγ-

392 2574 557 2642 γεσθε
580 2591 595 2640 ;
627 2572 722 2628 καὶ
748 2573 859 2645 γὰρ
882 2575 1073 2645 ἰχθύας
1102 2592 1162 2628 τε
1190 2577 1287 2628 καὶ
1313 2575 1477 2647 ἕτερα
1501 2576 1618 2641 ζῶα
1640 2577 1735 2631 καὶ
1759 2575 1983 2630 πετεινά

393 2662 491 2715 καὶ
505 2662 716 2734 ἑρπετά
752 2680 873 2717 τινα
900 2665 967 2717 ὲκ
989 2663 1089 2734 τῆς
1104 2663 1349 2736 ἀλλήλων
1366 2665 1654 2728 συνουσίας
1675 2705 1693 2731 ,
1722 2665 1986 2728 ὡσαύτως

388 2754 453 2808 δὲ
475 2756 568 2809 καὶ
604 2755 664 2819 ἐξ
682 2754 895 2809 ὑδάτων
923 2756 1208 2824 αὐτοφυῶς
1227 2756 1321 2810 καὶ
1365 2757 1429 2809 ὲκ
1445 2757 1550 2827 γῆς
1589 2759 1682 2811 καὶ
1717 2756 1778 2821 ἐξ
1822 2757 1985 2827 ἀέρος

394 2842 661 2925 τίκτεται·
682 2845 779 2898 καὶ
795 2844 945 2915 ὅμως
966 2845 1130 2915 ὅμοιά
1150 2845 1256 2898 εἰσι
1278 2845 1379 2916 τὴν
1404 2845 1594 2899 οὐσίαν
1610 2844 1981 2916 διαφερόντων

395 2935 556 3005 φύσει
572 2936 679 2990 τῶν
712 2936 1001 2991 τεκόντων’
1026 2938 1089 2990 οὐ
1116 2938 1225 3009 γὰρ
1242 2938 1438 2992 ταυτὸν
1454 2936 1769 3003 οὐσίαζὼου
1789 2954 1852 2992 τε
1879 2937 1979 2990 καὶ

396 3028 589 3092 ὕδατος
617 3028 714 3083 καὶ
746 3029 852 3100 γῆς
875 3046 891 3062 ο
925 3028 1078 3100 ίχθύς
1123 3029 1182 3082 δὲ
1228 3029 1259 3089 ὅ,
1287 3047 1346 3083 τε
1397 3028 1458 3093 ἐξ
1505 3027 1720 3093 ὕδατος,
1757 3027 1854 3082 καὶ
1875 3029 1903 3081 ό
1925 3026 1986 3092 ἐξ

397 3121 584 3192 ίχθύος
604 3120 965 3192 γεννώμενοςο
986 3120 1250 3185 ὡσαύτως
1270 3121 1367 3174 καὶ
1384 3120 1697 3191 ἀδιαφόρως
1714 3119 1810 3173 xal
1825 3119 1982 3188 ὄφεις

2079 640 2170 685 tur
2201 645 2347 685 verae
2376 630 2603 701 quidem
2629 638 2759 685 sunt
2786 643 2978 685 omnes
3003 630 3406 701 generationes,
3432 631 3529 688 sed
3548 649 3661 688 non

2077 720 2439 777 consimiles:
2472 722 2549 777 ita
2593 731 2657 778 ut
2698 722 2899 777 divinae
2945 723 3126 777 carnis
3168 733 3388 793 partum
3435 738 3559 779 esse
3605 734 3665 780 et

2075 821 2297 882 partum
2323 814 2423 869 Dei
2452 814 2724 869 incarnati
2762 815 3109 881 admittatur,
3138 814 3233 870 sed
3274 815 3419 870 sicut
3444 824 3663 870 utrum-

2076 919 2185 975 que
2226 906 2385 961 decet
2411 923 2425 959 :
2451 922 2631 976 neque
2659 906 2809 961 enim
2853 922 2982 961 caro
3011 922 3191 976 neque
3220 914 3413 976 partus
3444 915 3663 961 mutare

2076 1008 2311 1068 possunt
2354 998 2452 1054 Dei
2500 1008 2777 1053 naturam.
2826 998 2870 1053 E
2925 1006 3117 1053 contra
3169 1006 3357 1052 autem
3410 998 3557 1052 Deus
3603 1005 3661 1051 ct

2078 1090 2266 1145 carnis
2288 1098 2543 1143 naturam
2572 1098 2629 1145 et
2650 1090 2958 1145 naturalem
2987 1096 3201 1159 partum
3229 1098 3442 1143 mutare
3465 1102 3667 1142 secun-

2078 1179 2212 1235 dum
2260 1180 2529 1235 terminos
2573 1189 2629 1235 et
2671 1189 2922 1251 tempora
2965 1190 3021 1235 et
3053 1179 3246 1234 modos
3284 1177 3664 1248 dispositionis

2075 1270 2218 1341 ejus,
2263 1284 2389 1325 cum
2435 1270 2694 1335 voluerit,
2744 1270 2943 1340 potuit.
2996 1269 3167 1340 Igitur
3200 1277 3393 1340 partus
3438 1267 3663 1338 quidem

2076 1362 2176 1417 Dei
2203 1369 2462 1431 tanquam
2490 1361 2803 1416 inchoantis
2835 1361 3310 1428 incarnationem;
3343 1368 3537 1432 partus
3567 1376 3666 1415 au-

1973 1520 1979 1527 .
2077 1460 2189 1508 tem
2214 1452 2398 1508 carnis
2427 1452 2739 1509 inchoantis
2766 1452 3166 1508 exsistentiam.

2699 1562 2855 1620 CAP.
2896 1564 3015 1619 XII.

2150 1653 2208 1709 Si
2234 1654 2513 1727 gignentia
2542 1655 2772 1711 relative
2805 1655 2874 1710 ad
2898 1656 3175 1728 gignentia
3206 1660 3513 1716 secundum
3538 1662 3669 1718 sub-

2078 1747 2337 1801 stantiam
2372 1745 2662 1812 dili‘erunt,
2695 1746 2922 1802 omnino
2950 1763 3177 1803 necesse
3208 1759 3295 1805 est
3325 1765 3551 1822 quoque
3573 1770 3668 1824 ge-

2079 1836 2198 1891 nita
2226 1836 2454 1892 relative
2500 1836 2571 1891 ad
2603 1836 2788 1908 genita
2819 1837 3126 1894 secundum
3164 1843 3525 1897 substantiam
3557 1844 3666 1899 dif-

2080 1929 2248 1984 ferre.
2295 1928 2463 1999 Atqui
2502 1929 2549 1984 si
2582 1930 2658 1985 ita
2687 1939 2795 1996 est,
2834 1931 3114 2001 quomodo
3159 1932 3320 1990 Patre
3354 1944 3411 1990 et
3444 1935 3670 2008 Virgine

2078 2021 2386 2076 secundum
2445 2021 2812 2078 substantiam
2837 2019 3248 2091 ditl'erentibus,
3272 2043 3383 2082 non
3415 2044 3672 2084 necessa-

2083 2113 2167 2167 rio
2212 2114 2462 2169 dill‘erret
2495 2129 2527 2169 a
2574 2115 2758 2185 seipso
2785 2116 3095 2171 secundum
3133 2118 3498 2174 substantiam
3526 2121 3673 2175 Deus

2082 2205 2327 2260 Verbum
2354 2246 2369 2271 ,
2425 2221 2552 2260 cum
2598 2207 2670 2262 sit
2707 2207 2996 2278 utriusque
3042 2224 3210 2265 verus
3243 2211 3429 2266 Filius.
3478 2211 3673 2266 Dicere

2081 2304 2265 2349 autem
2295 2295 2449 2350 illum
2475 2311 2505 2350 a
2532 2296 2715 2367 seipso
2745 2298 2993 2365 diﬂ‘erre,
3027 2300 3123 2369 qui
3154 2309 3239 2355 est
3276 2302 3421 2356 ultra
3446 2318 3671 2358 omnem

2083 2386 2516 2456 simplicitatem,
2546 2387 2679 2442 illud
2698 2396 2782 2443 est
2803 2390 2951 2444 ultra
2979 2405 3201 2446 omnem
3221 2390 3577 2447 dementiam.
3602 2421 3673 2432 -—

2086 2477 2216 2543 Sed,
2234 2492 2267 2532 ο
2285 2494 2405 2544 vos,
2427 2480 2702 2549 quomodo
2721 2480 2790 2535 ad
2814 2481 3106 2537 utilitatem
3126 2492 3370 2538 vestrum
3411 2480 3673 2552 placitum

2085 2567 2386 2637 profertis?
2409 2568 2545 2623 Nam
2577 2569 2866 2639 piscesque
2889 2579 2946 2626 et
2972 2570 3081 2627 alia
3106 2572 3385 2636 animalia,
3407 2572 3673 2637 volatilia,
3732 2576 3749 2590 ⁹

2091 2665 2149 2711 et
2173 2656 2413 2726 reptilia,
2447 2657 2693 2727 quadam
2724 2658 3026 2728 gignuntur
3049 2676 3115 2716 ex
3139 2673 3333 2717 mutuo
3360 2664 3546 2730 coitu;
3578 2664 3676 2719 sed

2086 2756 2216 2801 sunt
2245 2747 2453 2817 pariter
2478 2762 2601 2816 quae
2633 2756 2827 2817 sponte
2857 2764 2925 2803 ex
2947 2750 3128 2819 aquis,
3161 2764 3217 2807 et
3245 2768 3310 2807 ex
3333 2761 3500 2821 terra,
3529 2762 3585 2809 et
3610 2769 3675 2809 ex

2085 2852 2214 2892 aere
2243 2838 2580 2908 gignuntur;
2640 2847 2695 2893 et
2728 2847 2907 2895 tamen
2940 2841 3142 2896 similia
3176 2853 3307 2898 sunt
3333 2843 3516 2913 quoad
3542 2845 3676 2898 sub-

2087 2929 2367 2993 stantiam,
2398 2929 2528 2985 licet
2552 2939 2747 2985 natura
2775 2930 3032 2986 dilferant
3051 2933 3499 3002 gignentes."Non
3526 2935 3675 2990 enim

2087 3019 2221 3089 quid
2270 3020 2417 3076 idem
2458 3028 2542 3075 est
2591 3021 2901 3076 substantia
2939 3022 3226 3091 animalis,
3271 3034 3328 3080 et
3368 3027 3678 3083 substantia

2087 3125 2244 3180 aqua:
2271 3119 2328 3166 et
2351 3118 2533 3166 terrae.
2572 3111 2747 3166 Piscis
2769 3121 2951 3168 autem
2983 3112 3126 3168 alius
3154 3128 3223 3168 ex
3248 3129 3411 3184 aqua,
3440 3116 3584 3171 alius
3608 3132 3679 3173 ex

396 3215 493 3266 καὶ
516 3212 681 3283 ἕτερα
712 3213 945 3268 πλεῖστα
971 3212 1218 3268 τοιαῦτα.
1253 3212 1532 3283 Δευτέρως
1551 3211 1608 3265 δὲ
1640 3212 1977 3283 ἀντιστροφῇ

2089 3202 2240 3274 pisce
2267 3210 2585 3274 generatus.
2616 3203 2833 3260 Pariter
2855 3213 2913 3260 et
2941 3205 3060 3260 sine
3099 3204 3413 3261 dill‘erentia
3446 3222 3673 3278 serpen-

395 3305 458 3359 τὸ
488 3305 754 3378 ὑμέτερον
787 3306 1169 3378 βασανίσωμεν
1198 3306 1344 3377 θέμα
1366 3321 1382 3336 ο
1414 3306 1464 3359 εἰ
1506 3306 1617 3377 γάρ
1648 3305 1717 3360 τά
1753 3304 1982 3377 διάφορα

2092 3304 2177 3351 tes
2226 3304 2283 3351 et
2332 3295 2441 3351 alia
2490 3295 2662 3351 multa
2705 3296 2928 3351 similia.
2973 3295 3234 3352 Secundo
3282 3308 3472 3354 autem
3502 3308 3682 3355 retor-

395 3400 465 3470 τῇ
497 3398 659 3466 φύσει
685 3439 700 3465 ,
731 3398 967 3469 διάφορα
993 3398 1203 3453 τίκτειν
1236 3397 1475 3467 ἀνάγκη,
1510 3398 1609 3451 καί
1641 3396 1710 3451 τά
1760 3396 1982 3465 ἀδιάφο-

2093 3389 2315 3460 quendo
2380 3388 2733 3459 experiamur
2790 3396 3034 3443 vestram
3100 3389 3555 3459 propositionem.
3621 3390 3681 3447 Si

399 3505 471 3559 ρα
498 3491 565 3561 τῇ
598 3488 779 3559 φύσει,
809 3488 1083 3560 ἀδιάφορα
1118 3490 1325 3543 τίκτειν
1347 3488 1562 3559 ἀνάγκη
1582 3503 1598 3519 ·
1627 3487 1752 3541 ἐπεὶ
1781 3482 1877 3541 οὖν
1906 3481 1982 3552 εἷς

2093 3484 2242 3539 enim
2270 3498 2393 3554 quae
2415 3481 2684 3538 dill'erunt
2710 3489 2909 3536 natura
2945 3482 3261 3537 necessario
3302 3483 3535 3554 gignunt
3561 3483 3682 3539 dis-

399 3582 497 3635 καὶ
523 3581 585 3634 οὐ
617 3581 859 3646 πλείους,
907 3581 942 3653 ἢ
970 3581 1223 3653 διάφοροι
1253 3579 1442 3644 ἁπλῶς
1469 3580 1636 3650 ἥλιοι,
1669 3574 1826 3643 οὗτος
1848 3578 1905 3633 δὲ
1934 3579 1982 3631 ὲκ

2097 3570 2320 3637 similia,
2356 3587 2387 3626 a
2434 3570 2551 3642 pari
2585 3586 2708 3640 quae
2751 3585 2866 3626 non
2912 3570 3180 3627 diﬂ‘erunt
3216 3581 3413 3629 natura
3456 3589 3683 3631 necesse

399 3672 524 3743 ἀέρι
553 3672 691 3741 φῶς,
723 3675 779 3727 ὲν
804 3673 958 3728 ὕδατι
987 3673 1044 3729 δὲ
1073 3672 1212 3737 ζῶα,
1250 3673 1310 3725 ὲν
1338 3672 1395 3726 δὲ
1420 3674 1493 3744 γῇ
1518 3671 1657 3735 πόας
1674 3671 1771 3725 καὶ
1787 3670 1982 3733 ταύτας

2098 3671 2183 3718 est
2220 3678 2324 3718 nec
2351 3662 2643 3719 dissimilia
2676 3663 2926 3734 gignere.
2966 3663 3142 3735 Igitur
3174 3679 3300 3721 cum
3326 3681 3473 3721 unus
3502 3666 3574 3722 sit
3598 3669 3680 3722 sol

399 3762 689 3835 διαφόρους
700 3764 850 3819 τίκτε
858 3760 936 3830 ι,ἇ
943 3783 1011 3829 ρα
1024 3762 1242 3820 πάντων
1252 3762 1546 3833 ἀδιάφορον
1568 3764 1699 3835 ἡμῖν
1714 3761 1982 3833 νομιστέοι

2097 3764 2155 3812 et
2181 3770 2295 3811 non
2339 3756 2531 3826 plures
2572 3755 2688 3811 sive
2732 3754 3057 3813 differentes
3098 3757 3264 3823 soles,
3301 3757 3350 3814 is
3388 3766 3573 3814 autem
3622 3760 3681 3814 in

399 3852 500 3925 τὴν
528 3855 758 3921 οὐσίαν;
802 3854 916 3909 ἀλλ’
938 3856 1115 3920 οὐδεὶς
1153 3856 1283 3926 ὑμῖν
1306 3854 1435 3907 τάδε
1471 3853 1905 3923 συμφθέγξεται.

2100 3862 2230 3903 aere
2278 3849 2487 3915 lumen,
2543 3848 2601 3903 in
2656 3863 2799 3919 aqua
2851 3847 3133 3916 animalia,
3185 3849 3244 3904 in
3288 3858 3436 3906 terra
3463 3852 3680 3920 plantas

396 3958 609 4014 easque
662 3944 983 4000 differentes
1024 3944 1242 4016 gignat,
1311 3944 1477 4015 igitur
1526 3942 1775 3999 omnium
1820 3940 1984 3997 nobis
2021 3938 2362 3995 censendum
2394 3946 2480 3994 est
2544 3954 2657 3994 non
2722 3938 3070 3997 dill‘erentem
3111 3956 3234 3997 esse
3285 3945 3680 4001 substantiam.

400 4038 654 4093 Atnemo
685 4037 842 4093 vobis
863 4038 931 4093 de
960 4037 1047 4092 his
1079 4037 1408 4093 consentiet.

473 4134 620 4205 Πλὴν
648 4133 791 4187 ἔστω
835 4133 930 4187 καὶ
967 4132 1094 4187 τάδε
1131 4132 1262 4203 ὑμῖν
1291 4129 1764 4202 συγκεχωρημένα
1784 4143 1802 4161 ⁸
1828 4126 1982 4183 τοῦτο

2160 4125 2268 4181 Sed
2309 4135 2429 4182 esto
2472 4127 2639 4183 etiam
2668 4128 2828 4185 vobis
2882 4128 2999 4186 haec
3037 4133 3291 4189 concedi.
3336 4133 3455 4191 Hoc
3489 4146 3678 4193 autem

398 4225 464 4299 62-;
483 4225 634 4294 ὅμως
668 4223 905 4289 δείξατε,
930 4223 1007 4286 ὡς
1032 4223 1293 4287 πολλάκις
1324 4222 1565 4294 εἴρηται,
1604 4221 1657 4274 τί
1689 4220 1750 4275 τὸ
1778 4218 1982 4274 κωλύον

2088 4223 2273 4270 tamen
2294 4216 2591 4283 ostendite,
2617 4218 2760 4272 sicut
2785 4220 3087 4291 saepissime
3113 4221 3324 4279 dictum
3349 4234 3456 4291 est,
3475 4243 3678 4298 nempe

405 4317 483 4388 μὴ
514 4312 656 4370 εἶναι
682 4316 776 4370 τὸν
809 4314 973 4370 αὐτὸν
1021 4315 1302 4387 ἑκατέρων
1328 4316 1466 4367 υίόψ
1497 4313 1593 4368 καὶ
1613 4313 1662 4365 εἰ
1690 4312 1761 4365 τὰ
1780 4312 1982 4366 τίκτον-

2086 4306 2221 4377 quid
2273 4306 2538 4376 impediat
2570 4309 2705 4379 quin
2742 4310 2887 4368 idem
2918 4312 2991 4368 sit
3020 4312 3258 4370 duorum
3285 4316 3432 4373 ﬁlius
3461 4336 3476 4374 :
3511 4329 3590 4386 et,
3629 4322 3678 4377 si

399 4426 471 4461 τα
513 4407 634 4462 κατ’
694 4408 884 4462 οὐσίαν
935 4408 1333 4480 παραλλάττει,
1382 4407 1476 4461 τὸν
1533 4405 1659 4459 καθ’
1723 4405 1982 4476 ἑκατέραν

2089 4396 2369 4467 gignentia
2397 4397 2664 4454 differunt
2693 4402 2873 4471 quoad
2918 4402 3309 4471 substantiam,
3342 4408 3562 4479 genitus
3586 4426 3678 4466 se-

399 4501 658 4571 γέννησιν
692 4500 752 4565 ἐξ
775 4500 973 4572 ἐτέρας
1000 4500 1195 4564 οὐσίας
1247 4498 1592 4570 τικτόμενον,
1617 4497 1669 4552 τί
1705 4496 1982 4569 ὲμποδίσει

2090 4488 2335 4542 cundum
2379 4497 2673 4561 utramque
2726 4495 3139 4563 generationem
3171 4513 3240 4552 ex
3274 4514 3382 4554 una
3415 4501 3679 4557 substan—

396 4591 477 4653 ὡς
505 4591 564 4655 ἐξ
594 4589 789 4660 ἑτέρας
847 4588 1039 4654 οὐσίας
1099 4589 1494 4661 προτεχθέντα,
1529 4589 1587 4642 ὲν
1632 4589 1700 4658 τῇ
1755 4585 1982 4658 δευτέρᾳ

2092 4582 2184 4647 tia,
2218 4582 2353 4653 quid
2398 4583 2663 4654 impediet
2710 4586 2868 4656 quin,
2908 4596 3173 4658 tanquam
3219 4607 3289 4647 ex
3334 4593 3506 4649 altera
3549 4602 3679 4649 ante

399 4682 653 4751 γεννήσει
705 4681 960 4752 διάφορον
1006 4675 1148 4736 εῖναι
1183 4680 1323 4751 πρὸς
1360 4680 1488 4743 τοὺς
1537 4679 1802 4741 τεκόντας
1843 4679 1982 4731 κατά

2085 4677 2328 4748 genitus,
2359 4676 2417 4732 in
2452 4678 2692 4734 secunda
2721 4682 3081 4750 generatione
3106 4684 3332 4741 dill'erat
3354 4688 3582 4744 relative
3608 4690 3677 4743 ad

397 4771 497 4844 τὴν
527 4771 753 4843 πρώτην
779 4771 1056 4842 γέννησιν,
1080 4772 1176 4825 καὶ
1201 4774 1266 4825 ὲκ
1293 4770 1389 4825 τοῦ
1412 4771 1534 4824 ὅλου
1566 4768 1762 4823 ἑαυτοῦ
1795 4768 1982 4837 διαφό-

2085 4786 2183 4826 eos
2235 4771 2327 4841 qui
2376 4779 2685 4842 genuerant
2727 4774 3034 4829 secundum
3076 4777 3312 4846 primam
3360 4782 3678 4849 generatio-

400 4881 529 4935 pou;
558 4864 705 4935 ἔχειν
756 4863 951 4933 λόγους
998 4864 1138 4937 πρὸς
1182 4863 1446 4934 ἑκάτερον
1470 4862 1581 4915 τῶν
1609 4860 1914 4935 τεκόντωνς
1951 4858 1985 4929 ἢ

395 4955 474 5018 ὡς
508 4953 583 5025 μὴ
615 4953 938 5024 σωζομένης
966 4953 1068 5023 τῆς
1121 4954 1349 5026 πρώτης
1408 4953 1600 5015 οὐσίας
1637 4952 1731 5005 ἐπὶ
1760 4953 1827 5023 τῇ
1860 4951 1987 5004 δευ-

397 5045 536 5116 τέρᾳ
563 5046 840 5116 γεννήσει,
874 5044 908 5115 ἢ
948 5043 1026 5108 ὡς
1065 5045 1142 5116 μὴ
1163 5043 1562 5115 ἐπιγινομένου
1609 5041 1753 5106 τινὸς
1780 5057 1987 5113 προγε-

398 5136 709 5208 γεννημένη
737 5136 1033 5190 ὑποστάσει
1057 5151 1073 5167 °
1105 5135 1252 5189 οὕτω
1275 5135 1385 5207 γὰρ
1408 5134 1474 5189 ἂν
1495 5133 1671 5196 οὐδεὶς
1699 5132 1809 5188 τῶν
1844 5134 1988 5186 κατά

400 5227 620 5300 πνεῦμα
642 5229 1086 5298 γεγεννημένων.
1132 5227 1319 5298 ἔμεινε
1374 5226 1514 5297 σάρξ
1540 5226 1815 5292 ὁπωσοῦν,
1858 5225 1985 5279 ἐπεὶ

404 5339 425 5372 ‹
463 5322 536 5374 Τὸ
564 5320 967 5391 γεγεννημένον
1008 5319 1072 5373 ὲκ
1099 5320 1200 5390 τῆς
1251 5318 1483 5389 σαρκὸς,
1513 5317 1649 5391 σάρξ
1677 5318 1814 5383 ἐστι,
1846 5317 1908 5371 τὸ
1931 5316 1990 5370 δὲ

400 5412 801 5482 γεγεννημένον
843 5412 908 5465 ἐκ
938 5410 1036 5464 τοῦ
1072 5410 1385 5480 πνεύματος
1417 5408 1639 5480 πνεῦμά
1662 5410 1832 5462 ἐστιν.
1862 5425 1882 5460 ι
1924 5407 1990 5461 El

397 5504 456 5557 δὲ
486 5504 586 5575 τὴν
617 5505 912 5574 ἐπίκτησιν
962 5502 1073 5557 τῶν
1122 5503 1187 5556 ἐκ
1234 5503 1333 5572 τῆς
1363 5502 1628 5572 δευτέρας
1669 5502 1981 5572 γεννήσεως

398 5592 858 5665 προσληφθέντων
883 5591 963 5664 τῷ
979 5593 1140 5663 Λόγῳ
1167 5591 1266 5664 τὴν
1290 5592 1481 5663 πρώην
1507 5592 1786 5661 ἁπλότητα
1814 5587 1981 5644 αὐτοῦ

397 5684 459 5737 οὐ
491 5687 796 5756 συγχωρεῖν
865 5683 1203 5757 καθορᾶσθαι
1250 5684 1525 5756 νομίζετε,
1591 5685 1858 5741 σκεπτέον
1905 5683 1983 5749 ὡς

470 5844 499 5877 V
536 5837 696 5893 Joan.
738 5854 820 5902 ιιι,
851 5838 903 5894 6.

658 5928 931 5992 ΡΑτιιοι..
970 5930 1089 5992 Gn.
1150 5929 1484 5992 LXXXVI.

2086 4875 2234 4926 nem,
2262 4870 2319 4916 et
2349 4861 2405 4916 in
2435 4869 2551 4916 toto
2581 4877 2684 4916 suo
2709 4877 2833 4917 esse
2861 4863 3186 4921 dill‘erentes
3210 4868 3413 4922 habeat
3436 4870 3679 4923 rationes

2088 4960 2318 5015 relative
2365 4960 2434 5015 ad
2483 4969 2785 5033 utrumque
2822 4961 3193 5037 gignentium,
3245 4961 3361 5015 sive
3418 4968 3679 5029 tanquam

2095 5066 2207 5106 non
2259 5060 2475 5107 servata
2519 5052 2695 5122 prima
2743 5052 3050 5107 substantia
3081 5052 3138 5106 in
3166 5049 3411 5105 secunda
3442 5066 3679 5121 genera-

2092 5137 2268 5204 tione,
2314 5139 2431 5194 sive
2487 5149 2749 5210 tanquam
2790 5155 2901 5194 non
2948 5139 3305 5209 superaddita
3353 5140 3538 5209 aliqua
3574 5140 3679 5212 by-

2090 5228 2299 5297 postasi
2340 5238 2467 5285 ante
2505 5232 2723 5301 genitae.
2783 5230 2862 5284 ita
2904 5230 3051 5284 enim
3079 5230 3295 5284 nullum
3322 5246 3517 5286 eorum
3556 5247 3680 5302 qua:

2090 5320 2394 5375 secundum
2418 5320 2674 5391 spiritum
2702 5321 2887 5391 genita
2916 5329 3047 5376 sunt
3077 5321 3342 5378 remansit
3372 5323 3486 5379 ullo
3512 5324 3679 5378 modo

2091 5425 2253 5477 caro;
2294 5411 2422 5481 quia
2459 5429 2477 5463 ι
2507 5410 2665 5477 Quod
2697 5422 2888 5467 natum
2938 5421 3021 5467 est
3052 5429 3119 5469 ex
3169 5428 3357 5479 carne,
3390 5429 3522 5469 caro
3550 5422 3676 5480 est;

2090 5504 2240 5573 quod
2262 5512 2447 5557 autem
2491 5511 2681 5557 natum
2726 5512 2814 5558 est
2844 5519 2911 5559 ex
2935 5503 3158 5574 spiritu,
3200 5504 3430 5576 spiritus
3465 5516 3550 5562 est
3572 5517 3619 5561 ν.
3651 5528 3673 5561 ι

2092 5593 2149 5647 Si
2177 5604 2358 5647 autem
2384 5591 2758 5648 accessionem
2781 5608 2973 5648 eorum
2994 5610 3117 5664 quae
3137 5610 3167 5649 a
3195 5595 3375 5650 Verbo
3400 5606 3681 5666 assumpta

2089 5690 2219 5741 sunt
2245 5682 2485 5755 priorem
2515 5684 2636 5756 ejus
2677 5684 3088 5756 simplicitatem
3118 5702 3231 5743 non
3279 5686 3464 5743 sinere
3493 5688 3682 5745 videre

3254 5935 3333 5995 53
