  <div class='ocr_page' id='page_1' title='image "/cluster/home/n/w/nwhite01/storage/ocr_20150623/86:pt.1/coo.31924054869874/845.png"; bbox 0 0 4116 6438; ppageno 0'>
   <div class='ocr_carea' id='block_1_1' title="bbox 442 406 576 473">
    <p class='ocr_par' dir='ltr' id='par_1_1' title="bbox 442 406 576 473">
     <span class='ocr_line' id='line_1_1' title="bbox 442 406 576 473; baseline 0.007 -1"><span class='ocrx_word' id='word_1_1' title='bbox 442 406 576 473; x_wconf 81' lang='grc'>1675</span> 
     </span>
    </p>
   </div>
   <div class='ocr_carea' id='block_1_2' title="bbox 1696 399 2462 469">
    <p class='ocr_par' dir='ltr' id='par_1_2' title="bbox 1696 399 2462 469">
     <span class='ocr_line' id='line_1_2' title="bbox 1696 399 2462 469; baseline -0.01 -1"><span class='ocrx_word' id='word_1_2' title='bbox 1696 404 2006 469; x_wconf 84' lang='lat' dir='ltr'><strong>LEONTII</strong></span> <span class='ocrx_word' id='word_1_3' title='bbox 2052 399 2462 465; x_wconf 81' lang='lat' dir='ltr'><strong>BYZANTINI</strong></span> 
     </span>
    </p>
   </div>
   <div class='ocr_carea' id='block_1_3' title="bbox 3574 394 3712 461">
    <p class='ocr_par' dir='ltr' id='par_1_3' title="bbox 3574 394 3712 461">
     <span class='ocr_line' id='line_1_3' title="bbox 3574 394 3712 461; baseline -0.007 0"><span class='ocrx_word' id='word_1_4' title='bbox 3574 394 3712 461; x_wconf 83' lang='lat'><strong>1676</strong></span> 
     </span>
    </p>
   </div>
   <div class='ocr_carea' id='block_1_4' title="bbox 429 508 2048 590">
    <p class='ocr_par' dir='ltr' id='par_1_4' title="bbox 429 517 2029 590">
     <span class='ocr_line' id='line_1_4' title="bbox 429 517 2029 590; baseline -0.007 -9"><span class='ocrx_word' id='word_1_5' title='bbox 429 525 695 590; x_wconf 87' lang='lat' dir='ltr'><strong>censetis,</strong></span> <span class='ocrx_word' id='word_1_6' title='bbox 725 522 1121 579; x_wconf 78' lang='lat' dir='ltr'><strong>attendendum</strong></span> <span class='ocrx_word' id='word_1_7' title='bbox 1154 531 1238 578; x_wconf 90' lang='lat' dir='ltr'><strong>est</strong></span> <span class='ocrx_word' id='word_1_8' title='bbox 1259 530 1319 577; x_wconf 92' lang='lat' dir='ltr'><strong>ut</strong></span> <span class='ocrx_word' id='word_1_9' title='bbox 1337 520 1482 575; x_wconf 90' lang='lat' dir='ltr'><strong>hanc</strong></span> <span class='ocrx_word' id='word_1_10' title='bbox 1501 518 1876 575; x_wconf 79' lang='lat' dir='ltr'><strong>dilIerentiam</strong></span> <span class='ocrx_word' id='word_1_11' title='bbox 1903 517 2029 571; x_wconf 87' lang='lat' dir='ltr'><strong>sub-</strong></span> 
     </span>
    </p>
   </div>
   <div class='ocr_carea' id='block_1_5' title="bbox 2152 508 3717 590">
    <p class='ocr_par' dir='ltr' id='par_1_5' title="bbox 2152 508 3717 585">
     <span class='ocr_line' id='line_1_5' title="bbox 2152 508 3717 585; baseline -0.004 -18"><span class='ocrx_word' id='word_1_12' title='bbox 2152 515 2230 585; x_wconf 77' lang='grc' dir='ltr'><strong>ςὴν</strong></span> <span class='ocrx_word' id='word_1_13' title='bbox 2258 511 2621 583; x_wconf 77' lang='grc' dir='ltr'>παραλλαγήν</span> <span class='ocrx_word' id='word_1_14' title='bbox 2673 510 2833 581; x_wconf 81' lang='grc' dir='ltr'><strong>τήνδε</strong></span> <span class='ocrx_word' id='word_1_15' title='bbox 2886 512 2984 583; x_wconf 83' lang='grc' dir='ltr'><strong>τῆς</strong></span> <span class='ocrx_word' id='word_1_16' title='bbox 3037 509 3227 574; x_wconf 89' lang='grc' dir='ltr'>οὐσίας</span> <span class='ocrx_word' id='word_1_17' title='bbox 3264 509 3367 563; x_wconf 86' lang='grc' dir='ltr'><strong>οὐκ</strong></span> <span class='ocrx_word' id='word_1_18' title='bbox 3422 508 3575 574; x_wconf 75' lang='grc' dir='ltr'>ἐντὸς</span> <span class='ocrx_word' id='word_1_19' title='bbox 3610 509 3717 580; x_wconf 81' lang='grc' dir='ltr'><strong>τῆς</strong></span> 
     </span>
    </p>
   </div>
   <div class='ocr_carea' id='block_1_6' title="bbox 429 610 2027 691">
    <p class='ocr_par' dir='ltr' id='par_1_6' title="bbox 429 610 2027 691">
     <span class='ocr_line' id='line_1_6' title="bbox 429 610 2027 691; baseline -0.006 -15"><span class='ocrx_word' id='word_1_20' title='bbox 429 623 647 677; x_wconf 65' lang='lat' dir='ltr'><strong>stantia</strong></span> <span class='ocrx_word' id='word_1_21' title='bbox 667 638 775 675; x_wconf 91' lang='lat' dir='ltr'><strong>non</strong></span> <span class='ocrx_word' id='word_1_22' title='bbox 796 621 937 676; x_wconf 91' lang='lat' dir='ltr'><strong>intra</strong></span> <span class='ocrx_word' id='word_1_23' title='bbox 956 619 1235 691; x_wconf 80' lang='lat' dir='ltr'><strong>physicam</strong></span> <span class='ocrx_word' id='word_1_24' title='bbox 1250 620 1423 689; x_wconf 87' lang='lat' dir='ltr'><strong>ipsam</strong></span> <span class='ocrx_word' id='word_1_25' title='bbox 1440 614 1848 686; x_wconf 90' lang='lat' dir='ltr'><strong>simplicitatem</strong></span> <span class='ocrx_word' id='word_1_26' title='bbox 1867 610 2027 666; x_wconf 87' lang='lat' dir='ltr'><strong>Verbi</strong></span> 
     </span>
    </p>
   </div>
   <div class='ocr_carea' id='block_1_7' title="bbox 430 703 2027 776">
    <p class='ocr_par' dir='ltr' id='par_1_7' title="bbox 430 703 2027 776">
     <span class='ocr_line' id='line_1_7' title="bbox 430 703 2027 776; baseline -0.006 -14"><span class='ocrx_word' id='word_1_27' title='bbox 430 708 815 768; x_wconf 88' lang='lat' dir='ltr'><strong>consideretis.</strong></span> <span class='ocrx_word' id='word_1_28' title='bbox 835 707 929 764; x_wconf 84' lang='lat' dir='ltr'><strong>sed</strong></span> <span class='ocrx_word' id='word_1_29' title='bbox 947 716 1126 772; x_wconf 81' lang='lat' dir='ltr'><strong>extra,</strong></span> <span class='ocrx_word' id='word_1_30' title='bbox 1141 722 1340 776; x_wconf 83' lang='lat' dir='ltr'><strong>nempe</strong></span> <span class='ocrx_word' id='word_1_31' title='bbox 1354 706 1409 760; x_wconf 90' lang='lat' dir='ltr'><strong>in</strong></span> <span class='ocrx_word' id='word_1_32' title='bbox 1434 703 1737 775; x_wconf 89' lang='lat' dir='ltr'><strong>composito</strong></span> <span class='ocrx_word' id='word_1_33' title='bbox 1750 714 2027 772; x_wconf 68' lang='lat' dir='ltr'><strong>personaa:</strong></span> 
     </span>
    </p>
   </div>
   <div class='ocr_carea' id='block_1_8' title="bbox 432 796 2032 868">
    <p class='ocr_par' dir='ltr' id='par_1_8' title="bbox 432 796 2032 868">
     <span class='ocr_line' id='line_1_8' title="bbox 432 796 2032 868; baseline -0.003 -17"><span class='ocrx_word' id='word_1_34' title='bbox 432 798 506 852; x_wconf 89' lang='lat' dir='ltr'><strong>ita</strong></span> <span class='ocrx_word' id='word_1_35' title='bbox 530 798 703 867; x_wconf 86' lang='lat' dir='ltr'><strong>utqui</strong></span> <span class='ocrx_word' id='word_1_36' title='bbox 737 799 871 852; x_wconf 82' lang='lat' dir='ltr'><strong>velit</strong></span> <span class='ocrx_word' id='word_1_37' title='bbox 899 798 1253 853; x_wconf 85' lang='lat' dir='ltr'><strong>considerare</strong></span> <span class='ocrx_word' id='word_1_38' title='bbox 1280 806 1553 853; x_wconf 78' lang='lat' dir='ltr'><strong>servatam</strong></span> <span class='ocrx_word' id='word_1_39' title='bbox 1574 796 1768 868; x_wconf 69' lang='lat' dir='ltr'><strong>primae</strong></span> <span class='ocrx_word' id='word_1_40' title='bbox 1796 808 2032 865; x_wconf 86' lang='lat' dir='ltr'><strong>genera-</strong></span> 
     </span>
    </p>
   </div>
   <div class='ocr_carea' id='block_1_9' title="bbox 430 886 2031 957">
    <p class='ocr_par' dir='ltr' id='par_1_9' title="bbox 430 886 2031 957">
     <span class='ocr_line' id='line_1_9' title="bbox 430 886 2031 957; baseline -0.002 -15"><span class='ocrx_word' id='word_1_41' title='bbox 430 889 600 944; x_wconf 82' lang='lat' dir='ltr'><strong>tionis</strong></span> <span class='ocrx_word' id='word_1_42' title='bbox 630 890 1054 946; x_wconf 88' lang='lat' dir='ltr'><strong>similitudinem</strong></span> <span class='ocrx_word' id='word_1_43' title='bbox 1087 891 1411 946; x_wconf 70' lang='lat' dir='ltr'><strong>substantia:</strong></span> <span class='ocrx_word' id='word_1_44' title='bbox 1441 890 1669 945; x_wconf 85' lang='lat' dir='ltr'><strong>relative</strong></span> <span class='ocrx_word' id='word_1_45' title='bbox 1697 887 1767 942; x_wconf 90' lang='lat' dir='ltr'><strong>ad</strong></span> <span class='ocrx_word' id='word_1_46' title='bbox 1797 886 2031 957; x_wconf 88' lang='lat' dir='ltr'><strong>gignen-</strong></span> 
     </span>
    </p>
   </div>
   <div class='ocr_carea' id='block_1_10' title="bbox 435 972 2034 1050">
    <p class='ocr_par' dir='ltr' id='par_1_10' title="bbox 435 972 2034 1050">
     <span class='ocr_line' id='line_1_10' title="bbox 435 972 2034 1050; baseline -0.003 -18"><span class='ocrx_word' id='word_1_47' title='bbox 435 988 569 1041; x_wconf 90' lang='lat' dir='ltr'><strong>tem,</strong></span> <span class='ocrx_word' id='word_1_48' title='bbox 592 980 747 1049; x_wconf 87' lang='lat' dir='ltr'><strong>quasi</strong></span> <span class='ocrx_word' id='word_1_49' title='bbox 774 979 827 1033; x_wconf 92' lang='lat' dir='ltr'><strong>in</strong></span> <span class='ocrx_word' id='word_1_50' title='bbox 853 989 1009 1050; x_wconf 87' lang='lat' dir='ltr'><strong>parte</strong></span> <span class='ocrx_word' id='word_1_51' title='bbox 1038 979 1207 1034; x_wconf 87' lang='lat' dir='ltr'><strong>totius</strong></span> <span class='ocrx_word' id='word_1_52' title='bbox 1222 994 1289 1034; x_wconf 79' lang='lat' dir='ltr'><strong>ex</strong></span> <span class='ocrx_word' id='word_1_53' title='bbox 1311 977 1552 1033; x_wconf 91' lang='lat' dir='ltr'><strong>secunda</strong></span> <span class='ocrx_word' id='word_1_54' title='bbox 1574 975 1930 1048; x_wconf 75' lang='lat' dir='ltr'><strong>generatione</strong></span> <span class='ocrx_word' id='word_1_55' title='bbox 1952 972 2034 1028; x_wconf 85' lang='lat' dir='ltr'><strong>vi-</strong></span> 
     </span>
    </p>
   </div>
   <div class='ocr_carea' id='block_1_11' title="bbox 430 1066 2032 1143">
    <p class='ocr_par' dir='ltr' id='par_1_11' title="bbox 430 1066 2032 1143">
     <span class='ocr_line' id='line_1_11' title="bbox 430 1066 2032 1143; baseline -0.004 -18"><span class='ocrx_word' id='word_1_56' title='bbox 430 1070 559 1127; x_wconf 86' lang='lat' dir='ltr'><strong>deat</strong></span> <span class='ocrx_word' id='word_1_57' title='bbox 585 1081 826 1142; x_wconf 86' lang='lat' dir='ltr'><strong>oportet.</strong></span> <span class='ocrx_word' id='word_1_58' title='bbox 857 1073 927 1127; x_wconf 88' lang='lat' dir='ltr'><strong>Et</strong></span> <span class='ocrx_word' id='word_1_59' title='bbox 956 1073 1078 1128; x_wconf 88' lang='lat' dir='ltr'><strong>vice</strong></span> <span class='ocrx_word' id='word_1_60' title='bbox 1122 1087 1282 1127; x_wconf 89' lang='lat' dir='ltr'><strong>versa</strong></span> <span class='ocrx_word' id='word_1_61' title='bbox 1318 1069 1602 1143; x_wconf 91' lang='lat' dir='ltr'><strong>adjunctio</strong></span> <span class='ocrx_word' id='word_1_62' title='bbox 1640 1066 1809 1123; x_wconf 81' lang='lat' dir='ltr'><strong>Verbi</strong></span> <span class='ocrx_word' id='word_1_63' title='bbox 1840 1081 1908 1121; x_wconf 83' lang='lat' dir='ltr'><strong>ex</strong></span> <span class='ocrx_word' id='word_1_64' title='bbox 1941 1080 2032 1120; x_wconf 89' lang='lat' dir='ltr'><strong>se-</strong></span> 
     </span>
    </p>
   </div>
   <div class='ocr_carea' id='block_1_12' title="bbox 433 1154 2031 1232">
    <p class='ocr_par' dir='ltr' id='par_1_12' title="bbox 433 1154 2031 1232">
     <span class='ocr_line' id='line_1_12' title="bbox 433 1154 2031 1232; baseline -0.004 -17"><span class='ocrx_word' id='word_1_65' title='bbox 433 1161 616 1216; x_wconf 90' lang='lat' dir='ltr'><strong>cunda</strong></span> <span class='ocrx_word' id='word_1_66' title='bbox 648 1162 1010 1232; x_wconf 76' lang='lat' dir='ltr'><strong>generatione</strong></span> <span class='ocrx_word' id='word_1_67' title='bbox 1043 1160 1445 1217; x_wconf 88' lang='lat' dir='ltr'><strong>consideranda</strong></span> <span class='ocrx_word' id='word_1_68' title='bbox 1466 1169 1554 1215; x_wconf 90' lang='lat' dir='ltr'><strong>est</strong></span> <span class='ocrx_word' id='word_1_69' title='bbox 1582 1158 1640 1213; x_wconf 91' lang='lat' dir='ltr'><strong>in</strong></span> <span class='ocrx_word' id='word_1_70' title='bbox 1663 1154 2031 1212; x_wconf 89' lang='lat' dir='ltr'><strong>similitudine</strong></span> 
     </span>
    </p>
   </div>
   <div class='ocr_carea' id='block_1_13' title="bbox 432 1246 2029 1324">
    <p class='ocr_par' dir='ltr' id='par_1_13' title="bbox 432 1246 2029 1324">
     <span class='ocr_line' id='line_1_13' title="bbox 432 1246 2029 1324; baseline -0.004 -17"><span class='ocrx_word' id='word_1_71' title='bbox 432 1254 676 1324; x_wconf 84' lang='lat' dir='ltr'><strong>Virginis</strong></span> <span class='ocrx_word' id='word_1_72' title='bbox 697 1254 891 1309; x_wconf 88' lang='lat' dir='ltr'><strong>matris</strong></span> <span class='ocrx_word' id='word_1_73' title='bbox 915 1255 1056 1324; x_wconf 88' lang='lat' dir='ltr'><strong>ejus,</strong></span> <span class='ocrx_word' id='word_1_74' title='bbox 1090 1252 1403 1309; x_wconf 73' lang='lat' dir='ltr'><strong>differentia</strong></span> <span class='ocrx_word' id='word_1_75' title='bbox 1430 1251 1665 1306; x_wconf 89' lang='lat' dir='ltr'><strong>duarum</strong></span> <span class='ocrx_word' id='word_1_76' title='bbox 1691 1246 2029 1304; x_wconf 85' lang='lat' dir='ltr'><strong>substantia-</strong></span> 
     </span>
    </p>
   </div>
   <div class='ocr_carea' id='block_1_14' title="bbox 453 1334 2029 1413">
    <p class='ocr_par' dir='ltr' id='par_1_14' title="bbox 453 1334 2029 1413">
     <span class='ocr_line' id='line_1_14' title="bbox 453 1334 2029 1413; baseline -0.005 -16"><span class='ocrx_word' id='word_1_77' title='bbox 453 1360 574 1398; x_wconf 86' lang='lat' dir='ltr'><strong>rum</strong></span> <span class='ocrx_word' id='word_1_78' title='bbox 601 1344 890 1413; x_wconf 86' lang='lat' dir='ltr'><strong>compositi</strong></span> <span class='ocrx_word' id='word_1_79' title='bbox 916 1343 1161 1398; x_wconf 86' lang='lat' dir='ltr'><strong>habente</strong></span> <span class='ocrx_word' id='word_1_80' title='bbox 1202 1342 1390 1397; x_wconf 85' lang='lat' dir='ltr'><strong>ambas</strong></span> <span class='ocrx_word' id='word_1_81' title='bbox 1420 1338 1813 1395; x_wconf 90' lang='lat' dir='ltr'><strong>similitudines</strong></span> <span class='ocrx_word' id='word_1_82' title='bbox 1847 1334 2029 1406; x_wconf 89' lang='lat' dir='ltr'><strong>quoad</strong></span> 
     </span>
    </p>
   </div>
   <div class='ocr_carea' id='block_1_15' title="bbox 442 1428 2027 1502">
    <p class='ocr_par' dir='ltr' id='par_1_15' title="bbox 442 1428 2027 1502">
     <span class='ocr_line' id='line_1_15' title="bbox 442 1428 2027 1502; baseline -0.008 -12"><span class='ocrx_word' id='word_1_83' title='bbox 442 1434 835 1490; x_wconf 86' lang='lat' dir='ltr'><strong>substantiam.</strong></span> <span class='ocrx_word' id='word_1_84' title='bbox 870 1434 939 1487; x_wconf 88' lang='lat' dir='ltr'><strong>Et</strong></span> <span class='ocrx_word' id='word_1_85' title='bbox 966 1434 1046 1487; x_wconf 91' lang='lat' dir='ltr'><strong>sic</strong></span> <span class='ocrx_word' id='word_1_86' title='bbox 1074 1447 1258 1502; x_wconf 90' lang='lat' dir='ltr'><strong>neque</strong></span> <span class='ocrx_word' id='word_1_87' title='bbox 1282 1431 1571 1501; x_wconf 85' lang='lat' dir='ltr'><strong>quisquam</strong></span> <span class='ocrx_word' id='word_1_88' title='bbox 1602 1428 1845 1485; x_wconf 82' lang='lat' dir='ltr'><strong>Verbum</strong></span> <span class='ocrx_word' id='word_1_89' title='bbox 1872 1438 2027 1480; x_wconf 90' lang='lat' dir='ltr'><strong>suam</strong></span> 
     </span>
    </p>
   </div>
   <div class='ocr_carea' id='block_1_16' title="bbox 441 1518 2022 1591">
    <p class='ocr_par' dir='ltr' id='par_1_16' title="bbox 441 1518 2022 1591">
     <span class='ocr_line' id='line_1_16' title="bbox 441 1518 2022 1591; baseline -0.005 -12"><span class='ocrx_word' id='word_1_90' title='bbox 441 1526 811 1580; x_wconf 86' lang='lat' dir='ltr'><strong>substantiam</strong></span> <span class='ocrx_word' id='word_1_91' title='bbox 848 1525 1149 1579; x_wconf 88' lang='lat' dir='ltr'><strong>mutavisse</strong></span> <span class='ocrx_word' id='word_1_92' title='bbox 1196 1523 1419 1587; x_wconf 83' lang='lat' dir='ltr'><strong>dixerit,</strong></span> <span class='ocrx_word' id='word_1_93' title='bbox 1447 1536 1626 1591; x_wconf 90' lang='lat' dir='ltr'><strong>neque</strong></span> <span class='ocrx_word' id='word_1_94' title='bbox 1651 1518 2022 1588; x_wconf 88' lang='lat' dir='ltr'><strong>compositum</strong></span> 
     </span>
    </p>
   </div>
   <div class='ocr_carea' id='block_1_17' title="bbox 436 1604 2024 1677">
    <p class='ocr_par' dir='ltr' id='par_1_17' title="bbox 436 1604 2024 1677">
     <span class='ocr_line' id='line_1_17' title="bbox 436 1604 2024 1677; baseline -0.007 -9"><span class='ocrx_word' id='word_1_95' title='bbox 436 1613 733 1668; x_wconf 86' lang='lat' dir='ltr'><strong>Dominum</strong></span> <span class='ocrx_word' id='word_1_96' title='bbox 777 1621 1031 1667; x_wconf 91' lang='lat' dir='ltr'><strong>nostrum</strong></span> <span class='ocrx_word' id='word_1_97' title='bbox 1070 1613 1257 1668; x_wconf 89' lang='lat' dir='ltr'><strong>Jesum</strong></span> <span class='ocrx_word' id='word_1_98' title='bbox 1297 1609 1577 1666; x_wconf 86' lang='lat' dir='ltr'><strong>Christum</strong></span> <span class='ocrx_word' id='word_1_99' title='bbox 1617 1605 1826 1677; x_wconf 90' lang='lat' dir='ltr'><strong>aliquid</strong></span> <span class='ocrx_word' id='word_1_100' title='bbox 1857 1604 2024 1659; x_wconf 80' lang='lat' dir='ltr'><strong>dill‘e-</strong></span> 
     </span>
    </p>
   </div>
   <div class='ocr_carea' id='block_1_18' title="bbox 440 1695 2032 1777">
    <p class='ocr_par' dir='ltr' id='par_1_18' title="bbox 440 1695 2032 1777">
     <span class='ocr_line' id='line_1_18' title="bbox 440 1695 2032 1777; baseline -0.007 -16"><span class='ocrx_word' id='word_1_101' title='bbox 440 1706 635 1761; x_wconf 67' lang='lat' dir='ltr'><strong>rentim</strong></span> <span class='ocrx_word' id='word_1_102' title='bbox 665 1704 1037 1777; x_wconf 88' lang='lat' dir='ltr'><strong>genitivarum</strong></span> <span class='ocrx_word' id='word_1_103' title='bbox 1070 1712 1394 1758; x_wconf 89' lang='lat' dir='ltr'><strong>naturarum</strong></span> <span class='ocrx_word' id='word_1_104' title='bbox 1444 1700 1736 1771; x_wconf 89' lang='lat' dir='ltr'><strong>reliquisse</strong></span> <span class='ocrx_word' id='word_1_105' title='bbox 1775 1695 2032 1753; x_wconf 89' lang='lat' dir='ltr'><strong>credide-</strong></span> 
     </span>
    </p>
   </div>
   <div class='ocr_carea' id='block_1_19' title="bbox 2132 600 3720 679">
    <p class='ocr_par' dir='ltr' id='par_1_19' title="bbox 2132 600 3720 679">
     <span class='ocr_line' id='line_1_19' title="bbox 2132 600 3720 679; baseline -0.004 -19"><span class='ocrx_word' id='word_1_106' title='bbox 2132 608 2371 679; x_wconf 79' lang='grc' dir='ltr'><strong>φυσικῆς</strong></span> <span class='ocrx_word' id='word_1_107' title='bbox 2412 606 2584 676; x_wconf 90' lang='grc' dir='ltr'>αὐτῆς</span> <span class='ocrx_word' id='word_1_108' title='bbox 2644 603 2949 676; x_wconf 77' lang='grc' dir='ltr'><strong>ἁπλότητος</strong></span> <span class='ocrx_word' id='word_1_109' title='bbox 2995 602 3093 657; x_wconf 90' lang='grc' dir='ltr'><strong>τοῦ</strong></span> <span class='ocrx_word' id='word_1_110' title='bbox 3145 604 3347 672; x_wconf 86' lang='grc' dir='ltr'>Λόγου,</span> <span class='ocrx_word' id='word_1_111' title='bbox 3402 600 3520 656; x_wconf 81' lang='grc' dir='ltr'>ἀλλ’</span> <span class='ocrx_word' id='word_1_112' title='bbox 3557 602 3720 666; x_wconf 74' lang='grc' dir='ltr'>ἐκτὸς</span> 
     </span>
    </p>
   </div>
   <div class='ocr_carea' id='block_1_20' title="bbox 2133 694 3715 771">
    <p class='ocr_par' dir='ltr' id='par_1_20' title="bbox 2133 694 3715 771">
     <span class='ocr_line' id='line_1_20' title="bbox 2133 694 3715 771; baseline -0.004 -17"><span class='ocrx_word' id='word_1_113' title='bbox 2133 701 2416 771; x_wconf 86' lang='grc' dir='ltr'>θεωρεῖτε,</span> <span class='ocrx_word' id='word_1_114' title='bbox 2461 702 2632 771; x_wconf 79' lang='grc' dir='ltr'>ῆγουν</span> <span class='ocrx_word' id='word_1_115' title='bbox 2668 700 2728 751; x_wconf 90' lang='lat' dir='ltr'><strong>tv</strong></span> <span class='ocrx_word' id='word_1_116' title='bbox 2768 696 2847 768; x_wconf 86' lang='grc' dir='ltr'>τῷ</span> <span class='ocrx_word' id='word_1_117' title='bbox 2891 696 3137 767; x_wconf 83' lang='grc' dir='ltr'>συνθέτῳ</span> <span class='ocrx_word' id='word_1_118' title='bbox 3162 696 3263 767; x_wconf 87' lang='grc' dir='ltr'><strong>τῆς</strong></span> <span class='ocrx_word' id='word_1_119' title='bbox 3310 694 3665 757; x_wconf 80' lang='grc' dir='ltr'><strong>ὑποστάσεως</strong></span> <span class='ocrx_word' id='word_1_120' title='bbox 3696 708 3715 724; x_wconf 84' lang='grc'><strong><em>⁸</em></strong></span> 
     </span>
    </p>
   </div>
   <div class='ocr_carea' id='block_1_21' title="bbox 2132 786 3719 861">
    <p class='ocr_par' dir='ltr' id='par_1_21' title="bbox 2132 786 3719 861">
     <span class='ocr_line' id='line_1_21' title="bbox 2132 786 3719 861; baseline -0.006 -15"><span class='ocrx_word' id='word_1_121' title='bbox 2132 792 2273 846; x_wconf 82' lang='grc' dir='ltr'>ὥστε</span> <span class='ocrx_word' id='word_1_122' title='bbox 2328 793 2422 846; x_wconf 80' lang='grc' dir='ltr'>τὸν</span> <span class='ocrx_word' id='word_1_123' title='bbox 2467 790 2820 861; x_wconf 85' lang='grc' dir='ltr'>βουλόμενον,</span> <span class='ocrx_word' id='word_1_124' title='bbox 2870 789 2933 843; x_wconf 81' lang='grc' dir='ltr'>τὸ</span> <span class='ocrx_word' id='word_1_125' title='bbox 2978 788 3081 857; x_wconf 88' lang='grc' dir='ltr'><strong>τῆς</strong></span> <span class='ocrx_word' id='word_1_126' title='bbox 3130 786 3357 859; x_wconf 80' lang='grc' dir='ltr'><strong>πρώτης</strong></span> <span class='ocrx_word' id='word_1_127' title='bbox 3405 788 3719 856; x_wconf 79' lang='grc' dir='ltr'><strong>γεννήσεως</strong></span> 
     </span>
    </p>
   </div>
   <div class='ocr_carea' id='block_1_22' title="bbox 2132 873 3721 955">
    <p class='ocr_par' dir='ltr' id='par_1_22' title="bbox 2132 873 3721 955">
     <span class='ocr_line' id='line_1_22' title="bbox 2132 873 3721 955; baseline -0.008 -17"><span class='ocrx_word' id='word_1_128' title='bbox 2132 884 2429 955; x_wconf 80' lang='grc' dir='ltr'>ἀδιάφορον</span> <span class='ocrx_word' id='word_1_129' title='bbox 2479 884 2547 953; x_wconf 79' lang='grc' dir='ltr'>τῇ</span> <span class='ocrx_word' id='word_1_130' title='bbox 2603 880 2764 953; x_wconf 83' lang='grc' dir='ltr'>οὐσίᾳ</span> <span class='ocrx_word' id='word_1_131' title='bbox 2821 880 2961 952; x_wconf 78' lang='grc' dir='ltr'>πρὸς</span> <span class='ocrx_word' id='word_1_132' title='bbox 3005 877 3099 932; x_wconf 72' lang='grc' dir='ltr'>τὸν</span> <span class='ocrx_word' id='word_1_133' title='bbox 3149 877 3383 931; x_wconf 79' lang='grc' dir='ltr'><strong>τεκόντα</strong></span> <span class='ocrx_word' id='word_1_134' title='bbox 3442 873 3721 945; x_wconf 76' lang='grc' dir='ltr'><strong>φυλαχθὲν</strong></span> 
     </span>
    </p>
   </div>
   <div class='ocr_carea' id='block_1_23' title="bbox 2134 964 3721 1044">
    <p class='ocr_par' dir='ltr' id='par_1_23' title="bbox 2134 964 3721 1044">
     <span class='ocr_line' id='line_1_23' title="bbox 2134 964 3721 1044; baseline -0.008 -18"><span class='ocrx_word' id='word_1_135' title='bbox 2134 972 2383 1044; x_wconf 85' lang='grc' dir='ltr'><strong>θεωρεῖν,</strong></span> <span class='ocrx_word' id='word_1_136' title='bbox 2412 970 2571 1034; x_wconf 59' lang='lat' dir='ltr'><strong>dictv</strong></span> <span class='ocrx_word' id='word_1_137' title='bbox 2602 969 2764 1040; x_wconf 84' lang='grc' dir='ltr'>μέρει</span> <span class='ocrx_word' id='word_1_138' title='bbox 2784 967 2841 1021; x_wconf 81' lang='grc' dir='ltr'>δὲ</span> <span class='ocrx_word' id='word_1_139' title='bbox 2865 974 2960 1021; x_wconf 84' lang='grc' dir='ltr'><strong>τοῦ</strong></span> <span class='ocrx_word' id='word_1_140' title='bbox 2992 967 3094 1036; x_wconf 84' lang='grc' dir='ltr'><strong>τῆς</strong></span> <span class='ocrx_word' id='word_1_141' title='bbox 3120 965 3384 1036; x_wconf 82' lang='grc' dir='ltr'><strong>δευτέρας</strong></span> <span class='ocrx_word' id='word_1_142' title='bbox 3409 964 3721 1032; x_wconf 78' lang='grc' dir='ltr'><strong>γεννήσεως</strong></span> 
     </span>
    </p>
   </div>
   <div class='ocr_carea' id='block_1_24' title="bbox 2132 1056 3720 1135">
    <p class='ocr_par' dir='ltr' id='par_1_24' title="bbox 2132 1056 3720 1135">
     <span class='ocr_line' id='line_1_24' title="bbox 2132 1056 3720 1135; baseline -0.008 -17"><span class='ocrx_word' id='word_1_143' title='bbox 2132 1065 2256 1118; x_wconf 81' lang='grc' dir='ltr'>ὅλου</span> <span class='ocrx_word' id='word_1_144' title='bbox 2289 1065 2372 1118; x_wconf 90' lang='grc' dir='ltr'><strong>δεῖ</strong></span> <span class='ocrx_word' id='word_1_145' title='bbox 2398 1066 2532 1135; x_wconf 82' lang='grc' dir='ltr'>ὁρᾷν</span> <span class='ocrx_word' id='word_1_146' title='bbox 2563 1078 2578 1094; x_wconf 84' lang='grc'>⁶</span> <span class='ocrx_word' id='word_1_147' title='bbox 2601 1064 2698 1116; x_wconf 75' lang='grc' dir='ltr'>καὶ</span> <span class='ocrx_word' id='word_1_148' title='bbox 2726 1062 2892 1115; x_wconf 83' lang='grc' dir='ltr'>πάλιν</span> <span class='ocrx_word' id='word_1_149' title='bbox 2909 1060 2973 1114; x_wconf 80' lang='grc' dir='ltr'>τὸ</span> <span class='ocrx_word' id='word_1_150' title='bbox 2990 1061 3092 1131; x_wconf 90' lang='grc' dir='ltr'><strong>τῆς</strong></span> <span class='ocrx_word' id='word_1_151' title='bbox 3114 1058 3379 1125; x_wconf 81' lang='grc' dir='ltr'><strong>δευτέρας</strong></span> <span class='ocrx_word' id='word_1_152' title='bbox 3401 1056 3720 1125; x_wconf 75' lang='grc' dir='ltr'>γεννήσεως</span> 
     </span>
    </p>
   </div>
   <div class='ocr_carea' id='block_1_25' title="bbox 2135 1148 3721 1228">
    <p class='ocr_par' dir='ltr' id='par_1_25' title="bbox 2135 1148 3721 1228">
     <span class='ocr_line' id='line_1_25' title="bbox 2135 1148 3721 1228; baseline -0.006 -19"><span class='ocrx_word' id='word_1_153' title='bbox 2135 1155 2479 1228; x_wconf 87' lang='grc' dir='ltr'>πρόσλημμα</span> <span class='ocrx_word' id='word_1_154' title='bbox 2537 1152 2635 1208; x_wconf 90' lang='grc' dir='ltr'><strong>τοῦ</strong></span> <span class='ocrx_word' id='word_1_155' title='bbox 2697 1154 2895 1222; x_wconf 82' lang='grc' dir='ltr'><strong>Λόγου,</strong></span> <span class='ocrx_word' id='word_1_156' title='bbox 2954 1152 3141 1221; x_wconf 81' lang='grc' dir='ltr'>σαφῶς</span> <span class='ocrx_word' id='word_1_157' title='bbox 3208 1150 3290 1204; x_wconf 84' lang='grc' dir='ltr'><strong>δεῖ</strong></span> <span class='ocrx_word' id='word_1_158' title='bbox 3352 1151 3496 1203; x_wconf 91' lang='grc' dir='ltr'>νοεῖν</span> <span class='ocrx_word' id='word_1_159' title='bbox 3544 1150 3603 1201; x_wconf 84' lang='lat' dir='ltr'><strong>tv</strong></span> <span class='ocrx_word' id='word_1_160' title='bbox 3647 1148 3721 1216; x_wconf 78' lang='grc' dir='ltr'>τῇ</span> 
     </span>
    </p>
   </div>
   <div class='ocr_carea' id='block_1_26' title="bbox 2133 1240 3723 1319">
    <p class='ocr_par' dir='ltr' id='par_1_26' title="bbox 2133 1240 3723 1319">
     <span class='ocr_line' id='line_1_26' title="bbox 2133 1240 3723 1319; baseline -0.007 -18"><span class='ocrx_word' id='word_1_161' title='bbox 2133 1247 2391 1319; x_wconf 84' lang='grc' dir='ltr'><strong>ὁμοιώσει</strong></span> <span class='ocrx_word' id='word_1_162' title='bbox 2414 1248 2516 1317; x_wconf 90' lang='grc' dir='ltr'><strong>τῆς</strong></span> <span class='ocrx_word' id='word_1_163' title='bbox 2559 1245 2841 1317; x_wconf 82' lang='grc' dir='ltr'><strong>Παρθένου</strong></span> <span class='ocrx_word' id='word_1_164' title='bbox 2879 1244 3087 1315; x_wconf 84' lang='grc' dir='ltr'>μητρὸς</span> <span class='ocrx_word' id='word_1_165' title='bbox 3128 1240 3295 1297; x_wconf 89' lang='grc' dir='ltr'>αὐτοῦ</span> <span class='ocrx_word' id='word_1_166' title='bbox 3318 1240 3422 1309; x_wconf 85' lang='grc' dir='ltr'><strong>τῆς</strong></span> <span class='ocrx_word' id='word_1_167' title='bbox 3452 1240 3723 1310; x_wconf 74' lang='grc' dir='ltr'>διαφορᾶς</span> 
     </span>
    </p>
   </div>
   <div class='ocr_carea' id='block_1_27' title="bbox 2132 1329 3721 1407">
    <p class='ocr_par' dir='ltr' id='par_1_27' title="bbox 2132 1329 3721 1407">
     <span class='ocr_line' id='line_1_27' title="bbox 2132 1329 3721 1407; baseline -0.008 -12"><span class='ocrx_word' id='word_1_168' title='bbox 2132 1341 2245 1395; x_wconf 89' lang='grc' dir='ltr'><strong>τῶν</strong></span> <span class='ocrx_word' id='word_1_169' title='bbox 2273 1339 2367 1395; x_wconf 86' lang='grc' dir='ltr'><strong>δύο</strong></span> <span class='ocrx_word' id='word_1_170' title='bbox 2382 1339 2580 1394; x_wconf 81' lang='grc' dir='ltr'>οὐσιῶν</span> <span class='ocrx_word' id='word_1_171' title='bbox 2608 1338 2701 1393; x_wconf 89' lang='grc' dir='ltr'><strong>τοῦ</strong></span> <span class='ocrx_word' id='word_1_172' title='bbox 2727 1337 2987 1392; x_wconf 80' lang='grc' dir='ltr'><strong>συνθέτου</strong></span> <span class='ocrx_word' id='word_1_173' title='bbox 3007 1336 3176 1407; x_wconf 82' lang='grc' dir='ltr'>ἄμφω</span> <span class='ocrx_word' id='word_1_174' title='bbox 3204 1333 3436 1405; x_wconf 71' lang='grc' dir='ltr'>ἐχούσης</span> <span class='ocrx_word' id='word_1_175' title='bbox 3462 1334 3563 1395; x_wconf 77' lang='grc' dir='ltr'>τὰς</span> <span class='ocrx_word' id='word_1_176' title='bbox 3594 1329 3721 1384; x_wconf 81' lang='grc' dir='ltr'>κατ’</span> 
     </span>
    </p>
   </div>
   <div class='ocr_carea' id='block_1_28' title="bbox 2132 1424 3727 1502">
    <p class='ocr_par' dir='ltr' id='par_1_28' title="bbox 2132 1424 3727 1502">
     <span class='ocr_line' id='line_1_28' title="bbox 2132 1424 3727 1502; baseline -0.008 -15"><span class='ocrx_word' id='word_1_177' title='bbox 2132 1434 2324 1487; x_wconf 90' lang='grc' dir='ltr'>οὐσίαν</span> <span class='ocrx_word' id='word_1_178' title='bbox 2345 1432 2705 1502; x_wconf 82' lang='grc' dir='ltr'>ὁμοιότητας·</span> <span class='ocrx_word' id='word_1_179' title='bbox 2736 1431 2832 1483; x_wconf 75' lang='grc' dir='ltr'>καὶ</span> <span class='ocrx_word' id='word_1_180' title='bbox 2865 1428 3041 1491; x_wconf 79' lang='grc' dir='ltr'>οὕτως</span> <span class='ocrx_word' id='word_1_181' title='bbox 3057 1427 3235 1490; x_wconf 74' lang='grc' dir='ltr'>οὐδεὶς</span> <span class='ocrx_word' id='word_1_182' title='bbox 3266 1424 3394 1479; x_wconf 80' lang='grc' dir='ltr'>οὐτε</span> <span class='ocrx_word' id='word_1_183' title='bbox 3426 1425 3518 1477; x_wconf 80' lang='grc' dir='ltr'>τὸν</span> <span class='ocrx_word' id='word_1_184' title='bbox 3544 1424 3727 1489; x_wconf 84' lang='grc' dir='ltr'>Λόγον</span> 
     </span>
    </p>
   </div>
   <div class='ocr_carea' id='block_1_29' title="bbox 2134 1514 3724 1596">
    <p class='ocr_par' dir='ltr' id='par_1_29' title="bbox 2134 1514 3724 1596">
     <span class='ocr_line' id='line_1_29' title="bbox 2134 1514 3724 1596; baseline -0.007 -18"><span class='ocrx_word' id='word_1_185' title='bbox 2134 1525 2233 1596; x_wconf 87' lang='grc' dir='ltr'><strong>τῆς</strong></span> <span class='ocrx_word' id='word_1_186' title='bbox 2284 1523 2480 1579; x_wconf 79' lang='grc' dir='ltr'>ἑαυτοῦ</span> <span class='ocrx_word' id='word_1_187' title='bbox 2528 1523 2721 1586; x_wconf 88' lang='grc' dir='ltr'>οὐσίας</span> <span class='ocrx_word' id='word_1_188' title='bbox 2760 1522 3166 1592; x_wconf 75' lang='grc' dir='ltr'>παραλλάττειν</span> <span class='ocrx_word' id='word_1_189' title='bbox 3215 1519 3442 1589; x_wconf 82' lang='grc' dir='ltr'>φήσειεν</span> <span class='ocrx_word' id='word_1_190' title='bbox 3469 1516 3559 1576; x_wconf 85' lang='grc' dir='ltr'><strong>ἂν.</strong></span> <span class='ocrx_word' id='word_1_191' title='bbox 3596 1514 3724 1568; x_wconf 75' lang='grc' dir='ltr'>οὐδὲ</span> 
     </span>
    </p>
   </div>
   <div class='ocr_carea' id='block_1_30' title="bbox 2133 1607 3727 1687">
    <p class='ocr_par' dir='ltr' id='par_1_30' title="bbox 2133 1607 3727 1687">
     <span class='ocr_line' id='line_1_30' title="bbox 2133 1607 3727 1687; baseline -0.008 -16"><span class='ocrx_word' id='word_1_192' title='bbox 2133 1618 2226 1671; x_wconf 86' lang='grc' dir='ltr'>τὸν</span> <span class='ocrx_word' id='word_1_193' title='bbox 2256 1617 2511 1671; x_wconf 83' lang='grc' dir='ltr'>σύνθετον</span> <span class='ocrx_word' id='word_1_194' title='bbox 2544 1616 2640 1670; x_wconf 73' lang='grc' dir='ltr'>καὶ</span> <span class='ocrx_word' id='word_1_195' title='bbox 2671 1614 2878 1687; x_wconf 82' lang='grc' dir='ltr'>Κύριον</span> <span class='ocrx_word' id='word_1_196' title='bbox 2916 1614 3077 1684; x_wconf 90' lang='grc' dir='ltr'>ήμῶν</span> <span class='ocrx_word' id='word_1_197' title='bbox 3113 1609 3326 1681; x_wconf 80' lang='grc' dir='ltr'>Ἰησοῦν</span> <span class='ocrx_word' id='word_1_198' title='bbox 3355 1607 3595 1678; x_wconf 81' lang='grc' dir='ltr'>Χριστὸν</span> <span class='ocrx_word' id='word_1_199' title='bbox 3617 1608 3727 1677; x_wconf 89' lang='grc' dir='ltr'><strong>τῆς</strong></span> 
     </span>
    </p>
   </div>
   <div class='ocr_carea' id='block_1_31' title="bbox 2134 1701 3727 1781">
    <p class='ocr_par' dir='ltr' id='par_1_31' title="bbox 2134 1701 3727 1781">
     <span class='ocr_line' id='line_1_31' title="bbox 2134 1701 3727 1781; baseline -0.008 -17"><span class='ocrx_word' id='word_1_200' title='bbox 2134 1710 2400 1781; x_wconf 79' lang='grc' dir='ltr'>διαφορᾶς</span> <span class='ocrx_word' id='word_1_201' title='bbox 2426 1710 2536 1764; x_wconf 89' lang='grc' dir='ltr'><strong>τῶν</strong></span> <span class='ocrx_word' id='word_1_202' title='bbox 2576 1710 2813 1779; x_wconf 88' lang='grc' dir='ltr'>γονικῶν</span> <span class='ocrx_word' id='word_1_203' title='bbox 2834 1707 3001 1763; x_wconf 85' lang='grc' dir='ltr'>αὐτοῦ</span> <span class='ocrx_word' id='word_1_204' title='bbox 3035 1703 3253 1776; x_wconf 83' lang='grc' dir='ltr'>φύσεὼν</span> <span class='ocrx_word' id='word_1_205' title='bbox 3282 1721 3339 1757; x_wconf 89' lang='grc' dir='ltr'><strong>τι</strong></span> <span class='ocrx_word' id='word_1_206' title='bbox 3391 1701 3727 1772; x_wconf 83' lang='grc' dir='ltr'>παραλελοι-</span> 
     </span>
    </p>
   </div>
   <div class='ocr_carea' id='block_1_32' title="bbox 440 1787 2048 1872">
    <p class='ocr_par' dir='ltr' id='par_1_32' title="bbox 440 1787 2028 1863">
     <span class='ocr_line' id='line_1_32' title="bbox 440 1787 2028 1863; baseline -0.007 -12"><span class='ocrx_word' id='word_1_207' title='bbox 440 1800 532 1853; x_wconf 85' lang='lat' dir='ltr'><strong>rit.</strong></span> <span class='ocrx_word' id='word_1_208' title='bbox 569 1798 687 1853; x_wconf 84' lang='lat' dir='ltr'><strong>Non</strong></span> <span class='ocrx_word' id='word_1_209' title='bbox 720 1796 891 1862; x_wconf 91' lang='lat' dir='ltr'><strong>enim,</strong></span> <span class='ocrx_word' id='word_1_210' title='bbox 944 1795 1088 1850; x_wconf 89' lang='lat' dir='ltr'><strong>sicut</strong></span> <span class='ocrx_word' id='word_1_211' title='bbox 1114 1809 1211 1849; x_wconf 89' lang='lat' dir='ltr'><strong>vos</strong></span> <span class='ocrx_word' id='word_1_212' title='bbox 1254 1792 1571 1863; x_wconf 81' lang='lat' dir='ltr'><strong>disponitis,</strong></span> <span class='ocrx_word' id='word_1_213' title='bbox 1609 1787 1938 1860; x_wconf 87' lang='lat' dir='ltr'><strong>simpliciter</strong></span> <span class='ocrx_word' id='word_1_214' title='bbox 1970 1793 2028 1841; x_wconf 90' lang='lat' dir='ltr'><strong>et</strong></span> 
     </span>
    </p>
   </div>
   <div class='ocr_carea' id='block_1_33' title="bbox 2152 1787 3724 1872">
    <p class='ocr_par' dir='ltr' id='par_1_33' title="bbox 2152 1792 3724 1872">
     <span class='ocr_line' id='line_1_33' title="bbox 2152 1792 3724 1872; baseline -0.006 -17"><span class='ocrx_word' id='word_1_215' title='bbox 2152 1803 2297 1855; x_wconf 69' lang='grc' dir='ltr'>κέναι</span> <span class='ocrx_word' id='word_1_216' title='bbox 2319 1800 2596 1872; x_wconf 78' lang='grc' dir='ltr'>νομίσειεν</span> <span class='ocrx_word' id='word_1_217' title='bbox 2617 1818 2632 1833; x_wconf 79' lang='grc' dir='ltr'><strong><em>ο</em></strong></span> <span class='ocrx_word' id='word_1_218' title='bbox 2683 1801 2746 1855; x_wconf 91' lang='grc' dir='ltr'>οὐ</span> <span class='ocrx_word' id='word_1_219' title='bbox 2789 1802 2898 1872; x_wconf 80' lang='grc' dir='ltr'><strong>γάρ</strong></span> <span class='ocrx_word' id='word_1_220' title='bbox 2932 1799 3009 1863; x_wconf 85' lang='grc' dir='ltr'>ὡς</span> <span class='ocrx_word' id='word_1_221' title='bbox 3047 1795 3494 1861; x_wconf 72' lang='grc' dir='ltr'>κατασκευάζετε</span> <span class='ocrx_word' id='word_1_222' title='bbox 3528 1792 3724 1855; x_wconf 78' lang='grc' dir='ltr'>ἁπλῶς</span> 
     </span>
    </p>
   </div>
   <div class='ocr_carea' id='block_1_34' title="bbox 440 1876 2048 1967">
    <p class='ocr_par' dir='ltr' id='par_1_34' title="bbox 440 1878 2035 1957">
     <span class='ocr_line' id='line_1_34' title="bbox 440 1878 2035 1957; baseline -0.008 -11"><span class='ocrx_word' id='word_1_223' title='bbox 440 1905 657 1946; x_wconf 90' lang='lat' dir='ltr'><strong>merum</strong></span> <span class='ocrx_word' id='word_1_224' title='bbox 706 1889 948 1945; x_wconf 89' lang='lat' dir='ltr'><strong>Verbum</strong></span> <span class='ocrx_word' id='word_1_225' title='bbox 996 1886 1243 1957; x_wconf 90' lang='lat' dir='ltr'><strong>genitum</strong></span> <span class='ocrx_word' id='word_1_226' title='bbox 1278 1886 1447 1940; x_wconf 79' lang='lat' dir='ltr'><strong>fuisse</strong></span> <span class='ocrx_word' id='word_1_227' title='bbox 1482 1885 1552 1940; x_wconf 91' lang='lat' dir='ltr'><strong>ab</strong></span> <span class='ocrx_word' id='word_1_228' title='bbox 1597 1882 1871 1939; x_wconf 89' lang='lat' dir='ltr'><strong>ambobus</strong></span> <span class='ocrx_word' id='word_1_229' title='bbox 1917 1878 2035 1935; x_wconf 87' lang='lat' dir='ltr'><strong>suis</strong></span> 
     </span>
    </p>
   </div>
   <div class='ocr_carea' id='block_1_35' title="bbox 2152 1876 3729 1967">
    <p class='ocr_par' dir='ltr' id='par_1_35' title="bbox 2152 1883 3729 1967">
     <span class='ocr_line' id='line_1_35' title="bbox 2152 1883 3729 1967; baseline -0.006 -19"><span class='ocrx_word' id='word_1_230' title='bbox 2152 1894 2238 1950; x_wconf 73' lang='grc' dir='ltr'>καὶ</span> <span class='ocrx_word' id='word_1_231' title='bbox 2265 1895 2474 1967; x_wconf 86' lang='grc' dir='ltr'>γυμνὸν</span> <span class='ocrx_word' id='word_1_232' title='bbox 2520 1896 2612 1950; x_wconf 79' lang='grc' dir='ltr'>τὸν</span> <span class='ocrx_word' id='word_1_233' title='bbox 2678 1896 2851 1965; x_wconf 85' lang='grc' dir='ltr'>Λόγον</span> <span class='ocrx_word' id='word_1_234' title='bbox 2905 1894 3075 1963; x_wconf 83' lang='grc' dir='ltr'>άμφω</span> <span class='ocrx_word' id='word_1_235' title='bbox 3114 1890 3301 1944; x_wconf 86' lang='grc' dir='ltr'>τεκεῖν</span> <span class='ocrx_word' id='word_1_236' title='bbox 3360 1901 3545 1957; x_wconf 88' lang='grc' dir='ltr'>φαμεν</span> <span class='ocrx_word' id='word_1_237' title='bbox 3594 1883 3729 1947; x_wconf 84' lang='grc' dir='ltr'><strong>τούς</strong></span> 
     </span>
    </p>
   </div>
   <div class='ocr_carea' id='block_1_36' title="bbox 443 1972 2031 2054">
    <p class='ocr_par' dir='ltr' id='par_1_36' title="bbox 443 1972 2031 2054">
     <span class='ocr_line' id='line_1_36' title="bbox 443 1972 2031 2054; baseline -0.007 -17"><span class='ocrx_word' id='word_1_238' title='bbox 443 1980 867 2054; x_wconf 89' lang='lat' dir='ltr'><strong>generatoribus</strong></span> <span class='ocrx_word' id='word_1_239' title='bbox 915 1979 1186 2045; x_wconf 88' lang='lat' dir='ltr'><strong>dicimus;</strong></span> <span class='ocrx_word' id='word_1_240' title='bbox 1217 1977 1313 2034; x_wconf 90' lang='lat' dir='ltr'><strong>sed</strong></span> <span class='ocrx_word' id='word_1_241' title='bbox 1354 1978 1572 2034; x_wconf 87' lang='lat' dir='ltr'><strong>Patrem</strong></span> <span class='ocrx_word' id='word_1_242' title='bbox 1610 1974 1867 2047; x_wconf 87' lang='lat' dir='ltr'><strong>genuisse</strong></span> <span class='ocrx_word' id='word_1_243' title='bbox 1894 1972 2031 2028; x_wconf 88' lang='lat' dir='ltr'><strong>sim-</strong></span> 
     </span>
    </p>
   </div>
   <div class='ocr_carea' id='block_1_37' title="bbox 441 2063 2034 2143">
    <p class='ocr_par' dir='ltr' id='par_1_37' title="bbox 441 2063 2034 2143">
     <span class='ocr_line' id='line_1_37' title="bbox 441 2063 2034 2143; baseline -0.006 -16"><span class='ocrx_word' id='word_1_244' title='bbox 441 2072 665 2143; x_wconf 89' lang='lat' dir='ltr'><strong>pliciter</strong></span> <span class='ocrx_word' id='word_1_245' title='bbox 710 2072 981 2137; x_wconf 88' lang='lat' dir='ltr'><strong>Verbum,</strong></span> <span class='ocrx_word' id='word_1_246' title='bbox 1038 2078 1095 2125; x_wconf 90' lang='lat' dir='ltr'><strong>et</strong></span> <span class='ocrx_word' id='word_1_247' title='bbox 1142 2070 1371 2125; x_wconf 83' lang='lat' dir='ltr'><strong>Matrem</strong></span> <span class='ocrx_word' id='word_1_248' title='bbox 1418 2069 1563 2124; x_wconf 89' lang='lat' dir='ltr'><strong>idem</strong></span> <span class='ocrx_word' id='word_1_249' title='bbox 1613 2082 1741 2125; x_wconf 89' lang='lat' dir='ltr'><strong>cum</strong></span> <span class='ocrx_word' id='word_1_250' title='bbox 1784 2079 1951 2122; x_wconf 87' lang='lat' dir='ltr'><strong>carne</strong></span> <span class='ocrx_word' id='word_1_251' title='bbox 1978 2063 2034 2118; x_wconf 93' lang='lat' dir='ltr'><strong>in</strong></span> 
     </span>
    </p>
   </div>
   <div class='ocr_carea' id='block_1_38' title="bbox 442 2160 1605 2235">
    <p class='ocr_par' dir='ltr' id='par_1_38' title="bbox 442 2160 1605 2235">
     <span class='ocr_line' id='line_1_38' title="bbox 442 2160 1605 2235; baseline -0.008 -14"><span class='ocrx_word' id='word_1_252' title='bbox 442 2164 667 2222; x_wconf 88' lang='lat' dir='ltr'><strong>Christo</strong></span> <span class='ocrx_word' id='word_1_253' title='bbox 693 2162 1001 2235; x_wconf 87' lang='lat' dir='ltr'><strong>composito</strong></span> <span class='ocrx_word' id='word_1_254' title='bbox 1026 2161 1285 2234; x_wconf 89' lang='lat' dir='ltr'><strong>genuisse</strong></span> <span class='ocrx_word' id='word_1_255' title='bbox 1312 2160 1605 2217; x_wconf 88' lang='lat' dir='ltr'><strong>sentimus.</strong></span> 
     </span>
    </p>
   </div>
   <div class='ocr_carea' id='block_1_39' title="bbox 1077 2272 1416 2331">
    <p class='ocr_par' dir='ltr' id='par_1_39' title="bbox 1077 2272 1416 2331">
     <span class='ocr_line' id='line_1_39' title="bbox 1077 2272 1416 2331; baseline -0.015 0"><span class='ocrx_word' id='word_1_256' title='bbox 1077 2274 1233 2331; x_wconf 78' lang='lat' dir='ltr'><strong>CAP.</strong></span> <span class='ocrx_word' id='word_1_257' title='bbox 1274 2272 1416 2328; x_wconf 83' lang='lat' dir='ltr'><strong>Xlll.</strong></span> 
     </span>
    </p>
   </div>
   <div class='ocr_carea' id='block_1_40' title="bbox 518 2357 2041 2441">
    <p class='ocr_par' dir='ltr' id='par_1_40' title="bbox 518 2357 2041 2441">
     <span class='ocr_line' id='line_1_40' title="bbox 518 2357 2041 2441; baseline -0.009 -14"><span class='ocrx_word' id='word_1_258' title='bbox 518 2371 577 2428; x_wconf 89' lang='lat' dir='ltr'><strong>Si</strong></span> <span class='ocrx_word' id='word_1_259' title='bbox 615 2370 840 2441; x_wconf 89' lang='lat' dir='ltr'><strong>proprie</strong></span> <span class='ocrx_word' id='word_1_260' title='bbox 868 2376 925 2425; x_wconf 89' lang='lat' dir='ltr'><strong>et</strong></span> <span class='ocrx_word' id='word_1_261' title='bbox 954 2366 1261 2423; x_wconf 91' lang='lat' dir='ltr'><strong>secundum</strong></span> <span class='ocrx_word' id='word_1_262' title='bbox 1288 2366 1577 2420; x_wconf 88' lang='lat' dir='ltr'><strong>veritatem</strong></span> <span class='ocrx_word' id='word_1_263' title='bbox 1600 2360 1783 2435; x_wconf 88' lang='lat' dir='ltr'><strong>genita</strong></span> <span class='ocrx_word' id='word_1_264' title='bbox 1807 2369 1891 2416; x_wconf 90' lang='lat' dir='ltr'><strong>est</strong></span> <span class='ocrx_word' id='word_1_265' title='bbox 1914 2357 2041 2414; x_wconf 88' lang='lat' dir='ltr'><strong>sub-</strong></span> 
     </span>
    </p>
   </div>
   <div class='ocr_carea' id='block_1_41' title="bbox 446 2450 2037 2521">
    <p class='ocr_par' dir='ltr' id='par_1_41' title="bbox 446 2450 2037 2521">
     <span class='ocr_line' id='line_1_41' title="bbox 446 2450 2037 2521; baseline -0.011 0"><span class='ocrx_word' id='word_1_266' title='bbox 446 2464 648 2521; x_wconf 86' lang='lat' dir='ltr'><strong>stantia</strong></span> <span class='ocrx_word' id='word_1_267' title='bbox 690 2463 787 2519; x_wconf 90' lang='lat' dir='ltr'><strong>Dei</strong></span> <span class='ocrx_word' id='word_1_268' title='bbox 831 2460 1001 2517; x_wconf 89' lang='lat' dir='ltr'><strong>Verbi</strong></span> <span class='ocrx_word' id='word_1_269' title='bbox 1031 2474 1099 2515; x_wconf 85' lang='lat' dir='ltr'><strong>ex</strong></span> <span class='ocrx_word' id='word_1_270' title='bbox 1141 2457 1455 2514; x_wconf 88' lang='lat' dir='ltr'><strong>substantia</strong></span> <span class='ocrx_word' id='word_1_271' title='bbox 1497 2456 1698 2517; x_wconf 87' lang='lat' dir='ltr'><strong>Patris,</strong></span> <span class='ocrx_word' id='word_1_272' title='bbox 1732 2462 1789 2509; x_wconf 89' lang='lat' dir='ltr'><strong>et</strong></span> <span class='ocrx_word' id='word_1_273' title='bbox 1818 2459 1903 2507; x_wconf 89' lang='lat' dir='ltr'><strong>est</strong></span> <span class='ocrx_word' id='word_1_274' title='bbox 1934 2450 2037 2521; x_wconf 90' lang='lat' dir='ltr'><strong>ipsi</strong></span> 
     </span>
    </p>
   </div>
   <div class='ocr_carea' id='block_1_42' title="bbox 392 2544 2042 2620">
    <p class='ocr_par' dir='ltr' id='par_1_42' title="bbox 392 2544 2042 2620">
     <span class='ocr_line' id='line_1_42' title="bbox 392 2544 2042 2620; baseline -0.009 -8"><span class='ocrx_word' id='word_1_275' title='bbox 392 2592 402 2604; x_wconf 72' lang='grc'>.</span> <span class='ocrx_word' id='word_1_276' title='bbox 448 2554 964 2620; x_wconf 89' lang='lat' dir='ltr'><strong>consubstantialis,</strong></span> <span class='ocrx_word' id='word_1_277' title='bbox 1001 2551 1230 2607; x_wconf 90' lang='lat' dir='ltr'><strong>omnino</strong></span> <span class='ocrx_word' id='word_1_278' title='bbox 1258 2548 1567 2605; x_wconf 89' lang='lat' dir='ltr'><strong>secundum</strong></span> <span class='ocrx_word' id='word_1_279' title='bbox 1598 2544 1961 2601; x_wconf 90' lang='lat' dir='ltr'><strong>substantiam</strong></span> <span class='ocrx_word' id='word_1_280' title='bbox 1986 2549 2042 2598; x_wconf 91' lang='lat' dir='ltr'><strong>et</strong></span> 
     </span>
    </p>
   </div>
   <div class='ocr_carea' id='block_1_43' title="bbox 450 2638 2039 2720">
    <p class='ocr_par' dir='ltr' id='par_1_43' title="bbox 450 2638 2039 2720">
     <span class='ocr_line' id='line_1_43' title="bbox 450 2638 2039 2720; baseline -0.011 -17"><span class='ocrx_word' id='word_1_281' title='bbox 450 2648 674 2720; x_wconf 83' lang='lat' dir='ltr'><strong>proprie</strong></span> <span class='ocrx_word' id='word_1_282' title='bbox 703 2654 761 2701; x_wconf 92' lang='lat' dir='ltr'><strong>et</strong></span> <span class='ocrx_word' id='word_1_283' title='bbox 799 2643 1105 2700; x_wconf 88' lang='lat' dir='ltr'><strong>secundum</strong></span> <span class='ocrx_word' id='word_1_284' title='bbox 1144 2643 1434 2697; x_wconf 84' lang='lat' dir='ltr'><strong>veritatem</strong></span> <span class='ocrx_word' id='word_1_285' title='bbox 1466 2638 1649 2709; x_wconf 87' lang='lat' dir='ltr'><strong>genita</strong></span> <span class='ocrx_word' id='word_1_286' title='bbox 1701 2644 1787 2693; x_wconf 91' lang='lat' dir='ltr'><strong>est</strong></span> <span class='ocrx_word' id='word_1_287' title='bbox 1816 2650 1883 2691; x_wconf 82' lang='lat' dir='ltr'><strong>ex</strong></span> <span class='ocrx_word' id='word_1_288' title='bbox 1913 2649 2039 2687; x_wconf 90' lang='lat' dir='ltr'><strong>mu-</strong></span> 
     </span>
    </p>
   </div>
   <div class='ocr_carea' id='block_1_44' title="bbox 450 2721 2045 2797">
    <p class='ocr_par' dir='ltr' id='par_1_44' title="bbox 450 2721 2045 2797">
     <span class='ocr_line' id='line_1_44' title="bbox 450 2721 2045 2797; baseline -0.011 -4"><span class='ocrx_word' id='word_1_289' title='bbox 450 2739 590 2793; x_wconf 90' lang='lat' dir='ltr'><strong>liere</strong></span> <span class='ocrx_word' id='word_1_290' title='bbox 624 2734 932 2793; x_wconf 76' lang='lat' dir='ltr'><strong>substantia</strong></span> <span class='ocrx_word' id='word_1_291' title='bbox 958 2731 1122 2789; x_wconf 90' lang='lat' dir='ltr'><strong>Verbi</strong></span> <span class='ocrx_word' id='word_1_292' title='bbox 1147 2730 1266 2795; x_wconf 90' lang='lat' dir='ltr'><strong>Dei,</strong></span> <span class='ocrx_word' id='word_1_293' title='bbox 1295 2738 1352 2783; x_wconf 90' lang='lat' dir='ltr'><strong>et</strong></span> <span class='ocrx_word' id='word_1_294' title='bbox 1381 2737 1466 2783; x_wconf 84' lang='lat' dir='ltr'><strong>est</strong></span> <span class='ocrx_word' id='word_1_295' title='bbox 1491 2726 1595 2781; x_wconf 89' lang='lat' dir='ltr'><strong>sibi</strong></span> <span class='ocrx_word' id='word_1_296' title='bbox 1624 2726 1727 2797; x_wconf 91' lang='lat' dir='ltr'><strong>ipsi</strong></span> <span class='ocrx_word' id='word_1_297' title='bbox 1759 2721 2045 2778; x_wconf 89' lang='lat' dir='ltr'><strong>dissimilis</strong></span> 
     </span>
    </p>
   </div>
   <div class='ocr_carea' id='block_1_45' title="bbox 451 2814 2044 2886">
    <p class='ocr_par' dir='ltr' id='par_1_45' title="bbox 451 2814 2044 2886">
     <span class='ocr_line' id='line_1_45' title="bbox 451 2814 2044 2886; baseline -0.013 0"><span class='ocrx_word' id='word_1_298' title='bbox 451 2830 682 2886; x_wconf 87' lang='lat' dir='ltr'><strong>omnino</strong></span> <span class='ocrx_word' id='word_1_299' title='bbox 733 2825 1040 2884; x_wconf 89' lang='lat' dir='ltr'><strong>secundum</strong></span> <span class='ocrx_word' id='word_1_300' title='bbox 1077 2822 1467 2879; x_wconf 84' lang='lat' dir='ltr'><strong>substantiam.</strong></span> <span class='ocrx_word' id='word_1_301' title='bbox 1518 2818 1598 2873; x_wconf 66' lang='lat' dir='ltr'><strong>Ex</strong></span> <span class='ocrx_word' id='word_1_302' title='bbox 1640 2832 1708 2873; x_wconf 93' lang='lat' dir='ltr'><strong>eo</strong></span> <span class='ocrx_word' id='word_1_303' title='bbox 1736 2814 1881 2885; x_wconf 88' lang='lat' dir='ltr'><strong>quod</strong></span> <span class='ocrx_word' id='word_1_304' title='bbox 1913 2828 2044 2884; x_wconf 89' lang='lat' dir='ltr'><strong>pro-</strong></span> 
     </span>
    </p>
   </div>
   <div class='ocr_carea' id='block_1_46' title="bbox 452 2904 2045 2994">
    <p class='ocr_par' dir='ltr' id='par_1_46' title="bbox 452 2904 2045 2994">
     <span class='ocr_line' id='line_1_46' title="bbox 452 2904 2045 2994; baseline -0.014 -17"><span class='ocrx_word' id='word_1_305' title='bbox 452 2922 574 2994; x_wconf 90' lang='lat' dir='ltr'><strong>prie</strong></span> <span class='ocrx_word' id='word_1_306' title='bbox 597 2931 654 2978; x_wconf 91' lang='lat' dir='ltr'><strong>et</strong></span> <span class='ocrx_word' id='word_1_307' title='bbox 687 2917 994 2976; x_wconf 88' lang='lat' dir='ltr'><strong>secundum</strong></span> <span class='ocrx_word' id='word_1_308' title='bbox 1039 2914 1329 2970; x_wconf 87' lang='lat' dir='ltr'><strong>veritatem</strong></span> <span class='ocrx_word' id='word_1_309' title='bbox 1357 2918 1485 2965; x_wconf 88' lang='lat' dir='ltr'><strong>nata</strong></span> <span class='ocrx_word' id='word_1_310' title='bbox 1514 2908 1589 2964; x_wconf 90' lang='lat' dir='ltr'><strong>sit</strong></span> <span class='ocrx_word' id='word_1_311' title='bbox 1634 2904 1952 2961; x_wconf 88' lang='lat' dir='ltr'><strong>substantia</strong></span> <span class='ocrx_word' id='word_1_312' title='bbox 1976 2917 2045 2956; x_wconf 85' lang='lat' dir='ltr'><strong>ex</strong></span> 
     </span>
    </p>
   </div>
   <div class='ocr_carea' id='block_1_47' title="bbox 458 2996 2047 3076">
    <p class='ocr_par' dir='ltr' id='par_1_47' title="bbox 458 2996 2047 3076">
     <span class='ocr_line' id='line_1_47' title="bbox 458 2996 2047 3076; baseline -0.014 -7"><span class='ocrx_word' id='word_1_313' title='bbox 458 3012 798 3076; x_wconf 84' lang='lat' dir='ltr'><strong>substantia,</strong></span> <span class='ocrx_word' id='word_1_314' title='bbox 829 3025 939 3065; x_wconf 91' lang='lat' dir='ltr'><strong>non</strong></span> <span class='ocrx_word' id='word_1_315' title='bbox 980 3007 1105 3063; x_wconf 84' lang='lat' dir='ltr'><strong>ideo</strong></span> <span class='ocrx_word' id='word_1_316' title='bbox 1135 3006 1196 3060; x_wconf 84' lang='lat' dir='ltr'><strong>ﬁt</strong></span> <span class='ocrx_word' id='word_1_317' title='bbox 1222 3015 1283 3058; x_wconf 93' lang='lat' dir='ltr'><strong>ut</strong></span> <span class='ocrx_word' id='word_1_318' title='bbox 1312 3002 1540 3059; x_wconf 88' lang='lat' dir='ltr'><strong>omnino</strong></span> <span class='ocrx_word' id='word_1_319' title='bbox 1572 2998 1771 3055; x_wconf 88' lang='lat' dir='ltr'><strong>similia</strong></span> <span class='ocrx_word' id='word_1_320' title='bbox 1811 2996 1923 3051; x_wconf 90' lang='lat' dir='ltr'><strong>sint</strong></span> <span class='ocrx_word' id='word_1_321' title='bbox 1953 3009 2047 3063; x_wconf 86' lang='lat' dir='ltr'><strong>ge-</strong></span> 
     </span>
    </p>
   </div>
   <div class='ocr_carea' id='block_1_48' title="bbox 454 3084 2048 3177">
    <p class='ocr_par' dir='ltr' id='par_1_48' title="bbox 454 3084 2048 3177">
     <span class='ocr_line' id='line_1_48' title="bbox 454 3084 2048 3177; baseline -0.015 -15"><span class='ocrx_word' id='word_1_322' title='bbox 454 3107 572 3162; x_wconf 88' lang='lat' dir='ltr'><strong>nita</strong></span> <span class='ocrx_word' id='word_1_323' title='bbox 596 3102 955 3177; x_wconf 86' lang='lat' dir='ltr'><strong>gignentibus</strong></span> <span class='ocrx_word' id='word_1_324' title='bbox 980 3097 1164 3170; x_wconf 90' lang='lat' dir='ltr'><strong>quoad</strong></span> <span class='ocrx_word' id='word_1_325' title='bbox 1196 3096 1585 3157; x_wconf 85' lang='lat' dir='ltr'><strong>substantiam,</strong></span> <span class='ocrx_word' id='word_1_326' title='bbox 1610 3090 1706 3146; x_wconf 90' lang='lat' dir='ltr'><strong>sed</strong></span> <span class='ocrx_word' id='word_1_327' title='bbox 1745 3087 1894 3144; x_wconf 90' lang='lat' dir='ltr'><strong>aliud</strong></span> <span class='ocrx_word' id='word_1_328' title='bbox 1915 3084 2048 3156; x_wconf 83' lang='lat' dir='ltr'><strong>quid</strong></span> 
     </span>
    </p>
   </div>
   <div class='ocr_carea' id='block_1_49' title="bbox 2135 1972 3730 2059">
    <p class='ocr_par' dir='ltr' id='par_1_49' title="bbox 2135 1972 3730 2059">
     <span class='ocr_line' id='line_1_49' title="bbox 2135 1972 3730 2059; baseline -0.008 -19"><span class='ocrx_word' id='word_1_329' title='bbox 2135 1988 2474 2059; x_wconf 84' lang='grc' dir='ltr'>γεννήτορας</span> <span class='ocrx_word' id='word_1_330' title='bbox 2502 1984 2708 2041; x_wconf 81' lang='grc' dir='ltr'>αὐτοῦ’</span> <span class='ocrx_word' id='word_1_331' title='bbox 2750 1984 2889 2040; x_wconf 81' lang='grc' dir='ltr'>ἀλλὰ</span> <span class='ocrx_word' id='word_1_332' title='bbox 2926 1984 3018 2037; x_wconf 82' lang='grc' dir='ltr'>τὸν</span> <span class='ocrx_word' id='word_1_333' title='bbox 3078 1980 3180 2052; x_wconf 77' lang='grc' dir='ltr'>μὲν</span> <span class='ocrx_word' id='word_1_334' title='bbox 3238 1975 3484 2048; x_wconf 86' lang='grc' dir='ltr'>Πατέρα,</span> <span class='ocrx_word' id='word_1_335' title='bbox 3536 1972 3730 2037; x_wconf 80' lang='grc' dir='ltr'>ἁπλῶς</span> 
     </span>
    </p>
   </div>
   <div class='ocr_carea' id='block_1_50' title="bbox 2136 2067 3732 2152">
    <p class='ocr_par' dir='ltr' id='par_1_50' title="bbox 2136 2067 3732 2152">
     <span class='ocr_line' id='line_1_50' title="bbox 2136 2067 3732 2152; baseline -0.008 -20"><span class='ocrx_word' id='word_1_336' title='bbox 2136 2080 2230 2132; x_wconf 76' lang='grc' dir='ltr'>καὶ</span> <span class='ocrx_word' id='word_1_337' title='bbox 2258 2078 2465 2133; x_wconf 85' lang='grc' dir='ltr'>ἁπλοῦν</span> <span class='ocrx_word' id='word_1_338' title='bbox 2487 2093 2502 2108; x_wconf 81' lang='lat'><strong><em>°</em></strong></span> <span class='ocrx_word' id='word_1_339' title='bbox 2534 2078 2635 2152; x_wconf 76' lang='grc' dir='ltr'>τὴν</span> <span class='ocrx_word' id='word_1_340' title='bbox 2667 2079 2725 2134; x_wconf 83' lang='grc' dir='ltr'>δὲ</span> <span class='ocrx_word' id='word_1_341' title='bbox 2778 2077 3032 2149; x_wconf 81' lang='grc' dir='ltr'>Μητέρα,</span> <span class='ocrx_word' id='word_1_342' title='bbox 3068 2073 3209 2147; x_wconf 80' lang='grc' dir='ltr'>μετὰ</span> <span class='ocrx_word' id='word_1_343' title='bbox 3238 2070 3444 2144; x_wconf 80' lang='grc' dir='ltr'>σαρκὸς</span> <span class='ocrx_word' id='word_1_344' title='bbox 3470 2067 3732 2123; x_wconf 83' lang='grc' dir='ltr'>σύνθετον</span> 
     </span>
    </p>
   </div>
   <div class='ocr_carea' id='block_1_51' title="bbox 2135 2165 3240 2241">
    <p class='ocr_par' dir='ltr' id='par_1_51' title="bbox 2135 2165 3240 2241">
     <span class='ocr_line' id='line_1_51' title="bbox 2135 2165 3240 2241; baseline -0.005 -17"><span class='ocrx_word' id='word_1_345' title='bbox 2135 2170 2227 2225; x_wconf 79' lang='grc' dir='ltr'>τὸν</span> <span class='ocrx_word' id='word_1_346' title='bbox 2253 2170 2416 2225; x_wconf 79' lang='grc' dir='ltr'>αὐτὸν</span> <span class='ocrx_word' id='word_1_347' title='bbox 2446 2174 2629 2225; x_wconf 86' lang='grc' dir='ltr'>τεκεῖν</span> <span class='ocrx_word' id='word_1_348' title='bbox 2662 2172 2722 2225; x_wconf 98' lang='lat' dir='ltr'><strong>tv</strong></span> <span class='ocrx_word' id='word_1_349' title='bbox 2741 2168 2964 2241; x_wconf 86' lang='grc' dir='ltr'>Χριστῷ</span> <span class='ocrx_word' id='word_1_350' title='bbox 2991 2165 3240 2237; x_wconf 78' lang='grc' dir='ltr'>νοοῦμεν.</span> 
     </span>
    </p>
   </div>
   <div class='ocr_carea' id='block_1_52' title="bbox 2729 2272 3123 2331">
    <p class='ocr_par' dir='ltr' id='par_1_52' title="bbox 2729 2272 3123 2331">
     <span class='ocr_line' id='line_1_52' title="bbox 2729 2272 3123 2331; baseline -0.013 0"><span class='ocrx_word' id='word_1_351' title='bbox 2729 2276 2979 2331; x_wconf 78' lang='grc' dir='ltr'>ΚΕΦΛΛ.</span> <span class='ocrx_word' id='word_1_352' title='bbox 3023 2272 3123 2327; x_wconf 68' lang='lat' dir='ltr'><strong>Il&quot;.</strong></span> 
     </span>
    </p>
   </div>
   <div class='ocr_carea' id='block_1_53' title="bbox 2212 2350 3728 2438">
    <p class='ocr_par' dir='ltr' id='par_1_53' title="bbox 2212 2350 3728 2438">
     <span class='ocr_line' id='line_1_53' title="bbox 2212 2350 3728 2438; baseline -0.014 -15"><span class='ocrx_word' id='word_1_353' title='bbox 2212 2369 2275 2423; x_wconf 76' lang='lat' dir='ltr'><strong>Et</strong></span> <span class='ocrx_word' id='word_1_354' title='bbox 2308 2366 2510 2438; x_wconf 81' lang='grc' dir='ltr'>κυρίως</span> <span class='ocrx_word' id='word_1_355' title='bbox 2558 2365 2653 2420; x_wconf 73' lang='grc' dir='ltr'>καὶ</span> <span class='ocrx_word' id='word_1_356' title='bbox 2696 2364 2839 2418; x_wconf 86' lang='grc' dir='ltr'>κατά</span> <span class='ocrx_word' id='word_1_357' title='bbox 2880 2360 3141 2432; x_wconf 80' lang='grc' dir='ltr'>ἀλήθειαν</span> <span class='ocrx_word' id='word_1_358' title='bbox 3186 2356 3453 2429; x_wconf 71' lang='grc' dir='ltr'>ἐγεννήθη</span> <span class='ocrx_word' id='word_1_359' title='bbox 3490 2356 3527 2429; x_wconf 81' lang='grc' dir='ltr'><strong>ή</strong></span> <span class='ocrx_word' id='word_1_360' title='bbox 3558 2350 3728 2407; x_wconf 90' lang='grc' dir='ltr'>οὐσία</span> 
     </span>
    </p>
   </div>
   <div class='ocr_carea' id='block_1_54' title="bbox 2139 2446 3735 2530">
    <p class='ocr_par' dir='ltr' id='par_1_54' title="bbox 2139 2446 3735 2530">
     <span class='ocr_line' id='line_1_54' title="bbox 2139 2446 3735 2530; baseline -0.012 -14"><span class='ocrx_word' id='word_1_361' title='bbox 2139 2462 2233 2516; x_wconf 91' lang='grc' dir='ltr'><strong>τοῦ</strong></span> <span class='ocrx_word' id='word_1_362' title='bbox 2261 2460 2400 2515; x_wconf 86' lang='grc' dir='ltr'>Θεοῦ</span> <span class='ocrx_word' id='word_1_363' title='bbox 2430 2460 2605 2530; x_wconf 87' lang='grc' dir='ltr'>Λόγου</span> <span class='ocrx_word' id='word_1_364' title='bbox 2638 2460 2703 2513; x_wconf 80' lang='grc' dir='ltr'><strong>έκ</strong></span> <span class='ocrx_word' id='word_1_365' title='bbox 2722 2458 2824 2527; x_wconf 90' lang='grc' dir='ltr'><strong>τῆς</strong></span> <span class='ocrx_word' id='word_1_366' title='bbox 2844 2455 3033 2518; x_wconf 84' lang='grc' dir='ltr'>οὐσίας</span> <span class='ocrx_word' id='word_1_367' title='bbox 3062 2450 3159 2507; x_wconf 87' lang='grc' dir='ltr'><strong>τοῦ</strong></span> <span class='ocrx_word' id='word_1_368' title='bbox 3190 2450 3425 2521; x_wconf 79' lang='grc' dir='ltr'>Πατρδς,</span> <span class='ocrx_word' id='word_1_369' title='bbox 3451 2448 3549 2504; x_wconf 76' lang='grc' dir='ltr'>καὶ</span> <span class='ocrx_word' id='word_1_370' title='bbox 3577 2446 3672 2501; x_wconf 79' lang='grc' dir='ltr'>ἐστ</span> <span class='ocrx_word' id='word_1_371' title='bbox 3683 2462 3735 2499; x_wconf 92' lang='grc' dir='ltr'><strong>ιν</strong></span> 
     </span>
    </p>
   </div>
   <div class='ocr_carea' id='block_1_55' title="bbox 2141 2538 3736 2623">
    <p class='ocr_par' dir='ltr' id='par_1_55' title="bbox 2141 2538 3736 2623">
     <span class='ocr_line' id='line_1_55' title="bbox 2141 2538 3736 2623; baseline -0.012 -14"><span class='ocrx_word' id='word_1_372' title='bbox 2141 2555 2428 2623; x_wconf 84' lang='grc' dir='ltr'>ὁμοούσιος</span> <span class='ocrx_word' id='word_1_373' title='bbox 2460 2550 2633 2622; x_wconf 86' lang='grc' dir='ltr'>αὐτῷ,</span> <span class='ocrx_word' id='word_1_374' title='bbox 2668 2551 2848 2620; x_wconf 80' lang='grc' dir='ltr'>πάντη</span> <span class='ocrx_word' id='word_1_375' title='bbox 2878 2547 3068 2601; x_wconf 88' lang='grc' dir='ltr'>οὐσίαν</span> <span class='ocrx_word' id='word_1_376' title='bbox 3105 2546 3202 2598; x_wconf 71' lang='grc' dir='ltr'>καὶ</span> <span class='ocrx_word' id='word_1_377' title='bbox 3230 2543 3437 2615; x_wconf 83' lang='grc' dir='ltr'>κυρίως</span> <span class='ocrx_word' id='word_1_378' title='bbox 3463 2540 3560 2596; x_wconf 77' lang='grc' dir='ltr'>καὶ</span> <span class='ocrx_word' id='word_1_379' title='bbox 3585 2538 3736 2592; x_wconf 81' lang='grc' dir='ltr'>κατά</span> 
     </span>
    </p>
   </div>
   <div class='ocr_carea' id='block_1_56' title="bbox 2143 2627 3734 2715">
    <p class='ocr_par' dir='ltr' id='par_1_56' title="bbox 2143 2627 3734 2715">
     <span class='ocr_line' id='line_1_56' title="bbox 2143 2627 3734 2715; baseline -0.012 -15"><span class='ocrx_word' id='word_1_380' title='bbox 2143 2644 2404 2715; x_wconf 85' lang='grc' dir='ltr'>ἀλήθειαν</span> <span class='ocrx_word' id='word_1_381' title='bbox 2460 2643 2725 2714; x_wconf 74' lang='grc' dir='ltr'>ἐγεννήθη</span> <span class='ocrx_word' id='word_1_382' title='bbox 2767 2643 2832 2694; x_wconf 83' lang='grc' dir='ltr'>ὲκ</span> <span class='ocrx_word' id='word_1_383' title='bbox 2867 2639 3128 2708; x_wconf 70' lang='grc' dir='ltr'>γυναικὸς</span> <span class='ocrx_word' id='word_1_384' title='bbox 3158 2639 3193 2707; x_wconf 94' lang='grc' dir='ltr'><strong>ή</strong></span> <span class='ocrx_word' id='word_1_385' title='bbox 3237 2634 3400 2689; x_wconf 86' lang='grc' dir='ltr'>οὐσία</span> <span class='ocrx_word' id='word_1_386' title='bbox 3439 2632 3537 2686; x_wconf 91' lang='grc' dir='ltr'><strong>τοῦ</strong></span> <span class='ocrx_word' id='word_1_387' title='bbox 3590 2627 3734 2683; x_wconf 87' lang='grc' dir='ltr'>Θεοῦ</span> 
     </span>
    </p>
   </div>
   <div class='ocr_carea' id='block_1_57' title="bbox 2144 2719 3731 2801">
    <p class='ocr_par' dir='ltr' id='par_1_57' title="bbox 2144 2719 3731 2801">
     <span class='ocr_line' id='line_1_57' title="bbox 2144 2719 3731 2801; baseline -0.009 -14"><span class='ocrx_word' id='word_1_388' title='bbox 2144 2733 2323 2801; x_wconf 88' lang='grc' dir='ltr'>Λόγου</span> <span class='ocrx_word' id='word_1_389' title='bbox 2346 2749 2362 2763; x_wconf 92' lang='grc'><strong>·</strong></span> <span class='ocrx_word' id='word_1_390' title='bbox 2396 2732 2490 2786; x_wconf 81' lang='grc' dir='ltr'>καὶ</span> <span class='ocrx_word' id='word_1_391' title='bbox 2513 2731 2661 2784; x_wconf 73' lang='grc' dir='ltr'>ἔστιν</span> <span class='ocrx_word' id='word_1_392' title='bbox 2682 2728 2934 2799; x_wconf 84' lang='grc' dir='ltr'>ἀνόμοιος</span> <span class='ocrx_word' id='word_1_393' title='bbox 2958 2726 3100 2797; x_wconf 83' lang='grc' dir='ltr'>αῦτη</span> <span class='ocrx_word' id='word_1_394' title='bbox 3136 2727 3315 2795; x_wconf 83' lang='grc' dir='ltr'>πάντη</span> <span class='ocrx_word' id='word_1_395' title='bbox 3344 2720 3472 2778; x_wconf 87' lang='grc' dir='ltr'>κατ’</span> <span class='ocrx_word' id='word_1_396' title='bbox 3499 2719 3689 2775; x_wconf 88' lang='grc' dir='ltr'>οὐσίαν</span> <span class='ocrx_word' id='word_1_397' title='bbox 3714 2734 3731 2749; x_wconf 76' lang='grc'>⁸</span> 
     </span>
    </p>
   </div>
   <div class='ocr_carea' id='block_1_58' title="bbox 2144 2811 3733 2892">
    <p class='ocr_par' dir='ltr' id='par_1_58' title="bbox 2144 2811 3733 2892">
     <span class='ocr_line' id='line_1_58' title="bbox 2144 2811 3733 2892; baseline -0.008 -16"><span class='ocrx_word' id='word_1_398' title='bbox 2144 2822 2207 2876; x_wconf 91' lang='grc' dir='ltr'><strong>οὐ</strong></span> <span class='ocrx_word' id='word_1_399' title='bbox 2239 2821 2300 2876; x_wconf 79' lang='grc' dir='ltr'>τὸ</span> <span class='ocrx_word' id='word_1_400' title='bbox 2327 2823 2534 2892; x_wconf 87' lang='grc' dir='ltr'>κυρίως</span> <span class='ocrx_word' id='word_1_401' title='bbox 2566 2822 2662 2875; x_wconf 86' lang='grc' dir='ltr'>καὶ</span> <span class='ocrx_word' id='word_1_402' title='bbox 2691 2820 2833 2875; x_wconf 85' lang='grc' dir='ltr'>κατὰ</span> <span class='ocrx_word' id='word_1_403' title='bbox 2862 2817 3119 2890; x_wconf 84' lang='grc' dir='ltr'>ἀλήθειαν</span> <span class='ocrx_word' id='word_1_404' title='bbox 3138 2814 3467 2886; x_wconf 82' lang='grc' dir='ltr'>γεννηθῆναι</span> <span class='ocrx_word' id='word_1_405' title='bbox 3500 2812 3600 2883; x_wconf 77' lang='grc' dir='ltr'>τὴν</span> <span class='ocrx_word' id='word_1_406' title='bbox 3633 2811 3733 2864; x_wconf 83' lang='grc' dir='ltr'>οὐ-</span> 
     </span>
    </p>
   </div>
   <div class='ocr_carea' id='block_1_59' title="bbox 2148 2902 3734 2985">
    <p class='ocr_par' dir='ltr' id='par_1_59' title="bbox 2148 2902 3734 2985">
     <span class='ocr_line' id='line_1_59' title="bbox 2148 2902 3734 2985; baseline -0.008 -17"><span class='ocrx_word' id='word_1_407' title='bbox 2148 2914 2271 2969; x_wconf 90' lang='grc' dir='ltr'>σίαν</span> <span class='ocrx_word' id='word_1_408' title='bbox 2298 2916 2363 2968; x_wconf 76' lang='grc' dir='ltr'>ἐκ</span> <span class='ocrx_word' id='word_1_409' title='bbox 2386 2913 2490 2985; x_wconf 86' lang='grc' dir='ltr'><strong>τῆς</strong></span> <span class='ocrx_word' id='word_1_410' title='bbox 2517 2912 2701 2977; x_wconf 88' lang='grc' dir='ltr'>οὐσίας</span> <span class='ocrx_word' id='word_1_411' title='bbox 2732 2911 2871 2977; x_wconf 71' lang='grc' dir='ltr'>ἐστὶ,</span> <span class='ocrx_word' id='word_1_412' title='bbox 2891 2909 2952 2965; x_wconf 79' lang='grc' dir='ltr'>τὸ</span> <span class='ocrx_word' id='word_1_413' title='bbox 2980 2909 3173 2964; x_wconf 86' lang='grc' dir='ltr'>ποιοῦν</span> <span class='ocrx_word' id='word_1_414' title='bbox 3198 2908 3381 2978; x_wconf 86' lang='grc' dir='ltr'>πάντη</span> <span class='ocrx_word' id='word_1_415' title='bbox 3412 2906 3576 2977; x_wconf 81' lang='grc' dir='ltr'>ὃμοια</span> <span class='ocrx_word' id='word_1_416' title='bbox 3606 2902 3734 2958; x_wconf 72' lang='grc' dir='ltr'>κατ’</span> 
     </span>
    </p>
   </div>
   <div class='ocr_carea' id='block_1_60' title="bbox 2148 2996 3737 3076">
    <p class='ocr_par' dir='ltr' id='par_1_60' title="bbox 2148 2996 3737 3076">
     <span class='ocr_line' id='line_1_60' title="bbox 2148 2996 3737 3076; baseline -0.008 -16"><span class='ocrx_word' id='word_1_417' title='bbox 2148 3005 2343 3060; x_wconf 90' lang='grc' dir='ltr'>οὐσίαν</span> <span class='ocrx_word' id='word_1_418' title='bbox 2376 3006 2445 3060; x_wconf 76' lang='grc' dir='ltr'><strong>τά</strong></span> <span class='ocrx_word' id='word_1_419' title='bbox 2469 3004 2768 3076; x_wconf 86' lang='grc' dir='ltr'>τικτόμενα</span> <span class='ocrx_word' id='word_1_420' title='bbox 2798 3004 2914 3067; x_wconf 84' lang='grc' dir='ltr'>τοῖς</span> <span class='ocrx_word' id='word_1_421' title='bbox 2935 3002 3239 3067; x_wconf 86' lang='grc' dir='ltr'>τίκτουσιν,</span> <span class='ocrx_word' id='word_1_422' title='bbox 3268 2998 3408 3054; x_wconf 88' lang='grc' dir='ltr'>άλλά</span> <span class='ocrx_word' id='word_1_423' title='bbox 3437 3014 3489 3052; x_wconf 89' lang='grc' dir='ltr'><strong>τι</strong></span> <span class='ocrx_word' id='word_1_424' title='bbox 3519 2996 3737 3067; x_wconf 66' lang='grc' dir='ltr'>ἕτερον,</span> 
     </span>
    </p>
   </div>
   <div class='ocr_carea' id='block_1_61' title="bbox 2150 3088 3737 3171">
    <p class='ocr_par' dir='ltr' id='par_1_61' title="bbox 2150 3088 3737 3171">
     <span class='ocr_line' id='line_1_61' title="bbox 2150 3088 3737 3171; baseline -0.008 -17"><span class='ocrx_word' id='word_1_425' title='bbox 2150 3100 2288 3171; x_wconf 82' lang='grc' dir='ltr'>ὅπερ</span> <span class='ocrx_word' id='word_1_426' title='bbox 2315 3099 2440 3153; x_wconf 80' lang='grc' dir='ltr'>οὐδὲ</span> <span class='ocrx_word' id='word_1_427' title='bbox 2470 3100 2760 3170; x_wconf 68' lang='grc' dir='ltr'>ἐπινοῆσαι</span> <span class='ocrx_word' id='word_1_428' title='bbox 2788 3096 3040 3151; x_wconf 87' lang='grc' dir='ltr'>δυνατόν.</span> <span class='ocrx_word' id='word_1_429' title='bbox 3082 3094 3306 3166; x_wconf 79' lang='grc' dir='ltr'>Κυρίως</span> <span class='ocrx_word' id='word_1_430' title='bbox 3336 3092 3439 3163; x_wconf 83' lang='grc' dir='ltr'>μὲν</span> <span class='ocrx_word' id='word_1_431' title='bbox 3458 3090 3555 3144; x_wconf 78' lang='grc' dir='ltr'>καὶ</span> <span class='ocrx_word' id='word_1_432' title='bbox 3586 3088 3737 3143; x_wconf 79' lang='grc' dir='ltr'>κατά</span> 
     </span>
    </p>
   </div>
   <div class='ocr_carea' id='block_1_62' title="bbox 457 3180 2048 3271">
    <p class='ocr_par' dir='ltr' id='par_1_62' title="bbox 457 3184 2039 3271">
     <span class='ocr_line' id='line_1_62' title="bbox 457 3184 2039 3271; baseline -0.015 -18"><span class='ocrx_word' id='word_1_433' title='bbox 457 3197 607 3271; x_wconf 89' lang='lat' dir='ltr'><strong>quod</strong></span> <span class='ocrx_word' id='word_1_434' title='bbox 636 3211 741 3251; x_wconf 91' lang='lat' dir='ltr'><strong>nec</strong></span> <span class='ocrx_word' id='word_1_435' title='bbox 765 3193 983 3263; x_wconf 87' lang='lat' dir='ltr'><strong>concipi</strong></span> <span class='ocrx_word' id='word_1_436' title='bbox 1012 3198 1215 3262; x_wconf 92' lang='lat' dir='ltr'><strong>potest.</strong></span> <span class='ocrx_word' id='word_1_437' title='bbox 1260 3186 1487 3257; x_wconf 89' lang='lat' dir='ltr'><strong>Proprie</strong></span> <span class='ocrx_word' id='word_1_438' title='bbox 1507 3184 1734 3255; x_wconf 85' lang='lat' dir='ltr'><strong>quidem</strong></span> <span class='ocrx_word' id='word_1_439' title='bbox 1759 3189 1814 3235; x_wconf 91' lang='lat' dir='ltr'><strong>et</strong></span> <span class='ocrx_word' id='word_1_440' title='bbox 1845 3193 2039 3234; x_wconf 89' lang='lat' dir='ltr'><strong>secun-</strong></span> 
     </span>
    </p>
   </div>
   <div class='ocr_carea' id='block_1_63' title="bbox 2152 3180 3737 3271">
    <p class='ocr_par' dir='ltr' id='par_1_63' title="bbox 2152 3180 3737 3263">
     <span class='ocr_line' id='line_1_63' title="bbox 2152 3180 3737 3263; baseline -0.009 -16"><span class='ocrx_word' id='word_1_441' title='bbox 2152 3192 2412 3261; x_wconf 82' lang='grc' dir='ltr'>ἀλήθειαν</span> <span class='ocrx_word' id='word_1_442' title='bbox 2440 3191 2475 3263; x_wconf 87' lang='grc' dir='ltr'><strong>ή</strong></span> <span class='ocrx_word' id='word_1_443' title='bbox 2501 3191 2661 3245; x_wconf 88' lang='grc' dir='ltr'>οὐσία</span> <span class='ocrx_word' id='word_1_444' title='bbox 2701 3188 2797 3243; x_wconf 90' lang='grc' dir='ltr'><strong>τοῦ</strong></span> <span class='ocrx_word' id='word_1_445' title='bbox 2831 3189 2967 3243; x_wconf 89' lang='grc' dir='ltr'>Θεοῦ</span> <span class='ocrx_word' id='word_1_446' title='bbox 3005 3188 3182 3256; x_wconf 85' lang='grc' dir='ltr'>Λόγου</span> <span class='ocrx_word' id='word_1_447' title='bbox 3227 3185 3293 3239; x_wconf 75' lang='grc' dir='ltr'>ἐκ</span> <span class='ocrx_word' id='word_1_448' title='bbox 3324 3202 3386 3238; x_wconf 90' lang='grc' dir='ltr'><strong>τε</strong></span> <span class='ocrx_word' id='word_1_449' title='bbox 3413 3184 3513 3254; x_wconf 87' lang='grc' dir='ltr'><strong>τῆς</strong></span> <span class='ocrx_word' id='word_1_450' title='bbox 3542 3180 3737 3241; x_wconf 82' lang='grc' dir='ltr'>οὐσίας</span> 
     </span>
    </p>
   </div>
   <div class='ocr_carea' id='block_1_64' title="bbox 458 3268 2044 3345">
    <p class='ocr_par' dir='ltr' id='par_1_64' title="bbox 458 3268 2044 3345">
     <span class='ocr_line' id='line_1_64' title="bbox 458 3268 2044 3345; baseline -0.015 0"><span class='ocrx_word' id='word_1_451' title='bbox 458 3268 593 3345; x_wconf 85' lang='lat' dir='ltr'><strong>dum</strong></span> <span class='ocrx_word' id='word_1_452' title='bbox 616 3286 905 3343; x_wconf 82' lang='lat' dir='ltr'><strong>veritatem</strong></span> <span class='ocrx_word' id='word_1_453' title='bbox 949 3280 1260 3338; x_wconf 88' lang='lat' dir='ltr'><strong>substantia</strong></span> <span class='ocrx_word' id='word_1_454' title='bbox 1287 3278 1383 3333; x_wconf 87' lang='lat' dir='ltr'><strong>Dei</strong></span> <span class='ocrx_word' id='word_1_455' title='bbox 1425 3274 1618 3341; x_wconf 86' lang='lat' dir='ltr'><strong>Verbi,</strong></span> <span class='ocrx_word' id='word_1_456' title='bbox 1670 3284 1785 3328; x_wconf 91' lang='lat' dir='ltr'><strong>tum</strong></span> <span class='ocrx_word' id='word_1_457' title='bbox 1811 3286 1876 3325; x_wconf 83' lang='lat' dir='ltr'><strong>ex</strong></span> <span class='ocrx_word' id='word_1_458' title='bbox 1916 3268 2044 3323; x_wconf 85' lang='lat' dir='ltr'><strong>sub-</strong></span> 
     </span>
    </p>
   </div>
   <div class='ocr_carea' id='block_1_65' title="bbox 458 3360 2044 3453">
    <p class='ocr_par' dir='ltr' id='par_1_65' title="bbox 458 3360 2044 3453">
     <span class='ocr_line' id='line_1_65' title="bbox 458 3360 2044 3453; baseline -0.015 -16"><span class='ocrx_word' id='word_1_459' title='bbox 458 3381 664 3453; x_wconf 86' lang='lat' dir='ltr'><strong>stantia</strong></span> <span class='ocrx_word' id='word_1_460' title='bbox 707 3377 907 3442; x_wconf 90' lang='lat' dir='ltr'><strong>Patris,</strong></span> <span class='ocrx_word' id='word_1_461' title='bbox 944 3384 1059 3431; x_wconf 90' lang='lat' dir='ltr'><strong>tum</strong></span> <span class='ocrx_word' id='word_1_462' title='bbox 1094 3390 1163 3429; x_wconf 77' lang='lat' dir='ltr'><strong>ex</strong></span> <span class='ocrx_word' id='word_1_463' title='bbox 1205 3368 1517 3428; x_wconf 88' lang='lat' dir='ltr'><strong>substantia</strong></span> <span class='ocrx_word' id='word_1_464' title='bbox 1557 3374 1760 3423; x_wconf 68' lang='lat' dir='ltr'><strong>sancta:</strong></span> <span class='ocrx_word' id='word_1_465' title='bbox 1801 3360 2044 3433; x_wconf 87' lang='lat' dir='ltr'><strong>Virginis</strong></span> 
     </span>
    </p>
   </div>
   <div class='ocr_carea' id='block_1_66' title="bbox 461 3454 2044 3544">
    <p class='ocr_par' dir='ltr' id='par_1_66' title="bbox 461 3454 2044 3544">
     <span class='ocr_line' id='line_1_66' title="bbox 461 3454 2044 3544; baseline -0.015 -15"><span class='ocrx_word' id='word_1_466' title='bbox 461 3473 643 3544; x_wconf 89' lang='lat' dir='ltr'><strong>genita</strong></span> <span class='ocrx_word' id='word_1_467' title='bbox 664 3477 771 3536; x_wconf 93' lang='lat' dir='ltr'><strong>est,</strong></span> <span class='ocrx_word' id='word_1_468' title='bbox 803 3467 898 3525; x_wconf 89' lang='lat' dir='ltr'><strong>sed</strong></span> <span class='ocrx_word' id='word_1_469' title='bbox 929 3482 1038 3521; x_wconf 93' lang='lat' dir='ltr'><strong>non</strong></span> <span class='ocrx_word' id='word_1_470' title='bbox 1075 3464 1245 3521; x_wconf 89' lang='lat' dir='ltr'><strong>simili</strong></span> <span class='ocrx_word' id='word_1_471' title='bbox 1269 3459 1641 3534; x_wconf 85' lang='lat' dir='ltr'><strong>generatione,</strong></span> <span class='ocrx_word' id='word_1_472' title='bbox 1672 3470 1777 3511; x_wconf 92' lang='lat' dir='ltr'><strong>nec</strong></span> <span class='ocrx_word' id='word_1_473' title='bbox 1805 3454 1948 3509; x_wconf 93' lang='lat' dir='ltr'><strong>idem</strong></span> <span class='ocrx_word' id='word_1_474' title='bbox 1977 3467 2044 3507; x_wconf 81' lang='lat' dir='ltr'><strong>ex</strong></span> 
     </span>
    </p>
   </div>
   <div class='ocr_carea' id='block_1_67' title="bbox 464 3545 2046 3636">
    <p class='ocr_par' dir='ltr' id='par_1_67' title="bbox 464 3545 2046 3636">
     <span class='ocr_line' id='line_1_67' title="bbox 464 3545 2046 3636; baseline -0.015 -14"><span class='ocrx_word' id='word_1_475' title='bbox 464 3578 702 3636; x_wconf 90' lang='lat' dir='ltr'><strong>utroque</strong></span> <span class='ocrx_word' id='word_1_476' title='bbox 750 3560 1072 3633; x_wconf 86' lang='lat' dir='ltr'><strong>accipiendo</strong></span> <span class='ocrx_word' id='word_1_477' title='bbox 1101 3566 1155 3613; x_wconf 81' lang='lat' dir='ltr'><strong>et</strong></span> <span class='ocrx_word' id='word_1_478' title='bbox 1182 3553 1537 3630; x_wconf 90' lang='lat' dir='ltr'><strong>possidendo.</strong></span> <span class='ocrx_word' id='word_1_479' title='bbox 1585 3552 1666 3607; x_wconf 81' lang='lat' dir='ltr'><strong>Ex</strong></span> <span class='ocrx_word' id='word_1_480' title='bbox 1694 3549 1870 3621; x_wconf 90' lang='lat' dir='ltr'><strong>prima</strong></span> <span class='ocrx_word' id='word_1_481' title='bbox 1894 3545 2046 3602; x_wconf 91' lang='lat' dir='ltr'><strong>enim</strong></span> 
     </span>
    </p>
   </div>
   <div class='ocr_carea' id='block_1_68' title="bbox 462 3638 2045 3729">
    <p class='ocr_par' dir='ltr' id='par_1_68' title="bbox 462 3638 2045 3729">
     <span class='ocr_line' id='line_1_68' title="bbox 462 3638 2045 3729; baseline -0.015 -15"><span class='ocrx_word' id='word_1_482' title='bbox 462 3660 585 3729; x_wconf 83' lang='lat' dir='ltr'><strong>ejus</strong></span> <span class='ocrx_word' id='word_1_483' title='bbox 626 3673 695 3711; x_wconf 81' lang='lat' dir='ltr'><strong>ex</strong></span> <span class='ocrx_word' id='word_1_484' title='bbox 722 3657 881 3710; x_wconf 86' lang='lat' dir='ltr'><strong>Patre</strong></span> <span class='ocrx_word' id='word_1_485' title='bbox 909 3652 1265 3723; x_wconf 87' lang='lat' dir='ltr'><strong>generatione</strong></span> <span class='ocrx_word' id='word_1_486' title='bbox 1300 3647 1469 3703; x_wconf 87' lang='lat' dir='ltr'><strong>habet</strong></span> <span class='ocrx_word' id='word_1_487' title='bbox 1497 3658 1659 3699; x_wconf 87' lang='lat' dir='ltr'><strong>suum</strong></span> <span class='ocrx_word' id='word_1_488' title='bbox 1690 3656 1833 3706; x_wconf 89' lang='lat' dir='ltr'><strong>esse,</strong></span> <span class='ocrx_word' id='word_1_489' title='bbox 1864 3638 2045 3694; x_wconf 87' lang='lat' dir='ltr'><strong>solum</strong></span> 
     </span>
    </p>
   </div>
   <div class='ocr_carea' id='block_1_69' title="bbox 463 3730 2046 3815">
    <p class='ocr_par' dir='ltr' id='par_1_69' title="bbox 463 3730 2046 3815">
     <span class='ocr_line' id='line_1_69' title="bbox 463 3730 2046 3815; baseline -0.016 -7"><span class='ocrx_word' id='word_1_490' title='bbox 463 3768 534 3809; x_wconf 79' lang='lat' dir='ltr'><strong>ex</strong></span> <span class='ocrx_word' id='word_1_491' title='bbox 584 3751 721 3815; x_wconf 90' lang='lat' dir='ltr'><strong>sola,</strong></span> <span class='ocrx_word' id='word_1_492' title='bbox 761 3756 947 3814; x_wconf 53' lang='lat' dir='ltr'><strong>totum</strong></span> <span class='ocrx_word' id='word_1_493' title='bbox 993 3760 1062 3799; x_wconf 79' lang='lat' dir='ltr'><strong>ex</strong></span> <span class='ocrx_word' id='word_1_494' title='bbox 1112 3752 1245 3808; x_wconf 90' lang='lat' dir='ltr'><strong>tota,</strong></span> <span class='ocrx_word' id='word_1_495' title='bbox 1296 3738 1543 3808; x_wconf 90' lang='lat' dir='ltr'><strong>illudque</strong></span> <span class='ocrx_word' id='word_1_496' title='bbox 1583 3735 1705 3791; x_wconf 91' lang='lat' dir='ltr'><strong>sine</strong></span> <span class='ocrx_word' id='word_1_497' title='bbox 1747 3730 2046 3804; x_wconf 90' lang='lat' dir='ltr'><strong>principio,</strong></span> 
     </span>
    </p>
   </div>
   <div class='ocr_carea' id='block_1_70' title="bbox 465 3823 2045 3910">
    <p class='ocr_par' dir='ltr' id='par_1_70' title="bbox 465 3823 2045 3910">
     <span class='ocr_line' id='line_1_70' title="bbox 465 3823 2045 3910; baseline -0.016 -11"><span class='ocrx_word' id='word_1_498' title='bbox 465 3844 585 3899; x_wconf 91' lang='lat' dir='ltr'><strong>sine</strong></span> <span class='ocrx_word' id='word_1_499' title='bbox 610 3851 880 3910; x_wconf 90' lang='lat' dir='ltr'><strong>tempore,</strong></span> <span class='ocrx_word' id='word_1_500' title='bbox 924 3835 992 3890; x_wconf 91' lang='lat' dir='ltr'><strong>ab</strong></span> <span class='ocrx_word' id='word_1_501' title='bbox 1035 3843 1265 3898; x_wconf 62' lang='lat' dir='ltr'><strong>aeterno,</strong></span> <span class='ocrx_word' id='word_1_502' title='bbox 1294 3843 1351 3887; x_wconf 89' lang='lat' dir='ltr'><strong>et</strong></span> <span class='ocrx_word' id='word_1_503' title='bbox 1379 3839 1579 3886; x_wconf 68' lang='lat' dir='ltr'><strong>caetera</strong></span> <span class='ocrx_word' id='word_1_504' title='bbox 1609 3841 1733 3897; x_wconf 71' lang='lat' dir='ltr'><strong>quae</strong></span> <span class='ocrx_word' id='word_1_505' title='bbox 1768 3823 1863 3879; x_wconf 93' lang='lat' dir='ltr'><strong>Dei</strong></span> <span class='ocrx_word' id='word_1_506' title='bbox 1894 3828 2045 3877; x_wconf 91' lang='lat' dir='ltr'><strong>sunt.</strong></span> 
     </span>
    </p>
   </div>
   <div class='ocr_carea' id='block_1_71' title="bbox 466 3917 2050 3994">
    <p class='ocr_par' dir='ltr' id='par_1_71' title="bbox 466 3917 2050 3994">
     <span class='ocr_line' id='line_1_71' title="bbox 466 3917 2050 3994; baseline -0.015 -2"><span class='ocrx_word' id='word_1_507' title='bbox 466 3937 548 3994; x_wconf 78' lang='lat' dir='ltr'><strong>Ex</strong></span> <span class='ocrx_word' id='word_1_508' title='bbox 577 3932 822 3990; x_wconf 91' lang='lat' dir='ltr'><strong>secunda</strong></span> <span class='ocrx_word' id='word_1_509' title='bbox 864 3938 1051 3985; x_wconf 87' lang='lat' dir='ltr'><strong>autem</strong></span> <span class='ocrx_word' id='word_1_510' title='bbox 1090 3926 1259 3981; x_wconf 90' lang='lat' dir='ltr'><strong>habet</strong></span> <span class='ocrx_word' id='word_1_511' title='bbox 1293 3937 1455 3979; x_wconf 91' lang='lat' dir='ltr'><strong>suum</strong></span> <span class='ocrx_word' id='word_1_512' title='bbox 1502 3936 1626 3977; x_wconf 90' lang='lat' dir='ltr'><strong>esse</strong></span> <span class='ocrx_word' id='word_1_513' title='bbox 1659 3917 1956 3975; x_wconf 88' lang='lat' dir='ltr'><strong>carnaliter</strong></span> <span class='ocrx_word' id='word_1_514' title='bbox 1992 3922 2050 3969; x_wconf 89' lang='lat' dir='ltr'><strong>et</strong></span> 
     </span>
    </p>
   </div>
   <div class='ocr_carea' id='block_1_72' title="bbox 468 4014 2050 4097">
    <p class='ocr_par' dir='ltr' id='par_1_72' title="bbox 468 4014 2050 4097">
     <span class='ocr_line' id='line_1_72' title="bbox 468 4014 2050 4097; baseline -0.016 -12"><span class='ocrx_word' id='word_1_515' title='bbox 468 4027 762 4097; x_wconf 71' lang='lat' dir='ltr'><strong>mcwpisse</strong></span> <span class='ocrx_word' id='word_1_516' title='bbox 804 4023 1019 4079; x_wconf 90' lang='lat' dir='ltr'><strong>ratione</strong></span> <span class='ocrx_word' id='word_1_517' title='bbox 1058 4015 1349 4088; x_wconf 91' lang='lat' dir='ltr'><strong>compositi</strong></span> <span class='ocrx_word' id='word_1_518' title='bbox 1385 4014 1442 4068; x_wconf 92' lang='lat' dir='ltr'><strong>in</strong></span> <span class='ocrx_word' id='word_1_519' title='bbox 1469 4022 1740 4083; x_wconf 90' lang='lat' dir='ltr'><strong>tempore,</strong></span> <span class='ocrx_word' id='word_1_520' title='bbox 1772 4017 1828 4064; x_wconf 90' lang='lat' dir='ltr'><strong>et</strong></span> <span class='ocrx_word' id='word_1_521' title='bbox 1853 4014 2050 4062; x_wconf 60' lang='lat' dir='ltr'><strong>caetera</strong></span> 
     </span>
    </p>
   </div>
   <div class='ocr_carea' id='block_1_73' title="bbox 469 4105 2051 4182">
    <p class='ocr_par' dir='ltr' id='par_1_73' title="bbox 469 4105 2051 4182">
     <span class='ocr_line' id='line_1_73' title="bbox 469 4105 2051 4182; baseline -0.017 -1"><span class='ocrx_word' id='word_1_522' title='bbox 469 4130 539 4182; x_wconf 89' lang='lat' dir='ltr'><strong>ad</strong></span> <span class='ocrx_word' id='word_1_523' title='bbox 582 4131 827 4178; x_wconf 91' lang='lat' dir='ltr'><strong>nostram</strong></span> <span class='ocrx_word' id='word_1_524' title='bbox 872 4114 1314 4175; x_wconf 91' lang='lat' dir='ltr'><strong>similitudinem.</strong></span> <span class='ocrx_word' id='word_1_525' title='bbox 1369 4106 1657 4178; x_wconf 84' lang='lat' dir='ltr'><strong>Quomodo</strong></span> <span class='ocrx_word' id='word_1_526' title='bbox 1708 4105 1876 4177; x_wconf 89' lang='lat' dir='ltr'><strong>igitur</strong></span> <span class='ocrx_word' id='word_1_527' title='bbox 1923 4115 2051 4157; x_wconf 88' lang='lat' dir='ltr'><strong>cum</strong></span> 
     </span>
    </p>
   </div>
   <div class='ocr_carea' id='block_1_74' title="bbox 470 4191 2053 4275">
    <p class='ocr_par' dir='ltr' id='par_1_74' title="bbox 470 4191 2053 4275">
     <span class='ocr_line' id='line_1_74' title="bbox 470 4191 2053 4275; baseline -0.017 -1"><span class='ocrx_word' id='word_1_528' title='bbox 470 4235 581 4273; x_wconf 91' lang='lat' dir='ltr'><strong>non</strong></span> <span class='ocrx_word' id='word_1_529' title='bbox 622 4216 679 4272; x_wconf 91' lang='lat' dir='ltr'><strong>in</strong></span> <span class='ocrx_word' id='word_1_530' title='bbox 726 4214 873 4269; x_wconf 91' lang='lat' dir='ltr'><strong>idem</strong></span> <span class='ocrx_word' id='word_1_531' title='bbox 913 4225 1017 4266; x_wconf 88' lang='lat' dir='ltr'><strong>nec</strong></span> <span class='ocrx_word' id='word_1_532' title='bbox 1048 4204 1356 4275; x_wconf 84' lang='lat' dir='ltr'><strong>secundum</strong></span> <span class='ocrx_word' id='word_1_533' title='bbox 1381 4200 1639 4258; x_wconf 89' lang='lat' dir='ltr'><strong>eumdem</strong></span> <span class='ocrx_word' id='word_1_534' title='bbox 1677 4191 2053 4269; x_wconf 88' lang='lat' dir='ltr'><strong>generationis</strong></span> 
     </span>
    </p>
   </div>
   <div class='ocr_carea' id='block_1_75' title="bbox 471 4288 2054 4379">
    <p class='ocr_par' dir='ltr' id='par_1_75' title="bbox 471 4288 2054 4379">
     <span class='ocr_line' id='line_1_75' title="bbox 471 4288 2054 4379; baseline -0.017 -13"><span class='ocrx_word' id='word_1_535' title='bbox 471 4310 695 4367; x_wconf 91' lang='lat' dir='ltr'><strong>modum</strong></span> <span class='ocrx_word' id='word_1_536' title='bbox 726 4306 972 4379; x_wconf 83' lang='lat' dir='ltr'><strong>genitura</strong></span> <span class='ocrx_word' id='word_1_537' title='bbox 1006 4302 1098 4364; x_wconf 90' lang='lat' dir='ltr'><strong>sit,</strong></span> <span class='ocrx_word' id='word_1_538' title='bbox 1135 4297 1355 4355; x_wconf 87' lang='lat' dir='ltr'><strong>easdem</strong></span> <span class='ocrx_word' id='word_1_539' title='bbox 1385 4295 1444 4351; x_wconf 88' lang='lat' dir='ltr'><strong>in</strong></span> <span class='ocrx_word' id='word_1_540' title='bbox 1488 4308 1557 4349; x_wconf 94' lang='lat' dir='ltr'><strong>eo</strong></span> <span class='ocrx_word' id='word_1_541' title='bbox 1606 4288 1856 4362; x_wconf 68' lang='lat' dir='ltr'><strong>quaeritis</strong></span> <span class='ocrx_word' id='word_1_542' title='bbox 1894 4294 2054 4341; x_wconf 86' lang='lat' dir='ltr'><strong>notas</strong></span> 
     </span>
    </p>
   </div>
   <div class='ocr_carea' id='block_1_76' title="bbox 471 4378 2053 4467">
    <p class='ocr_par' dir='ltr' id='par_1_76' title="bbox 471 4378 2053 4467">
     <span class='ocr_line' id='line_1_76' title="bbox 471 4378 2053 4467; baseline -0.018 -8"><span class='ocrx_word' id='word_1_543' title='bbox 471 4401 797 4459; x_wconf 82' lang='lat' dir='ltr'><strong>alterutrius</strong></span> <span class='ocrx_word' id='word_1_544' title='bbox 841 4394 1076 4467; x_wconf 83' lang='lat' dir='ltr'><strong>originis</strong></span> <span class='ocrx_word' id='word_1_545' title='bbox 1117 4391 1186 4447; x_wconf 91' lang='lat' dir='ltr'><strong>ad</strong></span> <span class='ocrx_word' id='word_1_546' title='bbox 1233 4387 1607 4446; x_wconf 91' lang='lat' dir='ltr'><strong>ostensionem</strong></span> <span class='ocrx_word' id='word_1_547' title='bbox 1638 4396 1827 4438; x_wconf 92' lang='lat' dir='ltr'><strong>veram</strong></span> <span class='ocrx_word' id='word_1_548' title='bbox 1858 4378 2053 4449; x_wconf 58' lang='lat' dir='ltr'><strong>prima</strong></span> 
     </span>
    </p>
   </div>
   <div class='ocr_carea' id='block_1_77' title="bbox 471 4477 2054 4567">
    <p class='ocr_par' dir='ltr' id='par_1_77' title="bbox 471 4477 2054 4567">
     <span class='ocr_line' id='line_1_77' title="bbox 471 4477 2054 4567; baseline -0.018 -15"><span class='ocrx_word' id='word_1_549' title='bbox 471 4498 593 4567; x_wconf 86' lang='lat' dir='ltr'><strong>ejus</strong></span> <span class='ocrx_word' id='word_1_550' title='bbox 635 4500 692 4549; x_wconf 86' lang='lat' dir='ltr'><strong>et</strong></span> <span class='ocrx_word' id='word_1_551' title='bbox 744 4488 1004 4547; x_wconf 80' lang='lat' dir='ltr'><strong>secundae</strong></span> <span class='ocrx_word' id='word_1_552' title='bbox 1040 4480 1433 4557; x_wconf 86' lang='lat' dir='ltr'><strong>generationis,</strong></span> <span class='ocrx_word' id='word_1_553' title='bbox 1478 4489 1536 4535; x_wconf 89' lang='lat' dir='ltr'><strong>et</strong></span> <span class='ocrx_word' id='word_1_554' title='bbox 1576 4477 1633 4532; x_wconf 91' lang='lat' dir='ltr'><strong>in</strong></span> <span class='ocrx_word' id='word_1_555' title='bbox 1666 4486 1901 4544; x_wconf 90' lang='lat' dir='ltr'><strong>utraque</strong></span> <span class='ocrx_word' id='word_1_556' title='bbox 1930 4486 2054 4526; x_wconf 90' lang='lat' dir='ltr'><strong>om-</strong></span> 
     </span>
    </p>
   </div>
   <div class='ocr_carea' id='block_1_78' title="bbox 2149 3275 3735 3356">
    <p class='ocr_par' dir='ltr' id='par_1_78' title="bbox 2149 3275 3735 3356">
     <span class='ocr_line' id='line_1_78' title="bbox 2149 3275 3735 3356; baseline -0.008 -18"><span class='ocrx_word' id='word_1_557' title='bbox 2149 3285 2246 3339; x_wconf 88' lang='grc' dir='ltr'><strong>τοῦ</strong></span> <span class='ocrx_word' id='word_1_558' title='bbox 2277 3283 2495 3356; x_wconf 83' lang='grc' dir='ltr'>Πατρδς</span> <span class='ocrx_word' id='word_1_559' title='bbox 2526 3284 2622 3338; x_wconf 76' lang='grc' dir='ltr'>καὶ</span> <span class='ocrx_word' id='word_1_560' title='bbox 2648 3284 2713 3336; x_wconf 81' lang='grc' dir='ltr'>ὲκ</span> <span class='ocrx_word' id='word_1_561' title='bbox 2734 3282 2836 3353; x_wconf 88' lang='grc' dir='ltr'><strong>τῆς</strong></span> <span class='ocrx_word' id='word_1_562' title='bbox 2864 3280 3029 3349; x_wconf 78' lang='grc' dir='ltr'>ἁγίας</span> <span class='ocrx_word' id='word_1_563' title='bbox 3059 3276 3338 3349; x_wconf 87' lang='grc' dir='ltr'>Παρθένου</span> <span class='ocrx_word' id='word_1_564' title='bbox 3363 3275 3695 3346; x_wconf 89' lang='grc' dir='ltr'>γεγέννηται</span> <span class='ocrx_word' id='word_1_565' title='bbox 3718 3287 3735 3303; x_wconf 75' lang='grc' dir='ltr'><strong>ο</strong></span> 
     </span>
    </p>
   </div>
   <div class='ocr_carea' id='block_1_79' title="bbox 2151 3363 3738 3444">
    <p class='ocr_par' dir='ltr' id='par_1_79' title="bbox 2151 3363 3738 3444">
     <span class='ocr_line' id='line_1_79' title="bbox 2151 3363 3738 3444; baseline -0.008 -17"><span class='ocrx_word' id='word_1_566' title='bbox 2151 3372 2269 3428; x_wconf 78' lang='grc' dir='ltr'>ἀλλ’</span> <span class='ocrx_word' id='word_1_567' title='bbox 2306 3372 2368 3426; x_wconf 89' lang='grc' dir='ltr'><strong>οὐ</strong></span> <span class='ocrx_word' id='word_1_568' title='bbox 2396 3375 2463 3444; x_wconf 76' lang='grc' dir='ltr'>τῇ</span> <span class='ocrx_word' id='word_1_569' title='bbox 2487 3372 2652 3444; x_wconf 80' lang='grc' dir='ltr'>ὁμοίᾳ</span> <span class='ocrx_word' id='word_1_570' title='bbox 2675 3374 2950 3442; x_wconf 81' lang='grc' dir='ltr'>γεννήσει,</span> <span class='ocrx_word' id='word_1_571' title='bbox 2978 3367 3101 3423; x_wconf 81' lang='grc' dir='ltr'>οὐτε</span> <span class='ocrx_word' id='word_1_572' title='bbox 3131 3368 3193 3422; x_wconf 88' lang='grc' dir='ltr'>τὸ</span> <span class='ocrx_word' id='word_1_573' title='bbox 3235 3366 3369 3421; x_wconf 82' lang='grc' dir='ltr'>αὐτὸ</span> <span class='ocrx_word' id='word_1_574' title='bbox 3420 3364 3483 3430; x_wconf 78' lang='grc' dir='ltr'><strong>ἐξ</strong></span> <span class='ocrx_word' id='word_1_575' title='bbox 3534 3363 3738 3417; x_wconf 81' lang='grc' dir='ltr'>ἑκατέ-</span> 
     </span>
    </p>
   </div>
   <div class='ocr_carea' id='block_1_80' title="bbox 2125 3452 3744 3554">
    <p class='ocr_par' dir='ltr' id='par_1_80' title="bbox 2125 3452 3744 3554">
     <span class='ocr_line' id='line_1_80' title="bbox 2125 3452 3744 3554; baseline -0.009 -31"><span class='ocrx_word' id='word_1_576' title='bbox 2125 3485 2254 3554; x_wconf 39' lang='grc' dir='ltr'>,ρου</span> <span class='ocrx_word' id='word_1_577' title='bbox 2316 3465 2558 3520; x_wconf 75' lang='grc' dir='ltr'>λαϐοῦσα</span> <span class='ocrx_word' id='word_1_578' title='bbox 2588 3467 2623 3536; x_wconf 88' lang='grc' dir='ltr'><strong>ή</strong></span> <span class='ocrx_word' id='word_1_579' title='bbox 2684 3462 3023 3534; x_wconf 86' lang='grc' dir='ltr'>κεκτημένη.</span> <span class='ocrx_word' id='word_1_580' title='bbox 3057 3462 3156 3516; x_wconf 86' lang='grc' dir='ltr'>Ἐκ</span> <span class='ocrx_word' id='word_1_581' title='bbox 3182 3459 3281 3531; x_wconf 87' lang='grc' dir='ltr'>μὲν</span> <span class='ocrx_word' id='word_1_582' title='bbox 3340 3458 3451 3529; x_wconf 83' lang='grc' dir='ltr'><strong>γὰρ</strong></span> <span class='ocrx_word' id='word_1_583' title='bbox 3495 3457 3595 3528; x_wconf 89' lang='grc' dir='ltr'><strong>τῆς</strong></span> <span class='ocrx_word' id='word_1_584' title='bbox 3639 3452 3744 3508; x_wconf 87' lang='grc' dir='ltr'><strong>τοῦ</strong></span> 
     </span>
    </p>
   </div>
   <div class='ocr_carea' id='block_1_81' title="bbox 2153 3548 3744 3631">
    <p class='ocr_par' dir='ltr' id='par_1_81' title="bbox 2153 3548 3744 3631">
     <span class='ocr_line' id='line_1_81' title="bbox 2153 3548 3744 3631; baseline -0.008 -18"><span class='ocrx_word' id='word_1_585' title='bbox 2153 3558 2370 3631; x_wconf 73' lang='grc' dir='ltr'>Πατρός</span> <span class='ocrx_word' id='word_1_586' title='bbox 2396 3558 2623 3629; x_wconf 85' lang='grc' dir='ltr'>πρώτης</span> <span class='ocrx_word' id='word_1_587' title='bbox 2646 3554 2812 3610; x_wconf 82' lang='grc' dir='ltr'>αὐτοῦ</span> <span class='ocrx_word' id='word_1_588' title='bbox 2841 3555 3154 3623; x_wconf 85' lang='grc' dir='ltr'>γεννήσεως</span> <span class='ocrx_word' id='word_1_589' title='bbox 3201 3552 3363 3622; x_wconf 89' lang='grc' dir='ltr'>μόνος</span> <span class='ocrx_word' id='word_1_590' title='bbox 3417 3549 3515 3604; x_wconf 79' lang='grc' dir='ltr'>καὶ</span> <span class='ocrx_word' id='word_1_591' title='bbox 3570 3548 3744 3617; x_wconf 74' lang='grc' dir='ltr'>μόνης</span> 
     </span>
    </p>
   </div>
   <div class='ocr_carea' id='block_1_82' title="bbox 2154 3636 3744 3722">
    <p class='ocr_par' dir='ltr' id='par_1_82' title="bbox 2154 3636 3744 3722">
     <span class='ocr_line' id='line_1_82' title="bbox 2154 3636 3744 3722; baseline -0.011 -16"><span class='ocrx_word' id='word_1_592' title='bbox 2154 3652 2251 3707; x_wconf 80' lang='grc' dir='ltr'>καὶ</span> <span class='ocrx_word' id='word_1_593' title='bbox 2276 3650 2405 3722; x_wconf 86' lang='grc' dir='ltr'>ὅλης</span> <span class='ocrx_word' id='word_1_594' title='bbox 2437 3648 2536 3704; x_wconf 73' lang='grc' dir='ltr'>καὶ</span> <span class='ocrx_word' id='word_1_595' title='bbox 2566 3648 2690 3713; x_wconf 85' lang='grc' dir='ltr'>ὅλος</span> <span class='ocrx_word' id='word_1_596' title='bbox 2729 3645 2792 3700; x_wconf 81' lang='grc' dir='ltr'><strong>τὺ</strong></span> <span class='ocrx_word' id='word_1_597' title='bbox 2822 3642 2966 3700; x_wconf 79' lang='grc' dir='ltr'>εἷναι</span> <span class='ocrx_word' id='word_1_598' title='bbox 3004 3644 3117 3715; x_wconf 73' lang='grc' dir='ltr'>ἔχει</span> <span class='ocrx_word' id='word_1_599' title='bbox 3143 3658 3158 3674; x_wconf 75' lang='grc' dir='ltr'>ο</span> <span class='ocrx_word' id='word_1_600' title='bbox 3193 3641 3450 3713; x_wconf 85' lang='grc' dir='ltr'>άνάρχως</span> <span class='ocrx_word' id='word_1_601' title='bbox 3482 3655 3545 3691; x_wconf 84' lang='grc' dir='ltr'><strong>τε</strong></span> <span class='ocrx_word' id='word_1_602' title='bbox 3577 3636 3744 3691; x_wconf 91' lang='grc' dir='ltr'>τοῦτο</span> 
     </span>
    </p>
   </div>
   <div class='ocr_carea' id='block_1_83' title="bbox 2156 3731 3744 3816">
    <p class='ocr_par' dir='ltr' id='par_1_83' title="bbox 2156 3731 3744 3816">
     <span class='ocr_line' id='line_1_83' title="bbox 2156 3731 3744 3816; baseline -0.014 -13"><span class='ocrx_word' id='word_1_603' title='bbox 2156 3746 2252 3802; x_wconf 71' lang='grc' dir='ltr'>καὶ</span> <span class='ocrx_word' id='word_1_604' title='bbox 2275 3743 2521 3816; x_wconf 87' lang='grc' dir='ltr'>ἀχρόνως</span> <span class='ocrx_word' id='word_1_605' title='bbox 2551 3741 2647 3797; x_wconf 75' lang='grc' dir='ltr'>καὶ</span> <span class='ocrx_word' id='word_1_606' title='bbox 2676 3738 2864 3803; x_wconf 86' lang='grc' dir='ltr'>άῖδίως</span> <span class='ocrx_word' id='word_1_607' title='bbox 2891 3736 2988 3791; x_wconf 63' lang='grc' dir='ltr'><strong>καῖ⁵</strong></span> <span class='ocrx_word' id='word_1_608' title='bbox 3016 3735 3163 3790; x_wconf 80' lang='grc' dir='ltr'>κατὰ</span> <span class='ocrx_word' id='word_1_609' title='bbox 3186 3734 3253 3788; x_wconf 81' lang='grc' dir='ltr'>τὰ</span> <span class='ocrx_word' id='word_1_610' title='bbox 3284 3731 3449 3786; x_wconf 82' lang='grc' dir='ltr'>λοιπὰ</span> <span class='ocrx_word' id='word_1_611' title='bbox 3505 3731 3744 3799; x_wconf 87' lang='grc' dir='ltr'>θεοπρε-</span> 
     </span>
    </p>
   </div>
   <div class='ocr_carea' id='block_1_84' title="bbox 2157 3818 3749 3907">
    <p class='ocr_par' dir='ltr' id='par_1_84' title="bbox 2157 3818 3749 3907">
     <span class='ocr_line' id='line_1_84' title="bbox 2157 3818 3749 3907; baseline -0.013 -16"><span class='ocrx_word' id='word_1_612' title='bbox 2157 3837 2233 3907; x_wconf 89' lang='grc' dir='ltr'><strong>πῆ</strong></span> <span class='ocrx_word' id='word_1_613' title='bbox 2257 3851 2272 3866; x_wconf 74' lang='grc' dir='ltr'><strong>ο</strong></span> <span class='ocrx_word' id='word_1_614' title='bbox 2312 3837 2379 3889; x_wconf 85' lang='grc' dir='ltr'><strong>έκ</strong></span> <span class='ocrx_word' id='word_1_615' title='bbox 2406 3834 2465 3887; x_wconf 79' lang='grc' dir='ltr'>δὲ</span> <span class='ocrx_word' id='word_1_616' title='bbox 2498 3831 2602 3901; x_wconf 86' lang='grc' dir='ltr'><strong>τῆς</strong></span> <span class='ocrx_word' id='word_1_617' title='bbox 2626 3830 2913 3901; x_wconf 84' lang='grc' dir='ltr'>δευτέρας,</span> <span class='ocrx_word' id='word_1_618' title='bbox 2944 3827 3007 3881; x_wconf 77' lang='grc' dir='ltr'>τὸ</span> <span class='ocrx_word' id='word_1_619' title='bbox 3064 3822 3346 3896; x_wconf 87' lang='grc' dir='ltr'>σαρκικῶς</span> <span class='ocrx_word' id='word_1_620' title='bbox 3398 3818 3540 3876; x_wconf 75' lang='grc' dir='ltr'>εἶναι</span> <span class='ocrx_word' id='word_1_621' title='bbox 3572 3820 3749 3889; x_wconf 79' lang='grc' dir='ltr'>ἄρξα-</span> 
     </span>
    </p>
   </div>
   <div class='ocr_carea' id='block_1_85' title="bbox 2159 3910 3749 3987">
    <p class='ocr_par' dir='ltr' id='par_1_85' title="bbox 2159 3910 3749 3987">
     <span class='ocr_line' id='line_1_85' title="bbox 2159 3910 3749 3987; baseline -0.009 -10"><span class='ocrx_word' id='word_1_622' title='bbox 2159 3923 2285 3978; x_wconf 88' lang='grc' dir='ltr'>σθαί</span> <span class='ocrx_word' id='word_1_623' title='bbox 2322 3938 2383 3975; x_wconf 89' lang='grc' dir='ltr'><strong>τε</strong></span> <span class='ocrx_word' id='word_1_624' title='bbox 2434 3920 2738 3984; x_wconf 85' lang='grc' dir='ltr'>συνθέσεως</span> <span class='ocrx_word' id='word_1_625' title='bbox 2795 3917 2904 3973; x_wconf 86' lang='grc' dir='ltr'>άπὸ</span> <span class='ocrx_word' id='word_1_626' title='bbox 2957 3916 3177 3987; x_wconf 86' lang='grc' dir='ltr'>χρόνου,</span> <span class='ocrx_word' id='word_1_627' title='bbox 3213 3915 3309 3968; x_wconf 79' lang='grc' dir='ltr'>καὶ</span> <span class='ocrx_word' id='word_1_628' title='bbox 3342 3913 3413 3967; x_wconf 83' lang='grc' dir='ltr'>τὰ</span> <span class='ocrx_word' id='word_1_629' title='bbox 3454 3911 3616 3964; x_wconf 84' lang='grc' dir='ltr'>λοιπὰ</span> <span class='ocrx_word' id='word_1_630' title='bbox 3643 3910 3749 3979; x_wconf 85' lang='grc' dir='ltr'><strong>τῆς</strong></span> 
     </span>
    </p>
   </div>
   <div class='ocr_carea' id='block_1_86' title="bbox 2157 4000 3750 4085">
    <p class='ocr_par' dir='ltr' id='par_1_86' title="bbox 2157 4000 3750 4085">
     <span class='ocr_line' id='line_1_86' title="bbox 2157 4000 3750 4085; baseline -0.01 -17"><span class='ocrx_word' id='word_1_631' title='bbox 2157 4012 2281 4069; x_wconf 84' lang='grc' dir='ltr'>καθ’</span> <span class='ocrx_word' id='word_1_632' title='bbox 2313 4014 2464 4085; x_wconf 78' lang='grc' dir='ltr'>ἡμᾶς</span> <span class='ocrx_word' id='word_1_633' title='bbox 2491 4008 2808 4083; x_wconf 85' lang='grc' dir='ltr'>ὁμοιώσεως</span> <span class='ocrx_word' id='word_1_634' title='bbox 2842 4023 2857 4039; x_wconf 86' lang='grc'>⁶</span> <span class='ocrx_word' id='word_1_635' title='bbox 2884 4008 3004 4071; x_wconf 85' lang='grc' dir='ltr'><strong>πῶς</strong></span> <span class='ocrx_word' id='word_1_636' title='bbox 3023 4006 3118 4061; x_wconf 80' lang='grc' dir='ltr'>οὖν</span> <span class='ocrx_word' id='word_1_637' title='bbox 3144 4006 3246 4060; x_wconf 84' lang='grc' dir='ltr'><strong>οὐκ</strong></span> <span class='ocrx_word' id='word_1_638' title='bbox 3268 4005 3347 4068; x_wconf 83' lang='grc' dir='ltr'><strong>είς</strong></span> <span class='ocrx_word' id='word_1_639' title='bbox 3370 4002 3432 4058; x_wconf 79' lang='grc' dir='ltr'>τὸ</span> <span class='ocrx_word' id='word_1_640' title='bbox 3457 4001 3591 4057; x_wconf 77' lang='grc' dir='ltr'>αὐτὸ</span> <span class='ocrx_word' id='word_1_641' title='bbox 3618 4000 3750 4054; x_wconf 76' lang='grc' dir='ltr'>οὐδὲ</span> 
     </span>
    </p>
   </div>
   <div class='ocr_carea' id='block_1_87' title="bbox 2160 4091 3751 4175">
    <p class='ocr_par' dir='ltr' id='par_1_87' title="bbox 2160 4091 3751 4175">
     <span class='ocr_line' id='line_1_87' title="bbox 2160 4091 3751 4175; baseline -0.009 -16"><span class='ocrx_word' id='word_1_642' title='bbox 2160 4104 2305 4159; x_wconf 84' lang='grc' dir='ltr'>κατὰ</span> <span class='ocrx_word' id='word_1_643' title='bbox 2360 4104 2454 4159; x_wconf 79' lang='grc' dir='ltr'>τὸν</span> <span class='ocrx_word' id='word_1_644' title='bbox 2494 4102 2661 4158; x_wconf 78' lang='grc' dir='ltr'>αὐτὸν</span> <span class='ocrx_word' id='word_1_645' title='bbox 2692 4102 2895 4175; x_wconf 83' lang='grc' dir='ltr'>τρόπον</span> <span class='ocrx_word' id='word_1_646' title='bbox 2924 4099 3023 4171; x_wconf 88' lang='grc' dir='ltr'><strong>τῆς</strong></span> <span class='ocrx_word' id='word_1_647' title='bbox 3062 4099 3372 4169; x_wconf 88' lang='grc' dir='ltr'>γεννήσεως</span> <span class='ocrx_word' id='word_1_648' title='bbox 3403 4091 3751 4164; x_wconf 76' lang='grc' dir='ltr'>γενννηθεὶς.</span> 
     </span>
    </p>
   </div>
   <div class='ocr_carea' id='block_1_88' title="bbox 2158 4184 3751 4266">
    <p class='ocr_par' dir='ltr' id='par_1_88' title="bbox 2158 4184 3751 4266">
     <span class='ocr_line' id='line_1_88' title="bbox 2158 4184 3751 4266; baseline -0.009 -14"><span class='ocrx_word' id='word_1_649' title='bbox 2158 4198 2231 4252; x_wconf 82' lang='grc' dir='ltr'><strong>τὰ</strong></span> <span class='ocrx_word' id='word_1_650' title='bbox 2272 4195 2415 4252; x_wconf 81' lang='grc' dir='ltr'>αὐτὰ</span> <span class='ocrx_word' id='word_1_651' title='bbox 2451 4196 2583 4266; x_wconf 78' lang='grc' dir='ltr'>ὑμῖν</span> <span class='ocrx_word' id='word_1_652' title='bbox 2640 4193 3036 4264; x_wconf 71' lang='grc' dir='ltr'>εἰσπράττεται</span> <span class='ocrx_word' id='word_1_653' title='bbox 3084 4188 3467 4263; x_wconf 82' lang='grc' dir='ltr'>γνωριστήρια</span> <span class='ocrx_word' id='word_1_654' title='bbox 3516 4184 3751 4255; x_wconf 87' lang='grc' dir='ltr'>θατέρου</span> 
     </span>
    </p>
   </div>
   <div class='ocr_carea' id='block_1_89' title="bbox 2159 4276 3753 4361">
    <p class='ocr_par' dir='ltr' id='par_1_89' title="bbox 2159 4276 3753 4361">
     <span class='ocr_line' id='line_1_89' title="bbox 2159 4276 3753 4361; baseline -0.011 -16"><span class='ocrx_word' id='word_1_655' title='bbox 2159 4291 2322 4345; x_wconf 81' lang='grc' dir='ltr'>τόκου</span> <span class='ocrx_word' id='word_1_656' title='bbox 2353 4288 2495 4361; x_wconf 77' lang='grc' dir='ltr'>πρὸς</span> <span class='ocrx_word' id='word_1_657' title='bbox 2544 4286 2771 4355; x_wconf 76' lang='grc' dir='ltr'>ἔνδειξιν</span> <span class='ocrx_word' id='word_1_658' title='bbox 2808 4283 2988 4355; x_wconf 82' lang='grc' dir='ltr'>ἀληθῆ</span> <span class='ocrx_word' id='word_1_659' title='bbox 3032 4283 3132 4354; x_wconf 87' lang='grc' dir='ltr'><strong>τῆς</strong></span> <span class='ocrx_word' id='word_1_660' title='bbox 3166 4280 3394 4352; x_wconf 83' lang='grc' dir='ltr'>πρώτης</span> <span class='ocrx_word' id='word_1_661' title='bbox 3437 4276 3603 4333; x_wconf 84' lang='grc' dir='ltr'>αὐτοῦ</span> <span class='ocrx_word' id='word_1_662' title='bbox 3655 4277 3753 4329; x_wconf 79' lang='grc' dir='ltr'>καὶ</span> 
     </span>
    </p>
   </div>
   <div class='ocr_carea' id='block_1_90' title="bbox 2160 4366 3754 4448">
    <p class='ocr_par' dir='ltr' id='par_1_90' title="bbox 2160 4366 3754 4448">
     <span class='ocr_line' id='line_1_90' title="bbox 2160 4366 3754 4448; baseline -0.011 -16"><span class='ocrx_word' id='word_1_663' title='bbox 2160 4378 2425 4448; x_wconf 86' lang='grc' dir='ltr'>δευτέρας</span> <span class='ocrx_word' id='word_1_664' title='bbox 2484 4376 2819 4447; x_wconf 84' lang='grc' dir='ltr'>γεννήσεως,</span> <span class='ocrx_word' id='word_1_665' title='bbox 2875 4373 2936 4427; x_wconf 91' lang='lat' dir='ltr'><strong>tv</strong></span> <span class='ocrx_word' id='word_1_666' title='bbox 2987 4368 3334 4441; x_wconf 83' lang='grc' dir='ltr'>ἀμφοτέραις</span> <span class='ocrx_word' id='word_1_667' title='bbox 3391 4382 3454 4419; x_wconf 91' lang='grc' dir='ltr'><strong>τε</strong></span> <span class='ocrx_word' id='word_1_668' title='bbox 3529 4366 3754 4426; x_wconf 80' lang='grc' dir='ltr'>πάντως</span> 
     </span>
    </p>
   </div>
   <div class='ocr_carea' id='block_1_91' title="bbox 2161 4449 3755 4538">
    <p class='ocr_par' dir='ltr' id='par_1_91' title="bbox 2161 4449 3755 4538">
     <span class='ocr_line' id='line_1_91' title="bbox 2161 4449 3755 4538; baseline -0.011 -18"><span class='ocrx_word' id='word_1_669' title='bbox 2161 4462 2478 4538; x_wconf 82' lang='grc' dir='ltr'>ὁμοίωσινή</span> <span class='ocrx_word' id='word_1_670' title='bbox 2534 4460 2899 4533; x_wconf 82' lang='grc' dir='ltr'>ἀνομοιότητα</span> <span class='ocrx_word' id='word_1_671' title='bbox 2928 4476 2944 4527; x_wconf 89' lang='lat'><strong>;</strong></span> <span class='ocrx_word' id='word_1_672' title='bbox 2977 4457 3057 4513; x_wconf 91' lang='grc' dir='ltr'><strong>Οὐ</strong></span> <span class='ocrx_word' id='word_1_673' title='bbox 3110 4455 3220 4529; x_wconf 86' lang='grc' dir='ltr'>γὰρ</span> <span class='ocrx_word' id='word_1_674' title='bbox 3276 4456 3328 4509; x_wconf 85' lang='grc' dir='ltr'><strong>εί</strong></span> <span class='ocrx_word' id='word_1_675' title='bbox 3376 4454 3453 4525; x_wconf 85' lang='grc' dir='ltr'><strong>μή</strong></span> <span class='ocrx_word' id='word_1_676' title='bbox 3500 4451 3571 4505; x_wconf 81' lang='grc' dir='ltr'><strong>τά</strong></span> <span class='ocrx_word' id='word_1_677' title='bbox 3608 4449 3755 4505; x_wconf 84' lang='grc' dir='ltr'>αὐτὰ</span> 
     </span>
    </p>
   </div>
   <div class='ocr_carea' id='block_1_92' title="bbox 475 4546 2048 4643">
    <p class='ocr_par' dir='ltr' id='par_1_92' title="bbox 475 4546 2048 4643">
     <span class='ocr_line' id='line_1_92' title="bbox 478 4546 1425 4567; baseline -0.015 -16"><span class='ocrx_word' id='word_1_678' title='bbox 478 4546 589 4567; x_wconf 65' lang='lat'>_,__</span> <span class='ocrx_word' id='word_1_679' title='bbox 643 4546 661 4549; x_wconf 63' lang='lat'><strong>-</strong></span> <span class='ocrx_word' id='word_1_680' title='bbox 758 4546 763 4547; x_wconf 63' lang='lat'><strong><em>,</em></strong></span> <span class='ocrx_word' id='word_1_681' title='bbox 1041 4546 1071 4557; x_wconf 58' lang='grc' dir='ltr'>ν</span> <span class='ocrx_word' id='word_1_682' title='bbox 1422 4546 1425 4547; x_wconf 21' lang='grc' dir='ltr'><strong>ν</strong></span> 
     </span>
     <span class='ocr_line' id='line_1_93' title="bbox 475 4570 2048 4643; baseline -0.014 0"><span class='ocrx_word' id='word_1_683' title='bbox 475 4589 609 4643; x_wconf 91' lang='lat' dir='ltr'><strong>nino</strong></span> <span class='ocrx_word' id='word_1_684' title='bbox 636 4580 1096 4640; x_wconf 85' lang='lat' dir='ltr'><strong>similitudinem?</strong></span> <span class='ocrx_word' id='word_1_685' title='bbox 1126 4577 1280 4634; x_wconf 88' lang='lat' dir='ltr'><strong>Licet</strong></span> <span class='ocrx_word' id='word_1_686' title='bbox 1300 4575 1451 4632; x_wconf 89' lang='lat' dir='ltr'><strong>enim</strong></span> <span class='ocrx_word' id='word_1_687' title='bbox 1471 4589 1583 4628; x_wconf 91' lang='lat' dir='ltr'><strong>non</strong></span> <span class='ocrx_word' id='word_1_688' title='bbox 1608 4570 1800 4627; x_wconf 88' lang='lat' dir='ltr'><strong>eadem</strong></span> <span class='ocrx_word' id='word_1_689' title='bbox 1819 4582 2048 4638; x_wconf 85' lang='lat' dir='ltr'><strong>sequan-</strong></span> 
     </span>
    </p>
   </div>
   <div class='ocr_carea' id='block_1_93' title="bbox 2152 4546 3757 4643">
    <p class='ocr_par' dir='ltr' id='par_1_93' title="bbox 2159 4546 3757 4631">
     <span class='ocr_line' id='line_1_94' title="bbox 2159 4546 3757 4631; baseline -0.011 -16"><span class='ocrx_word' id='word_1_690' title='bbox 2159 4560 2350 4631; x_wconf 68' lang='grc' dir='ltr'>ἕψεται</span> <span class='ocrx_word' id='word_1_691' title='bbox 2368 4559 2493 4622; x_wconf 90' lang='grc' dir='ltr'>ταῖς</span> <span class='ocrx_word' id='word_1_692' title='bbox 2519 4556 2583 4611; x_wconf 91' lang='grc' dir='ltr'><strong>οὐ</strong></span> <span class='ocrx_word' id='word_1_693' title='bbox 2606 4556 2832 4618; x_wconf 88' lang='grc' dir='ltr'>ταυταῖς</span> <span class='ocrx_word' id='word_1_694' title='bbox 2861 4553 3176 4624; x_wconf 87' lang='grc' dir='ltr'>γεννήσεσι,</span> <span class='ocrx_word' id='word_1_695' title='bbox 3206 4548 3294 4605; x_wconf 80' lang='grc' dir='ltr'>διὰ</span> <span class='ocrx_word' id='word_1_696' title='bbox 3323 4548 3441 4602; x_wconf 89' lang='grc' dir='ltr'>τόδε</span> <span class='ocrx_word' id='word_1_697' title='bbox 3467 4546 3591 4601; x_wconf 81' lang='grc' dir='ltr'>οὐδὲ</span> <span class='ocrx_word' id='word_1_698' title='bbox 3619 4562 3757 4613; x_wconf 87' lang='grc' dir='ltr'>γεν-</span> 
     </span>
    </p>
   </div>
   <div class='ocr_carea' id='block_1_94' title="bbox 473 4664 2060 4750">
    <p class='ocr_par' dir='ltr' id='par_1_94' title="bbox 473 4664 2060 4750">
     <span class='ocr_line' id='line_1_95' title="bbox 473 4664 2060 4750; baseline -0.013 -15"><span class='ocrx_word' id='word_1_699' title='bbox 473 4688 569 4737; x_wconf 87' lang='lat' dir='ltr'><strong>tur</strong></span> <span class='ocrx_word' id='word_1_700' title='bbox 595 4675 984 4750; x_wconf 89' lang='lat' dir='ltr'><strong>generationes</strong></span> <span class='ocrx_word' id='word_1_701' title='bbox 1005 4686 1117 4727; x_wconf 91' lang='lat' dir='ltr'><strong>non</strong></span> <span class='ocrx_word' id='word_1_702' title='bbox 1146 4669 1391 4732; x_wconf 90' lang='lat' dir='ltr'><strong>easdem,</strong></span> <span class='ocrx_word' id='word_1_703' title='bbox 1418 4681 1529 4722; x_wconf 91' lang='lat' dir='ltr'><strong>non</strong></span> <span class='ocrx_word' id='word_1_704' title='bbox 1560 4664 1689 4719; x_wconf 87' lang='lat' dir='ltr'><strong>ideo</strong></span> <span class='ocrx_word' id='word_1_705' title='bbox 1728 4677 1842 4717; x_wconf 93' lang='lat' dir='ltr'><strong>non</strong></span> <span class='ocrx_word' id='word_1_706' title='bbox 1872 4667 2060 4716; x_wconf 87' lang='lat' dir='ltr'><strong>essent</strong></span> 
     </span>
    </p>
   </div>
   <div class='ocr_carea' id='block_1_95' title="bbox 476 4752 2060 4840">
    <p class='ocr_par' dir='ltr' id='par_1_95' title="bbox 476 4752 2060 4840">
     <span class='ocr_line' id='line_1_96' title="bbox 476 4752 2060 4840; baseline -0.015 -11"><span class='ocrx_word' id='word_1_707' title='bbox 476 4787 622 4829; x_wconf 68' lang='lat' dir='ltr'><strong>verae</strong></span> <span class='ocrx_word' id='word_1_708' title='bbox 662 4778 719 4825; x_wconf 88' lang='lat' dir='ltr'><strong>et</strong></span> <span class='ocrx_word' id='word_1_709' title='bbox 755 4766 981 4840; x_wconf 87' lang='lat' dir='ltr'><strong>proprie</strong></span> <span class='ocrx_word' id='word_1_710' title='bbox 1022 4764 1185 4819; x_wconf 65' lang='lat' dir='ltr'><strong>dictae</strong></span> <span class='ocrx_word' id='word_1_711' title='bbox 1226 4758 1629 4833; x_wconf 87' lang='lat' dir='ltr'><strong>generationes.</strong></span> <span class='ocrx_word' id='word_1_712' title='bbox 1674 4755 1867 4825; x_wconf 89' lang='lat' dir='ltr'><strong>Equus</strong></span> <span class='ocrx_word' id='word_1_713' title='bbox 1912 4752 2060 4807; x_wconf 88' lang='lat' dir='ltr'><strong>enim</strong></span> 
     </span>
    </p>
   </div>
   <div class='ocr_carea' id='block_1_96' title="bbox 478 4842 2065 4926">
    <p class='ocr_par' dir='ltr' id='par_1_96' title="bbox 478 4842 2065 4926">
     <span class='ocr_line' id='line_1_97' title="bbox 478 4842 2065 4926; baseline -0.015 -6"><span class='ocrx_word' id='word_1_714' title='bbox 478 4858 784 4923; x_wconf 87' lang='lat' dir='ltr'><strong>terrestris,</strong></span> <span class='ocrx_word' id='word_1_715' title='bbox 834 4855 966 4926; x_wconf 85' lang='lat' dir='ltr'><strong>quia</strong></span> <span class='ocrx_word' id='word_1_716' title='bbox 1004 4869 1117 4909; x_wconf 87' lang='lat' dir='ltr'><strong>non</strong></span> <span class='ocrx_word' id='word_1_717' title='bbox 1169 4860 1254 4907; x_wconf 91' lang='lat' dir='ltr'><strong>est</strong></span> <span class='ocrx_word' id='word_1_718' title='bbox 1289 4850 1739 4920; x_wconf 89' lang='lat' dir='ltr'><strong>bippopotamus,</strong></span> <span class='ocrx_word' id='word_1_719' title='bbox 1785 4859 1899 4900; x_wconf 90' lang='lat' dir='ltr'><strong>non</strong></span> <span class='ocrx_word' id='word_1_720' title='bbox 1939 4842 2065 4898; x_wconf 88' lang='lat' dir='ltr'><strong>ideo</strong></span> 
     </span>
    </p>
   </div>
   <div class='ocr_carea' id='block_1_97' title="bbox 480 4933 2068 5021">
    <p class='ocr_par' dir='ltr' id='par_1_97' title="bbox 480 4933 2068 5021">
     <span class='ocr_line' id='line_1_98' title="bbox 480 4933 2068 5021; baseline -0.015 -10"><span class='ocrx_word' id='word_1_721' title='bbox 480 4971 592 5011; x_wconf 92' lang='lat' dir='ltr'><strong>non</strong></span> <span class='ocrx_word' id='word_1_722' title='bbox 621 4962 709 5009; x_wconf 89' lang='lat' dir='ltr'><strong>est</strong></span> <span class='ocrx_word' id='word_1_723' title='bbox 736 4963 916 5021; x_wconf 88' lang='lat' dir='ltr'><strong>equus</strong></span> <span class='ocrx_word' id='word_1_724' title='bbox 958 4966 972 5003; x_wconf 93' lang='lat'>:</span> <span class='ocrx_word' id='word_1_725' title='bbox 1020 4957 1255 5015; x_wconf 88' lang='lat' dir='ltr'><strong>uterque</strong></span> <span class='ocrx_word' id='word_1_726' title='bbox 1285 4942 1434 4998; x_wconf 89' lang='lat' dir='ltr'><strong>enim</strong></span> <span class='ocrx_word' id='word_1_727' title='bbox 1463 4949 1548 4997; x_wconf 89' lang='lat' dir='ltr'><strong>est</strong></span> <span class='ocrx_word' id='word_1_728' title='bbox 1580 4953 1778 5009; x_wconf 88' lang='lat' dir='ltr'><strong>equus.</strong></span> <span class='ocrx_word' id='word_1_729' title='bbox 1804 4936 1921 4992; x_wconf 83' lang='lat' dir='ltr'><strong>Nec</strong></span> <span class='ocrx_word' id='word_1_730' title='bbox 1948 4933 2068 4989; x_wconf 88' lang='lat' dir='ltr'><strong>ani-</strong></span> 
     </span>
    </p>
   </div>
   <div class='ocr_carea' id='block_1_98' title="bbox 482 5029 2070 5111">
    <p class='ocr_par' dir='ltr' id='par_1_98' title="bbox 482 5029 2070 5111">
     <span class='ocr_line' id='line_1_99' title="bbox 482 5029 2070 5111; baseline -0.015 -7"><span class='ocrx_word' id='word_1_731' title='bbox 482 5049 591 5105; x_wconf 88' lang='lat' dir='ltr'><strong>mal</strong></span> <span class='ocrx_word' id='word_1_732' title='bbox 623 5051 912 5105; x_wconf 89' lang='lat' dir='ltr'><strong>terrestre,</strong></span> <span class='ocrx_word' id='word_1_733' title='bbox 944 5038 1073 5111; x_wconf 90' lang='lat' dir='ltr'><strong>quia</strong></span> <span class='ocrx_word' id='word_1_734' title='bbox 1100 5053 1211 5093; x_wconf 90' lang='lat' dir='ltr'><strong>non</strong></span> <span class='ocrx_word' id='word_1_735' title='bbox 1245 5043 1334 5092; x_wconf 91' lang='lat' dir='ltr'><strong>est</strong></span> <span class='ocrx_word' id='word_1_736' title='bbox 1366 5032 1667 5097; x_wconf 86' lang='lat' dir='ltr'><strong>marinum,</strong></span> <span class='ocrx_word' id='word_1_737' title='bbox 1704 5029 1829 5085; x_wconf 91' lang='lat' dir='ltr'><strong>ideo</strong></span> <span class='ocrx_word' id='word_1_738' title='bbox 1853 5042 1965 5083; x_wconf 90' lang='lat' dir='ltr'><strong>non</strong></span> <span class='ocrx_word' id='word_1_739' title='bbox 1984 5032 2070 5083; x_wconf 87' lang='lat' dir='ltr'><strong>est</strong></span> 
     </span>
    </p>
   </div>
   <div class='ocr_carea' id='block_1_99' title="bbox 481 5118 2072 5207">
    <p class='ocr_par' dir='ltr' id='par_1_99' title="bbox 481 5118 2072 5207">
     <span class='ocr_line' id='line_1_100' title="bbox 481 5118 2072 5207; baseline -0.018 -11"><span class='ocrx_word' id='word_1_740' title='bbox 481 5138 707 5196; x_wconf 87' lang='lat' dir='ltr'><strong>animal.</strong></span> <span class='ocrx_word' id='word_1_741' title='bbox 753 5135 927 5207; x_wconf 88' lang='lat' dir='ltr'><strong>lgitur</strong></span> <span class='ocrx_word' id='word_1_742' title='bbox 958 5127 1183 5202; x_wconf 90' lang='lat' dir='ltr'><strong>proprie</strong></span> <span class='ocrx_word' id='word_1_743' title='bbox 1219 5134 1278 5181; x_wconf 90' lang='lat' dir='ltr'><strong>et</strong></span> <span class='ocrx_word' id='word_1_744' title='bbox 1315 5122 1625 5181; x_wconf 88' lang='lat' dir='ltr'><strong>secundum</strong></span> <span class='ocrx_word' id='word_1_745' title='bbox 1656 5118 1948 5175; x_wconf 87' lang='lat' dir='ltr'><strong>veritatem</strong></span> <span class='ocrx_word' id='word_1_746' title='bbox 1978 5129 2072 5186; x_wconf 87' lang='lat' dir='ltr'><strong>ge-</strong></span> 
     </span>
    </p>
   </div>
   <div class='ocr_carea' id='block_1_100' title="bbox 480 5204 2072 5289">
    <p class='ocr_par' dir='ltr' id='par_1_100' title="bbox 480 5204 2072 5289">
     <span class='ocr_line' id='line_1_101' title="bbox 480 5204 2072 5289; baseline -0.019 0"><span class='ocrx_word' id='word_1_747' title='bbox 480 5233 659 5289; x_wconf 87' lang='lat' dir='ltr'><strong>nitum</strong></span> <span class='ocrx_word' id='word_1_748' title='bbox 698 5204 870 5286; x_wconf 80' lang='lat' dir='ltr'><strong>fuisse</strong></span> <span class='ocrx_word' id='word_1_749' title='bbox 908 5240 1020 5281; x_wconf 90' lang='lat' dir='ltr'><strong>non</strong></span> <span class='ocrx_word' id='word_1_750' title='bbox 1049 5222 1158 5278; x_wconf 89' lang='lat' dir='ltr'><strong>erit</strong></span> <span class='ocrx_word' id='word_1_751' title='bbox 1192 5219 1327 5276; x_wconf 88' lang='lat' dir='ltr'><strong>satis</strong></span> <span class='ocrx_word' id='word_1_752' title='bbox 1357 5215 1426 5272; x_wconf 88' lang='lat' dir='ltr'><strong>ad</strong></span> <span class='ocrx_word' id='word_1_753' title='bbox 1467 5207 1964 5271; x_wconf 88' lang='lat' dir='ltr'><strong>demonstrandum</strong></span> <span class='ocrx_word' id='word_1_754' title='bbox 1993 5204 2072 5260; x_wconf 90' lang='lat' dir='ltr'><strong>si-</strong></span> 
     </span>
    </p>
   </div>
   <div class='ocr_carea' id='block_1_101' title="bbox 480 5296 2075 5382">
    <p class='ocr_par' dir='ltr' id='par_1_101' title="bbox 480 5296 2075 5382">
     <span class='ocr_line' id='line_1_102' title="bbox 480 5296 2075 5382; baseline -0.019 -1"><span class='ocrx_word' id='word_1_755' title='bbox 480 5323 850 5382; x_wconf 89' lang='lat' dir='ltr'><strong>militudinem</strong></span> <span class='ocrx_word' id='word_1_756' title='bbox 876 5313 1219 5378; x_wconf 52' lang='lat' dir='ltr'><strong>substantiae,</strong></span> <span class='ocrx_word' id='word_1_757' title='bbox 1250 5308 1399 5382; x_wconf 90' lang='lat' dir='ltr'><strong>quod</strong></span> <span class='ocrx_word' id='word_1_758' title='bbox 1422 5322 1521 5364; x_wconf 92' lang='lat' dir='ltr'><strong>vos</strong></span> <span class='ocrx_word' id='word_1_759' title='bbox 1541 5306 1597 5361; x_wconf 89' lang='lat' dir='ltr'><strong>in</strong></span> <span class='ocrx_word' id='word_1_760' title='bbox 1629 5302 1899 5360; x_wconf 85' lang='lat' dir='ltr'><strong>rationem</strong></span> <span class='ocrx_word' id='word_1_761' title='bbox 1923 5296 2075 5353; x_wconf 87' lang='lat' dir='ltr'><strong>simi-</strong></span> 
     </span>
    </p>
   </div>
   <div class='ocr_carea' id='block_1_102' title="bbox 480 5391 2077 5476">
    <p class='ocr_par' dir='ltr' id='par_1_102' title="bbox 480 5391 2077 5476">
     <span class='ocr_line' id='line_1_103' title="bbox 480 5391 2077 5476; baseline -0.02 -2"><span class='ocrx_word' id='word_1_762' title='bbox 480 5414 737 5476; x_wconf 84' lang='lat' dir='ltr'><strong>litudinis</strong></span> <span class='ocrx_word' id='word_1_763' title='bbox 785 5408 1115 5474; x_wconf 82' lang='lat' dir='ltr'><strong>induxistis,</strong></span> <span class='ocrx_word' id='word_1_764' title='bbox 1158 5402 1270 5460; x_wconf 86' lang='lat' dir='ltr'><strong>nisi</strong></span> <span class='ocrx_word' id='word_1_765' title='bbox 1302 5402 1469 5459; x_wconf 82' lang='lat' dir='ltr'><strong>etiam</strong></span> <span class='ocrx_word' id='word_1_766' title='bbox 1509 5394 1817 5455; x_wconf 91' lang='lat' dir='ltr'><strong>secundum</strong></span> <span class='ocrx_word' id='word_1_767' title='bbox 1868 5391 2077 5446; x_wconf 91' lang='lat' dir='ltr'><strong>hancce</strong></span> 
     </span>
    </p>
   </div>
   <div class='ocr_carea' id='block_1_103' title="bbox 482 5486 2079 5575">
    <p class='ocr_par' dir='ltr' id='par_1_103' title="bbox 482 5486 2079 5575">
     <span class='ocr_line' id='line_1_104' title="bbox 482 5486 2079 5575; baseline -0.02 -10"><span class='ocrx_word' id='word_1_768' title='bbox 482 5526 551 5567; x_wconf 80' lang='lat' dir='ltr'><strong>ex</strong></span> <span class='ocrx_word' id='word_1_769' title='bbox 597 5506 747 5563; x_wconf 85' lang='lat' dir='ltr'><strong>veris</strong></span> <span class='ocrx_word' id='word_1_770' title='bbox 797 5496 1247 5575; x_wconf 87' lang='lat' dir='ltr'><strong>generationibus</strong></span> <span class='ocrx_word' id='word_1_771' title='bbox 1302 5508 1427 5566; x_wconf 59' lang='lat' dir='ltr'><strong>qua‘.</strong></span> <span class='ocrx_word' id='word_1_772' title='bbox 1466 5491 1682 5548; x_wconf 88' lang='lat' dir='ltr'><strong>scilicet</strong></span> <span class='ocrx_word' id='word_1_773' title='bbox 1731 5486 2079 5542; x_wconf 86' lang='lat' dir='ltr'><strong>demonstrat</strong></span> 
     </span>
    </p>
   </div>
   <div class='ocr_carea' id='block_1_104' title="bbox 486 5571 2076 5673">
    <p class='ocr_par' dir='ltr' id='par_1_104' title="bbox 486 5571 2076 5673">
     <span class='ocr_line' id='line_1_105' title="bbox 486 5571 2076 5673; baseline -0.021 -15"><span class='ocrx_word' id='word_1_774' title='bbox 486 5602 669 5673; x_wconf 85' lang='lat' dir='ltr'><strong>genita</strong></span> <span class='ocrx_word' id='word_1_775' title='bbox 698 5611 825 5653; x_wconf 88' lang='lat' dir='ltr'><strong>esse</strong></span> <span class='ocrx_word' id='word_1_776' title='bbox 854 5594 1078 5659; x_wconf 89' lang='lat' dir='ltr'><strong>similia,</strong></span> <span class='ocrx_word' id='word_1_777' title='bbox 1107 5587 1317 5661; x_wconf 88' lang='lat' dir='ltr'><strong>aliquid</strong></span> <span class='ocrx_word' id='word_1_778' title='bbox 1348 5585 1597 5659; x_wconf 88' lang='lat' dir='ltr'><strong>genitum</strong></span> <span class='ocrx_word' id='word_1_779' title='bbox 1628 5578 1858 5637; x_wconf 90' lang='lat' dir='ltr'><strong>omnino</strong></span> <span class='ocrx_word' id='word_1_780' title='bbox 1887 5571 2076 5629; x_wconf 80' lang='lat' dir='ltr'><strong>fuerit.</strong></span> 
     </span>
    </p>
   </div>
   <div class='ocr_carea' id='block_1_105' title="bbox 488 5673 2080 5757">
    <p class='ocr_par' dir='ltr' id='par_1_105' title="bbox 488 5673 2080 5757">
     <span class='ocr_line' id='line_1_106' title="bbox 488 5673 2080 5757; baseline -0.019 -8"><span class='ocrx_word' id='word_1_781' title='bbox 488 5694 625 5749; x_wconf 83' lang='lat' dir='ltr'><strong>Nam</strong></span> <span class='ocrx_word' id='word_1_782' title='bbox 669 5699 727 5746; x_wconf 91' lang='lat' dir='ltr'><strong>et</strong></span> <span class='ocrx_word' id='word_1_783' title='bbox 781 5704 883 5744; x_wconf 89' lang='lat' dir='ltr'><strong>vos</strong></span> <span class='ocrx_word' id='word_1_784' title='bbox 930 5686 1175 5757; x_wconf 91' lang='lat' dir='ltr'><strong>primum</strong></span> <span class='ocrx_word' id='word_1_785' title='bbox 1238 5680 1375 5737; x_wconf 84' lang='lat' dir='ltr'><strong>illud</strong></span> <span class='ocrx_word' id='word_1_786' title='bbox 1428 5673 1826 5736; x_wconf 87' lang='lat' dir='ltr'><strong>concessistis,</strong></span> <span class='ocrx_word' id='word_1_787' title='bbox 1879 5678 2080 5735; x_wconf 89' lang='lat' dir='ltr'><strong>nempe</strong></span> 
     </span>
    </p>
   </div>
   <div class='ocr_carea' id='block_1_106' title="bbox 490 5763 2082 5853">
    <p class='ocr_par' dir='ltr' id='par_1_106' title="bbox 490 5763 2082 5853">
     <span class='ocr_line' id='line_1_107' title="bbox 490 5763 2082 5853; baseline -0.016 -15"><span class='ocrx_word' id='word_1_788' title='bbox 490 5784 739 5853; x_wconf 62' lang='lat' dir='ltr'><strong>quaedam</strong></span> <span class='ocrx_word' id='word_1_789' title='bbox 782 5781 1021 5851; x_wconf 83' lang='lat' dir='ltr'><strong>pejores,</strong></span> <span class='ocrx_word' id='word_1_790' title='bbox 1061 5774 1313 5848; x_wconf 65' lang='lat' dir='ltr'><strong>quazdam</strong></span> <span class='ocrx_word' id='word_1_791' title='bbox 1345 5773 1630 5833; x_wconf 80' lang='lat' dir='ltr'><strong>meliores,</strong></span> <span class='ocrx_word' id='word_1_792' title='bbox 1663 5763 1919 5837; x_wconf 65' lang='lat' dir='ltr'><strong>quaadam</strong></span> <span class='ocrx_word' id='word_1_793' title='bbox 1946 5772 2082 5813; x_wconf 90' lang='lat' dir='ltr'><strong>vero</strong></span> 
     </span>
    </p>
   </div>
   <div class='ocr_carea' id='block_1_107' title="bbox 492 5847 2083 5938">
    <p class='ocr_par' dir='ltr' id='par_1_107' title="bbox 492 5847 2083 5938">
     <span class='ocr_line' id='line_1_108' title="bbox 492 5847 2083 5938; baseline -0.016 -11"><span class='ocrx_word' id='word_1_794' title='bbox 492 5847 702 5927; x_wconf 69' lang='lat' dir='ltr'><strong>siuiniles</strong></span> <span class='ocrx_word' id='word_1_795' title='bbox 731 5847 1389 5938; x_wconf 74' lang='lat' dir='ltr'><strong>constitueregignentes</strong></span> <span class='ocrx_word' id='word_1_796' title='bbox 1416 5860 1639 5937; x_wconf 88' lang='lat' dir='ltr'><strong>genitis.</strong></span> <span class='ocrx_word' id='word_1_797' title='bbox 1679 5854 1927 5914; x_wconf 89' lang='lat' dir='ltr'><strong>Verbum</strong></span> <span class='ocrx_word' id='word_1_798' title='bbox 1954 5847 2083 5921; x_wconf 84' lang='lat' dir='ltr'><strong>qui-</strong></span> 
     </span>
    </p>
   </div>
   <div class='ocr_carea' id='block_1_108' title="bbox 2162 4637 3758 4726">
    <p class='ocr_par' dir='ltr' id='par_1_108' title="bbox 2162 4637 3758 4726">
     <span class='ocr_line' id='line_1_109' title="bbox 2162 4637 3758 4726; baseline -0.012 -18"><span class='ocrx_word' id='word_1_799' title='bbox 2162 4656 2345 4726; x_wconf 88' lang='grc' dir='ltr'>νήσεις</span> <span class='ocrx_word' id='word_1_800' title='bbox 2373 4647 2484 4706; x_wconf 75' lang='grc' dir='ltr'>εἷεν</span> <span class='ocrx_word' id='word_1_801' title='bbox 2530 4649 2736 4721; x_wconf 87' lang='grc' dir='ltr'>κυρίως</span> <span class='ocrx_word' id='word_1_802' title='bbox 2781 4645 2876 4701; x_wconf 75' lang='grc' dir='ltr'>καὶ</span> <span class='ocrx_word' id='word_1_803' title='bbox 2929 4643 3187 4714; x_wconf 77' lang='grc' dir='ltr'>ἀληθεῖςο</span> <span class='ocrx_word' id='word_1_804' title='bbox 3232 4642 3295 4696; x_wconf 90' lang='grc' dir='ltr'>οὐ</span> <span class='ocrx_word' id='word_1_805' title='bbox 3329 4640 3441 4712; x_wconf 87' lang='grc' dir='ltr'><strong>γὰρ</strong></span> <span class='ocrx_word' id='word_1_806' title='bbox 3496 4640 3621 4693; x_wconf 70' lang='grc' dir='ltr'>ἐπεὶ</span> <span class='ocrx_word' id='word_1_807' title='bbox 3679 4637 3758 4709; x_wconf 72' lang='grc' dir='ltr'>μὴ</span> 
     </span>
    </p>
   </div>
   <div class='ocr_carea' id='block_1_109' title="bbox 2164 4733 3761 4816">
    <p class='ocr_par' dir='ltr' id='par_1_109' title="bbox 2164 4733 3761 4816">
     <span class='ocr_line' id='line_1_110' title="bbox 2164 4733 3761 4816; baseline -0.013 -15"><span class='ocrx_word' id='word_1_808' title='bbox 2164 4744 2434 4816; x_wconf 84' lang='grc' dir='ltr'>ποτάμιος</span> <span class='ocrx_word' id='word_1_809' title='bbox 2462 4781 2479 4809; x_wconf 88' lang='grc'><strong>,</strong></span> <span class='ocrx_word' id='word_1_810' title='bbox 2533 4741 2623 4797; x_wconf 80' lang='grc' dir='ltr'>διὰ</span> <span class='ocrx_word' id='word_1_811' title='bbox 2674 4740 2796 4794; x_wconf 89' lang='grc' dir='ltr'>τόδε</span> <span class='ocrx_word' id='word_1_812' title='bbox 2853 4737 2977 4792; x_wconf 75' lang='grc' dir='ltr'>οὐδὲ</span> <span class='ocrx_word' id='word_1_813' title='bbox 3025 4737 3195 4798; x_wconf 76' lang='grc' dir='ltr'>ἵππος</span> <span class='ocrx_word' id='word_1_814' title='bbox 3256 4733 3477 4804; x_wconf 86' lang='grc' dir='ltr'>άληθῶς</span> <span class='ocrx_word' id='word_1_815' title='bbox 3539 4734 3571 4785; x_wconf 97' lang='grc' dir='ltr'><strong>ὁ</strong></span> <span class='ocrx_word' id='word_1_816' title='bbox 3625 4747 3761 4803; x_wconf 86' lang='grc' dir='ltr'>χερ-</span> 
     </span>
    </p>
   </div>
   <div class='ocr_carea' id='block_1_110' title="bbox 2168 4817 3761 4901">
    <p class='ocr_par' dir='ltr' id='par_1_110' title="bbox 2168 4817 3761 4901">
     <span class='ocr_line' id='line_1_111' title="bbox 2168 4817 3761 4901; baseline -0.011 -13"><span class='ocrx_word' id='word_1_817' title='bbox 2168 4835 2319 4897; x_wconf 87' lang='grc' dir='ltr'>σαῖος</span> <span class='ocrx_word' id='word_1_818' title='bbox 2352 4848 2367 4863; x_wconf 75' lang='grc' dir='ltr'><strong>ο</strong></span> <span class='ocrx_word' id='word_1_819' title='bbox 2414 4832 2582 4901; x_wconf 82' lang='grc' dir='ltr'>ἄμφω</span> <span class='ocrx_word' id='word_1_820' title='bbox 2632 4827 2744 4900; x_wconf 84' lang='grc' dir='ltr'>γὰρ</span> <span class='ocrx_word' id='word_1_821' title='bbox 2782 4825 3003 4898; x_wconf 86' lang='grc' dir='ltr'>ἀληθῶς</span> <span class='ocrx_word' id='word_1_822' title='bbox 3057 4824 3216 4877; x_wconf 77' lang='grc' dir='ltr'>ἵπποι</span> <span class='ocrx_word' id='word_1_823' title='bbox 3243 4838 3260 4855; x_wconf 76' lang='grc' dir='ltr'><strong><em>ο</em></strong></span> <span class='ocrx_word' id='word_1_824' title='bbox 3316 4820 3440 4875; x_wconf 80' lang='grc' dir='ltr'>οὐδὲ</span> <span class='ocrx_word' id='word_1_825' title='bbox 3493 4818 3619 4873; x_wconf 76' lang='grc' dir='ltr'>ἐπεὶ</span> <span class='ocrx_word' id='word_1_826' title='bbox 3682 4817 3761 4888; x_wconf 85' lang='grc' dir='ltr'>μὴ</span> 
     </span>
    </p>
   </div>
   <div class='ocr_carea' id='block_1_111' title="bbox 2169 4910 3763 5000">
    <p class='ocr_par' dir='ltr' id='par_1_111' title="bbox 2169 4910 3763 5000">
     <span class='ocr_line' id='line_1_112' title="bbox 2169 4910 3763 5000; baseline -0.01 -21"><span class='ocrx_word' id='word_1_827' title='bbox 2169 4924 2478 5000; x_wconf 87' lang='grc' dir='ltr'>θαλάττιον,</span> <span class='ocrx_word' id='word_1_828' title='bbox 2506 4920 2597 4975; x_wconf 83' lang='grc' dir='ltr'><strong>διὰ</strong></span> <span class='ocrx_word' id='word_1_829' title='bbox 2652 4918 2811 4975; x_wconf 88' lang='grc' dir='ltr'>τοῦτο</span> <span class='ocrx_word' id='word_1_830' title='bbox 2869 4916 2992 4971; x_wconf 82' lang='grc' dir='ltr'>οὐδὲ</span> <span class='ocrx_word' id='word_1_831' title='bbox 3040 4914 3180 4981; x_wconf 81' lang='grc' dir='ltr'>ζῶον</span> <span class='ocrx_word' id='word_1_832' title='bbox 3229 4912 3292 4968; x_wconf 88' lang='grc' dir='ltr'><strong>τδ</strong></span> <span class='ocrx_word' id='word_1_833' title='bbox 3331 4914 3586 4984; x_wconf 85' lang='grc' dir='ltr'>χερσαῖον</span> <span class='ocrx_word' id='word_1_834' title='bbox 3613 4925 3629 4941; x_wconf 87' lang='grc'><strong>·</strong></span> <span class='ocrx_word' id='word_1_835' title='bbox 3656 4910 3763 4964; x_wconf 88' lang='grc' dir='ltr'><strong>οὐκ</strong></span> 
     </span>
    </p>
   </div>
   <div class='ocr_carea' id='block_1_112' title="bbox 2168 5001 3762 5090">
    <p class='ocr_par' dir='ltr' id='par_1_112' title="bbox 2168 5001 3762 5090">
     <span class='ocr_line' id='line_1_113' title="bbox 2168 5001 3762 5090; baseline -0.013 -18"><span class='ocrx_word' id='word_1_836' title='bbox 2168 5016 2395 5090; x_wconf 77' lang='grc' dir='ltr'>ἀρκέσει</span> <span class='ocrx_word' id='word_1_837' title='bbox 2442 5008 2535 5067; x_wconf 79' lang='grc' dir='ltr'>οὖν</span> <span class='ocrx_word' id='word_1_838' title='bbox 2594 5012 2657 5066; x_wconf 84' lang='grc' dir='ltr'><strong>τδ</strong></span> <span class='ocrx_word' id='word_1_839' title='bbox 2704 5008 2907 5082; x_wconf 86' lang='grc' dir='ltr'>κυρίως</span> <span class='ocrx_word' id='word_1_840' title='bbox 2950 5006 3046 5061; x_wconf 70' lang='grc' dir='ltr'>καὶ</span> <span class='ocrx_word' id='word_1_841' title='bbox 3087 5005 3230 5060; x_wconf 78' lang='grc' dir='ltr'>κατὰ</span> <span class='ocrx_word' id='word_1_842' title='bbox 3306 5001 3568 5073; x_wconf 82' lang='grc' dir='ltr'>ἀλήθειαν</span> <span class='ocrx_word' id='word_1_843' title='bbox 3630 5015 3762 5067; x_wconf 87' lang='grc' dir='ltr'>γεν-</span> 
     </span>
    </p>
   </div>
   <div class='ocr_carea' id='block_1_113' title="bbox 2170 5090 3764 5180">
    <p class='ocr_par' dir='ltr' id='par_1_113' title="bbox 2170 5090 3764 5180">
     <span class='ocr_line' id='line_1_114' title="bbox 2170 5090 3764 5180; baseline -0.013 -17"><span class='ocrx_word' id='word_1_844' title='bbox 2170 5106 2426 5180; x_wconf 86' lang='grc' dir='ltr'>νηθῆναι,</span> <span class='ocrx_word' id='word_1_845' title='bbox 2456 5102 2627 5169; x_wconf 78' lang='grc' dir='ltr'>δεῖξαι</span> <span class='ocrx_word' id='word_1_846' title='bbox 2683 5100 2785 5174; x_wconf 83' lang='grc' dir='ltr'><strong>τὴν</strong></span> <span class='ocrx_word' id='word_1_847' title='bbox 2847 5097 3145 5170; x_wconf 89' lang='grc' dir='ltr'>ὁμοιότητα</span> <span class='ocrx_word' id='word_1_848' title='bbox 3201 5095 3302 5165; x_wconf 87' lang='grc' dir='ltr'><strong>τῆς</strong></span> <span class='ocrx_word' id='word_1_849' title='bbox 3366 5090 3581 5157; x_wconf 91' lang='grc' dir='ltr'>οὐσίας,</span> <span class='ocrx_word' id='word_1_850' title='bbox 3621 5092 3764 5162; x_wconf 79' lang='grc' dir='ltr'>ὅπερ</span> 
     </span>
    </p>
   </div>
   <div class='ocr_carea' id='block_1_114' title="bbox 2174 5180 3767 5270">
    <p class='ocr_par' dir='ltr' id='par_1_114' title="bbox 2174 5180 3767 5270">
     <span class='ocr_line' id='line_1_115' title="bbox 2174 5180 3767 5270; baseline -0.014 -16"><span class='ocrx_word' id='word_1_851' title='bbox 2174 5201 2334 5270; x_wconf 79' lang='grc' dir='ltr'>ὑμεῖς</span> <span class='ocrx_word' id='word_1_852' title='bbox 2364 5198 2445 5260; x_wconf 84' lang='grc' dir='ltr'><strong>είς</strong></span> <span class='ocrx_word' id='word_1_853' title='bbox 2474 5194 2654 5249; x_wconf 86' lang='grc' dir='ltr'>αἰτίαν</span> <span class='ocrx_word' id='word_1_854' title='bbox 2678 5190 2868 5263; x_wconf 83' lang='grc' dir='ltr'>ὁμοίου</span> <span class='ocrx_word' id='word_1_855' title='bbox 2901 5187 3288 5259; x_wconf 87' lang='grc' dir='ltr'>παρηγάγετε,</span> <span class='ocrx_word' id='word_1_856' title='bbox 3310 5184 3359 5237; x_wconf 81' lang='grc' dir='ltr'>εἰ</span> <span class='ocrx_word' id='word_1_857' title='bbox 3388 5180 3466 5254; x_wconf 78' lang='grc' dir='ltr'><strong>μή</strong></span> <span class='ocrx_word' id='word_1_858' title='bbox 3491 5181 3588 5234; x_wconf 73' lang='grc' dir='ltr'>καὶ</span> <span class='ocrx_word' id='word_1_859' title='bbox 3617 5180 3767 5233; x_wconf 83' lang='grc' dir='ltr'>κατὰ</span> 
     </span>
    </p>
   </div>
   <div class='ocr_carea' id='block_1_115' title="bbox 2173 5273 3770 5363">
    <p class='ocr_par' dir='ltr' id='par_1_115' title="bbox 2173 5273 3770 5363">
     <span class='ocr_line' id='line_1_116' title="bbox 2173 5273 3770 5363; baseline -0.013 -17"><span class='ocrx_word' id='word_1_860' title='bbox 2173 5292 2276 5363; x_wconf 78' lang='grc' dir='ltr'>τὴν</span> <span class='ocrx_word' id='word_1_861' title='bbox 2306 5287 2520 5343; x_wconf 87' lang='grc' dir='ltr'>τοιάνδε</span> <span class='ocrx_word' id='word_1_862' title='bbox 2549 5286 2811 5356; x_wconf 88' lang='grc' dir='ltr'>γέννησιν</span> <span class='ocrx_word' id='word_1_863' title='bbox 2837 5282 2948 5336; x_wconf 89' lang='grc' dir='ltr'><strong>τῶν</strong></span> <span class='ocrx_word' id='word_1_864' title='bbox 2972 5278 3192 5351; x_wconf 72' lang='grc' dir='ltr'>ἀληθῶν</span> <span class='ocrx_word' id='word_1_865' title='bbox 3216 5276 3564 5347; x_wconf 86' lang='grc' dir='ltr'>γεννήσεων,</span> <span class='ocrx_word' id='word_1_866' title='bbox 3596 5273 3770 5342; x_wconf 83' lang='grc' dir='ltr'>ήγουν</span> 
     </span>
    </p>
   </div>
   <div class='ocr_carea' id='block_1_116' title="bbox 2176 5361 3773 5451">
    <p class='ocr_par' dir='ltr' id='par_1_116' title="bbox 2176 5361 3773 5451">
     <span class='ocr_line' id='line_1_117' title="bbox 2176 5361 3773 5451; baseline -0.015 -17"><span class='ocrx_word' id='word_1_867' title='bbox 2176 5361 2280 5451; x_wconf 77' lang='grc' dir='ltr'><strong>τήν</strong></span> <span class='ocrx_word' id='word_1_868' title='bbox 2331 5377 2495 5449; x_wconf 87' lang='grc' dir='ltr'>ὅμοια</span> <span class='ocrx_word' id='word_1_869' title='bbox 2542 5371 2835 5428; x_wconf 89' lang='grc' dir='ltr'>δεικνῦσαν</span> <span class='ocrx_word' id='word_1_870' title='bbox 2870 5369 2940 5424; x_wconf 84' lang='grc' dir='ltr'><strong>τά</strong></span> <span class='ocrx_word' id='word_1_871' title='bbox 2983 5365 3303 5437; x_wconf 86' lang='grc' dir='ltr'>τικτόμενα,</span> <span class='ocrx_word' id='word_1_872' title='bbox 3339 5362 3396 5416; x_wconf 77' lang='grc' dir='ltr'><strong>τι</strong></span> <span class='ocrx_word' id='word_1_873' title='bbox 3435 5361 3773 5430; x_wconf 85' lang='grc' dir='ltr'>γεγέννηται</span> 
     </span>
    </p>
   </div>
   <div class='ocr_carea' id='block_1_117' title="bbox 2179 5450 3777 5536">
    <p class='ocr_par' dir='ltr' id='par_1_117' title="bbox 2179 5450 3777 5536">
     <span class='ocr_line' id='line_1_118' title="bbox 2179 5450 3777 5536; baseline -0.016 -8"><span class='ocrx_word' id='word_1_874' title='bbox 2179 5450 2399 5534; x_wconf 80' lang='grc' dir='ltr'>πάντως</span> <span class='ocrx_word' id='word_1_875' title='bbox 2426 5487 2441 5502; x_wconf 91' lang='grc'><strong>·</strong></span> <span class='ocrx_word' id='word_1_876' title='bbox 2477 5468 2574 5522; x_wconf 73' lang='grc' dir='ltr'>καὶ</span> <span class='ocrx_word' id='word_1_877' title='bbox 2613 5466 2774 5536; x_wconf 81' lang='grc' dir='ltr'>ὑμεῖς</span> <span class='ocrx_word' id='word_1_878' title='bbox 2809 5463 2921 5534; x_wconf 83' lang='grc' dir='ltr'>γὰρ</span> <span class='ocrx_word' id='word_1_879' title='bbox 2965 5462 3025 5515; x_wconf 88' lang='lat' dir='ltr'><strong>tv</strong></span> <span class='ocrx_word' id='word_1_880' title='bbox 3075 5461 3221 5531; x_wconf 71' lang='grc' dir='ltr'>ἀρχῇ</span> <span class='ocrx_word' id='word_1_881' title='bbox 3255 5454 3529 5511; x_wconf 87' lang='grc' dir='ltr'>δεδώκατε</span> <span class='ocrx_word' id='word_1_882' title='bbox 3578 5451 3658 5515; x_wconf 84' lang='grc' dir='ltr'><strong>ὡς</strong></span> <span class='ocrx_word' id='word_1_883' title='bbox 3705 5450 3777 5503; x_wconf 83' lang='grc' dir='ltr'>τὰ</span> 
     </span>
    </p>
   </div>
   <div class='ocr_carea' id='block_1_118' title="bbox 2183 5549 3775 5639">
    <p class='ocr_par' dir='ltr' id='par_1_118' title="bbox 2183 5549 3775 5639">
     <span class='ocr_line' id='line_1_119' title="bbox 2183 5549 3775 5639; baseline -0.016 -19"><span class='ocrx_word' id='word_1_884' title='bbox 2183 5567 2281 5639; x_wconf 78' lang='grc' dir='ltr'>μὲν</span> <span class='ocrx_word' id='word_1_885' title='bbox 2313 5563 2585 5636; x_wconf 89' lang='grc' dir='ltr'>χείρονας,</span> <span class='ocrx_word' id='word_1_886' title='bbox 2612 5559 2684 5613; x_wconf 85' lang='grc' dir='ltr'>τὰ</span> <span class='ocrx_word' id='word_1_887' title='bbox 2705 5558 2762 5612; x_wconf 79' lang='grc' dir='ltr'>δὲ</span> <span class='ocrx_word' id='word_1_888' title='bbox 2796 5556 3142 5629; x_wconf 74' lang='grc' dir='ltr'>κρείττονας,</span> <span class='ocrx_word' id='word_1_889' title='bbox 3176 5552 3248 5606; x_wconf 82' lang='grc' dir='ltr'>τὰ</span> <span class='ocrx_word' id='word_1_890' title='bbox 3267 5549 3327 5605; x_wconf 80' lang='grc' dir='ltr'>δὲ</span> <span class='ocrx_word' id='word_1_891' title='bbox 3356 5549 3579 5621; x_wconf 87' lang='grc' dir='ltr'>ὁμοίους</span> <span class='ocrx_word' id='word_1_892' title='bbox 3624 5560 3775 5613; x_wconf 86' lang='grc' dir='ltr'>παρ-</span> 
     </span>
    </p>
   </div>
   <div class='ocr_carea' id='block_1_119' title="bbox 2186 5639 3775 5731">
    <p class='ocr_par' dir='ltr' id='par_1_119' title="bbox 2186 5639 3775 5731">
     <span class='ocr_line' id='line_1_120' title="bbox 2186 5639 3775 5731; baseline -0.015 -18"><span class='ocrx_word' id='word_1_893' title='bbox 2186 5662 2368 5731; x_wconf 87' lang='grc' dir='ltr'>ίστησι</span> <span class='ocrx_word' id='word_1_894' title='bbox 2412 5656 2524 5720; x_wconf 91' lang='grc' dir='ltr'>τοῖς</span> <span class='ocrx_word' id='word_1_895' title='bbox 2549 5652 2860 5724; x_wconf 90' lang='grc' dir='ltr'>γεννηθεῖσι</span> <span class='ocrx_word' id='word_1_896' title='bbox 2899 5650 3027 5715; x_wconf 77' lang='grc' dir='ltr'>τοὺς</span> <span class='ocrx_word' id='word_1_897' title='bbox 3055 5647 3465 5719; x_wconf 77' lang='grc' dir='ltr'>γεννήσανταςο</span> <span class='ocrx_word' id='word_1_898' title='bbox 3499 5639 3680 5701; x_wconf 80' lang='grc' dir='ltr'>ἄλλως</span> <span class='ocrx_word' id='word_1_899' title='bbox 3712 5651 3775 5690; x_wconf 81' lang='grc' dir='ltr'><strong>τε</strong></span> 
     </span>
    </p>
   </div>
   <div class='ocr_carea' id='block_1_120' title="bbox 2184 5729 3776 5825">
    <p class='ocr_par' dir='ltr' id='par_1_120' title="bbox 2184 5729 3776 5825">
     <span class='ocr_line' id='line_1_121' title="bbox 2184 5729 3776 5825; baseline -0.016 -19"><span class='ocrx_word' id='word_1_900' title='bbox 2184 5729 2322 5825; x_wconf 78' lang='grc' dir='ltr'>πρὸς</span> <span class='ocrx_word' id='word_1_901' title='bbox 2376 5749 2477 5821; x_wconf 79' lang='grc' dir='ltr'>μὲν</span> <span class='ocrx_word' id='word_1_902' title='bbox 2510 5747 2601 5801; x_wconf 81' lang='grc' dir='ltr'>τὸν</span> <span class='ocrx_word' id='word_1_903' title='bbox 2647 5745 2872 5816; x_wconf 85' lang='grc' dir='ltr'>Πατέρα</span> <span class='ocrx_word' id='word_1_904' title='bbox 2913 5740 3234 5813; x_wconf 69' lang='grc' dir='ltr'>γεννηθεὶς,</span> <span class='ocrx_word' id='word_1_905' title='bbox 3269 5739 3346 5801; x_wconf 85' lang='grc' dir='ltr'><strong>ὡς</strong></span> <span class='ocrx_word' id='word_1_906' title='bbox 3388 5736 3509 5790; x_wconf 85' lang='grc' dir='ltr'>ὅλον</span> <span class='ocrx_word' id='word_1_907' title='bbox 3551 5748 3608 5785; x_wconf 90' lang='grc' dir='ltr'><strong>τι</strong></span> <span class='ocrx_word' id='word_1_908' title='bbox 3646 5729 3776 5799; x_wconf 74' lang='grc' dir='ltr'>ἔσχε</span> 
     </span>
    </p>
   </div>
   <div class='ocr_carea' id='block_1_121' title="bbox 2184 5824 3772 5915">
    <p class='ocr_par' dir='ltr' id='par_1_121' title="bbox 2184 5824 3772 5915">
     <span class='ocr_line' id='line_1_122' title="bbox 2184 5824 3772 5915; baseline -0.016 -16"><span class='ocrx_word' id='word_1_909' title='bbox 2184 5824 2282 5915; x_wconf 71' lang='grc' dir='ltr'><strong>τήν</strong></span> <span class='ocrx_word' id='word_1_910' title='bbox 2336 5838 2603 5912; x_wconf 79' lang='grc' dir='ltr'>ὁμοίωσιν</span> <span class='ocrx_word' id='word_1_911' title='bbox 2630 5838 2659 5893; x_wconf 89' lang='grc' dir='ltr'><strong>ὁ</strong></span> <span class='ocrx_word' id='word_1_912' title='bbox 2686 5835 2861 5907; x_wconf 88' lang='grc' dir='ltr'>Λόγος</span> <span class='ocrx_word' id='word_1_913' title='bbox 2899 5835 2974 5900; x_wconf 81' lang='grc' dir='ltr'><strong>ὡς</strong></span> <span class='ocrx_word' id='word_1_914' title='bbox 3004 5832 3138 5899; x_wconf 87' lang='grc' dir='ltr'>Θεός</span> <span class='ocrx_word' id='word_1_915' title='bbox 3161 5847 3176 5864; x_wconf 87' lang='grc'><strong>·</strong></span> <span class='ocrx_word' id='word_1_916' title='bbox 3207 5826 3445 5902; x_wconf 78' lang='grc' dir='ltr'>Χριστὸς</span> <span class='ocrx_word' id='word_1_917' title='bbox 3474 5824 3533 5878; x_wconf 74' lang='grc' dir='ltr'>δὲ</span> <span class='ocrx_word' id='word_1_918' title='bbox 3572 5836 3772 5894; x_wconf 85' lang='grc' dir='ltr'>γεννη-</span> 
     </span>
    </p>
   </div>
  </div>
