4116 6450
430 395 567 462 ῙῦἸΊ

1384 405 1784 470 ADVERSUS
1820 407 2372 477 NESTORIANOS.
2396 413 2638 477 —LIB.
2680 415 2776 477 IV.

3564 416 3705 483 1678

422 513 538 576 θεὶς
573 512 670 569 καὶ
699 512 762 568 οὐ
788 500 959 584 Λόγος
988 515 1201 584 ἀπλῶς,
1225 516 1320 591 καὶ
1350 519 1489 591 πρὸς
1518 520 1618 593 τὴν
1664 523 1897 596 Μητέρα
1948 527 2002 581 ἐν

2115 528 2242 585 dem
2270 529 2461 596 habet,
2493 538 2756 603 tanquam
2784 529 2933 586 Deus
2973 529 3246 604 integram
3275 533 3700 592 similitudinem

422 606 624 675 μέρους
675 606 776 678 μὲν
830 607 945 679 ἔχει
988 609 1089 683 τὴν
1139 611 1405 682 ὁμοίωσιν
1441 612 1543 687 τὴν
1586 618 1844 689 φυσικὴν,
1875 617 2011 673 ἀλλά

418 698 518 752 καὶ
581 701 649 752 ἐκ
694 700 899 771 μέρους
953 702 1016 755 τὸ
1066 704 1291 773 ὅμοιονο
1322 706 1464 762 διότι
1503 702 1588 773 εἷς
1628 708 1726 762 καὶ
1768 710 1798 764 6
1845 708 2010 774 αὐτὸς

419 796 704 867 ὑπάρχων,
738 797 882 853 κατά
911 797 1141 872 θάτερον
1170 802 1280 857 τῶν
1313 805 1371 858 ἐν
1394 804 1546 875 αὐτῷ
1576 805 1786 877 μερῶν,
1817 806 1918 879 τήν
1947 822 2009 860 τε

419 889 558 959 πρὸς
606 890 700 943 τὸν
738 891 959 964 Πατέρα
1023 893 1122 947 καὶ
1172 896 1311 967 πρὸς
1360 896 1460 967 τὴν
1488 898 1721 970 Μητέρα
1771 899 2010 971 φυσικὴν

416 981 677 1051 ὁμοίωσιν
694 983 958 1057 κέκτηται
981 988 1076 1040 καὶ
1097 987 1361 1060 διαφοράν
1377 1006 1393 1021 ο
1417 991 1623 1058 ὁμοίως
1643 991 1700 1045 δέ
1726 992 1823 1045 καὶ⁵
1846 993 2009 1062 ἡμεῖς

419 1076 533 1137 τοῖς
567 1075 857 1147 ὑμετέροις
884 1078 1309 1148 ἀντεπάγοντες,
1339 1080 1607 1153 δείξωμεν
1630 1083 1699 1137 τὰ
1722 1082 1967 1154 ἡμέτερα
1989 1098 2006 1116 ·

419 1168 469 1220 εί
493 1168 602 1239 γὰρ
630 1171 836 1239 κυρίως
860 1172 955 1224 καὶ
978 1174 1118 1227 κατά
1150 1174 1409 1244 ἀλήθειαν
1448 1176 1714 1247 ἐγεννήθη
1747 1178 1812 1231 ἐκ
1838 1177 2008 1231 Σαοὺλ

418 1257 701 1324 Ἰωνάθαν,
732 1261 880 1315 ἐστιν
902 1264 1087 1334 ὅμοιος
1117 1265 1267 1337 αὐτῷ
1289 1265 1409 1320 κατ’
1439 1268 1650 1321 οὐσίαν·
1685 1269 1780 1322 καὶ
1802 1269 2007 1338 κυρίως

420 1352 513 1404 καὶ
549 1352 693 1405 κατά
731 1354 991 1424 ἀλήθειαν
1033 1358 1297 1429 ἐγεννήθη
1352 1359 1447 1412 ἀπ’
1482 1359 1651 1414 αὑτοῦ
1684 1359 1879 1429 Λόγος,
1910 1361 2004 1415 καὶ

420 1442 567 1496 ἐστιν
589 1445 975 1515 ἀνομοιότατος
1008 1449 1156 1520 αὐτῷ
1189 1450 1309 1504 κατ’
1337 1451 1525 1504 οὐσίαν
1549 1467 1565 1484 ο
1605 1451 1667 1505 οὐ
1700 1450 1763 1505 τὸ
1795 1452 2004 1522 κυρίως

420 1528 752 1608 γεννηθῆναι
783 1540 900 1593 ἐστι
936 1540 1126 1610 σαφῶς
1152 1543 1328 1596 αἴτιον
1360 1543 1463 1614 τῆς
1495 1544 1848 1614 ὁμοιότητος,
1886 1524 2010 1597 ἀλλ*

417 1625 568 1696 ὁτῆς
620 1627 940 1699 ὁμοιότητος
992 1631 1089 1683 τοῦ
1152 1631 1336 1704 ὅλουῆ
1397 1633 1598 1706 μέρους
1631 1634 1765 1698 ῐδιος
1800 1634 2004 1706 τρόπος

420 1716 529 1770 τῶν
554 1719 612 1770 ἐν
645 1721 763 1782 ταῖς
783 1721 1074 1792 γεννήτεσι
1111 1726 1445 1795 νοουμένων.

2112 623 2262 679 Patri
2296 639 2311 677 :
2342 622 2599 679 Christus
2627 632 2811 679 autem
2843 624 3063 695 genitus
3101 635 3158 681 et
3200 628 3314 700 jam
3340 644 3453 685 non
3483 630 3702 703 simpli-

2111 712 2253 768 citer
2282 713 2549 779 Verbum,
2583 714 2751 769 habet
2787 722 2844 770 et
2886 716 3046 770 Matri
3081 733 3148 772 ex
3175 728 3334 789 parte
3375 720 3704 778 similitudi-

2110 818 2237 859 nem
2264 804 2574 876 physicam,
2609 812 2666 859 et
2690 819 2757 859 ex
2790 813 2946 875 parte
2971 821 3094 861 esse
3123 808 3328 864 simile.
3366 809 3525 867 Unde
3556 821 3704 868 unu‘s

2110 907 2169 955 et
2198 899 2345 955 idem
2374 916 2501 956 cum
2529 902 2623 967 sit,
2650 901 2956 957 secundum
2988 901 3314 957 alterutram
3348 903 3405 958 in
3436 904 3557 975 ipso
3582 921 3705 975 par-

2111 991 2251 1047 tium
2293 1001 2408 1047 tum
2438 994 2597 1057 .Patri
2638 1002 2756 1048 tum
2784 993 2941 1048 Matri
2986 994 3407 1051 similitudinem
3439 997 3610 1053 habet
3642 1008 3700 1053 et

2111 1081 2506 1138 differentiam.
2557 1083 2774 1139 Pariter
2802 1092 3009 1148 autem,
3041 1085 3129 1140 his
3157 1096 3349 1141 contra
3383 1103 3483 1143 vos
3509 1088 3697 1156 dictis,

2110 1170 2557 1228 demonstremus
2585 1181 2641 1227 et.
2662 1180 2906 1227 nostram
2940 1173 3270 1229 doctrinam.
3310 1175 3366 1231 Si
3397 1177 3545 1231 enim
3568 1194 3692 1248 pro-

2110 1263 2231 1332 prie
2279 1270 2335 1318 et
2377 1264 2685 1319 secundum
2718 1264 3011 1319 veritatem
3056 1266 3278 1337 genitus
3310 1276 3397 1323 est
3430 1260 3699 1325 Jonathaé

2111 1369 2142 1408 a
2168 1353 2355 1420 Saule,
2386 1355 2587 1411 similis
2614 1364 2699 1411 est
2728 1356 2779 1410 ei
2813 1357 3123 1411 secundum
3164 1357 3556 1414 substantiam.
3588 1358 3699 1416 Sed

2108 1446 2407 1517 etproprie
2433 1455 2489 1501 et
2518 1447 2825 1502 secundum
2862 1448 3149 1503 veritatem
3175 1449 3423 1519 genitum
3452 1460 3534 1506 est
3557 1452 3698 1507 Ver-

2109 1536 2261 1601 bum,
2295 1538 2445 1607 quod
2494 1550 2581 1593 est
2621 1539 2671 1594 ei
2721 1538 3155 1595 dissimillimum
3205 1541 3512 1597 secundum
3563 1543 3699 1597 sub-

2108 1630 2387 1685 stantiam.
2440 1630 2742 1686 Evidenter
2788 1632 2956 1703 igitur
3004 1633 3228 1703 proprie
3274 1634 3523 1705 genitum
3574 1651 3698 1690 esse

2110 1739 2223 1779 non
2250 1732 2335 1779 est
2393 1738 2558 1778 causa
2611 1723 3037 1791 similitudinis;
3070 1723 3167 1779 sed
3202 1739 3376 1796 genus
3417 1724 3697 1795 quoddam

419 1812 659 1882 speciale
687 1812 1072 1871 similitudinis
1101 1818 1273 1873 totius
1305 1819 1390 1874 vel
1422 1820 1594 1891 partis
1627 1834 1823 1877 eorum
1857 1832 1980 1890 quae
2011 1815 2067 1871 in
2098 1815 2549 1887 generationibus
2575 1815 3023 1871 considerantur.

1021 1911 1273 1967 ΚΕΦΑΛ.
1302 1915 1399 1969 1Δ⁹.

490 1997 554 2051 Εί
578 1998 840 2071 ἐγεννήθη
873 2001 902 2054 6
922 2000 1050 2064 Υίὸς
1076 2004 1140 2056 ἐκ
1160 2002 1255 2057 τοῦ
1286 2005 1500 2077 Πατρός
1545 2007 1690 2062 κατά
1743 2007 1996 2079 θεότητα,

418 2086 515 2142 καὶ
563 2088 726 2153 σώζει
789 2091 888 2162 τὴν
940 2091 1062 2146 κατ’
1088 2095 1280 2149 οὐσίαν
1325 2098 1465 2169 πρὸς
1489 2097 1656 2153 αὐτὸν
1677 2100 1996 2172 ὁμοιότητα,

415 2179 683 2252 ἐγεννήθη
763 2181 820 2235 δὲ
867 2182 993 2237 καθ’
1023 2185 1170 2255 ὑμᾶς
1221 2186 1426 2258 ὁμοίως
1445 2189 1474 2242 6
1504 2189 1634 2254 Υίὺς
1678 2191 1772 2245 καὶ
1803 2192 1869 2246 ἐκ
1899 2192 2001 2264 τῆς

422 2270 702 2341 Παρθένου
756 2273 896 2328 κατά
955 2274 1211 2347 θεότητα,
1265 2276 1461 2342 σώζειν
1489 2280 1702 2352 ἀνάγκη
1730 2281 1829 2354 τὴν
1863 2284 2003 2354 πρὸς

414 2362 587 2434 αὐτὴν
616 2365 739 2418 κατ’
778 2365 970 2420 οὐσίαν
990 2368 1283 2440 ὁμόιότητα
1313 2370 1456 2425 κατά
1503 2372 1606 2445 τὴν
1638 2373 1874 2448 θεότητα
1897 2390 1913 2406 °
1951 2377 2002 2430 εί

413 2455 473 2510 δὲ
509 2455 689 2523 τοῦτο,
719 2456 831 2525 ἐξει
862 2459 1081 2525 πάντως
1110 2461 1204 2515 καὶ
1229 2463 1263 2533 ἡ
1290 2463 1569 2535 Παρθένος
1592 2466 1694 2538 τὴν
1720 2467 1859 2539 πρὸς
1908 2466 2002 2522 τὸν

414 2549 549 2604 Θεὸν
577 2554 674 2605 καὶ
695 2551 912 2622 Πατέρα
941 2553 1063 2607 κατ’
1084 2554 1274 2608 οὐσίαν
1305 2557 1608 2628 ὁμοιότητα
1633 2574 1648 2589 ο
1685 2559 1757 2612 τά
1787 2560 1898 2631 γὰρ
1923 2558 2003 2631 τῷ

414 2641 569 2712 αὐτῷ
604 2643 788 2713 ὅμοια,
820 2645 915 2699 καὶ
964 2644 1221 2717 ἀλλήλοις
1267 2646 1419 2702 ἐστὶν
1473 2648 1656 2719 ὅμοια.
1698 2646 1842 2704 Ἀλλ’
1876 2649 2003 2705 οὕτε

416 2735 548 2801 πᾶν,
580 2734 706 2789 οὔτε
755 2737 898 2790 κατά
927 2738 1107 2791 πᾶσαν
1155 2738 1434 2810 γέννησιν,
1464 2738 1589 2794 οὔτε
1624 2740 1767 2795 κατά
1792 2741 1854 2796 τὸ
1881 2742 2004 2799 ὅλον

414 2826 614 2881 ἐαυτοῦ
643 2828 703 2881 τὸ
748 2829 811 2882 ἐκ
844 2846 991 2893 τινος
1040 2830 1403 2903 γεννώμενον,
1430 2833 1624 2898 σώζειν
1652 2835 1869 2906 ἀνάγκη
1909 2836 2003 2889 τὸν

426 2916 525 2985 τῆς
567 2918 779 2986 φύσεώς
827 2918 921 2973 τοῦ
969 2919 1223 2982 τεκόντος
1273 2921 1432 2991 λόγον
1469 2922 1893 2995 ἀπαράλλακτον
1916 2922 2004 2977 δέ-

416 3011 625 3066 δεικται
675 3012 770 3066 καὶ⁵
801 3012 1022 3085 εἴρηται
1065 3013 1351 3079 πολλάκις.
1381 3014 1517 3069 Ἰδοὺ
1561 3014 1671 3086 γὰρ
1701 3017 1795 3069 καὶ
1838 3016 2001 3086 φύσει

413 3104 582 3158 τέκνα
618 3104 823 3176 ὀργῆς,
851 3105 944 3159 καὶ
990 3106 1095 3159 υίοὶ
1143 3105 1431 3170 ἀπειθείας
1482 3107 1579 3161 καὶ
1630 3106 1883 3178 ἀνομίας,
1905 3106 2001 3162 καὶ

418 3194 527 3248 υἱοὶ
560 3195 807 3261 σκότους,
832 3197 926 3250 καὶ
985 3198 1152 3251 τέκνα
1198 3196 1294 3252 τοῦ
1342 3198 1609 3269 πονηροῦ,
1640 3199 1735 3255 καὶ
1762 3200 1872 3253 υίοὶ
1902 3199 1997 3254 τοῦ

416 3286 617 3350 αἰῶνος
673 3257 890 3351 τούτου,
916 3288 1012 3342 καὶ
1042 3288 1207 3343 τέκνα
1239 3288 1333 3343 τοῦ
1396 3257 1673 3355 διοὶὲόλὸυ,
1704 3290 1842 3344 ἀλλά
1901 3291 2000 3345 καὶ
2026 3257 2069 3314 c

415 3379 583 3432 τέκνα
653 3380 788 3433 Θεοῦ
816 3419 832 3444 ,
898 3381 993 3434 καὶ
1073 3380 1379 3453 θελήματος
1438 3382 1583 3436 θείου
1638 3383 1996 3455 γεννήματα,

414 3473 512 3525 καὶ
592 3474 701 3525 υἱοὶ
792 3474 993 3543 φωτὸς,
1082 3474 1176 3528 καί¹
1260 3475 1366 3529 υίοὶ
1420 3474 1638 3547 ἡμέρας
1665 3515 1683 3543 ,
1742 3476 1837 3531 καὶ
1891 3476 2001 3531 υίοὶ

414 3564 731 3635 δυνάμεως,
799 3567 894 3619 καὶ
952 3567 1060 3620 υἱοὶ
1135 3566 1394 3635 Ὑψίστου
1442 3568 1693 3639 εἴρηνται
1735 3570 1802 3642 τῇ
1867 3570 2002 3643 ἁγίᾳ

414 3656 631 3727 Γραφῇ,
662 3654 805 3710 κατά
861 3656 1153 3728 διαφόρους
1198 3658 1421 3729 ἀληθεῖς
1463 3661 1605 3714 κατά
1654 3659 1748 3714 τόν
1798 3661 2000 3715 οίκεῖον

414 3747 577 3817 λόγον
606 3749 891 3819 γεννήσεις
924 3750 1020 3803 καὶ
1052 3750 1183 3813 τοὺς
1215 3751 1457 3823 ἑκάστης
1513 3752 1823 3824 γεννήσεως
1875 3754 2001 3826 τρό-

415 3857 553 3904 πους
583 3856 599 3871 ·
628 3840 725 3894 καὶ
772 3838 927 3894 οὐδὲν
991 3839 1059 3895 ἀν
1109 3840 1280 3895 τῶνδε
1339 3842 1590 3913 γέννημα
1643 3843 1789 3898 είποι
1830 3861 1919 3909 τις
1940 3844 1999 3913 ἐξ

413 3929 663 3998 ἀνάγκης
717 3930 1003 4001 ὁμοούσιον
1047 3929 1128 4002 τῷ
1174 3931 1388 3987 τεκόντι
1423 3948 1437 3965 ο
1466 3933 1594 3987 οὐδὲ
1620 3935 1729 4006 γὰρ
1760 3934 1902 4007 ὀργὴ
1930 3934 2001 3990 τά

412 4020 581 4074 τέκνα
622 4021 724 4091 τῆς
754 4021 928 4094 ὀργῆς
948 4038 964 4054 ·
992 4022 1119 4078 οὒτε
1160 4024 1295 4079 αίὼν
1321 4024 1391 4079 τά
1446 4024 1616 4080 τέκνα
1641 4024 1737 4081 τοῦ
1759 4026 1955 4091 αἰῶνος
1980 4042 1996 4059 °

410 4113 540 4168 οὐδὲ
575 4114 687 4167 θεοὶ
706 4114 805 4186 τὴν
833 4114 1022 4169 οὐσίαν
1048 4114 1119 4170 τά
1157 4115 1327 4171 τέκνα
1360 4116 1458 4171 τοῦ
1489 4116 1626 4172 Θεοῦ
1651 4118 1830 4174 πάντα
1854 4134 1883 4171 ⁸.
1905 4118 1999 4172 οὑ-

411 4203 470 4257 δὲ
495 4203 775 4275 όμοούσιοι
806 4205 884 4277 τῷ
922 4205 1164 4280 ’Υψίστῳ
1193 4210 1242 4262 οἱ
1278 4209 1385 4262 υἱοὶ
1410 4207 1506 4263 τοῦ
1551 4210 1834 4280 Ὑψίστου.
1890 4210 1998 4263 Οὐ-

411 4298 546 4353 κοῦν
600 4299 796 4370 πρῶτα
833 4300 1080 4371 μέν,οὺκ
1130 4300 1184 4364 ετ
1218 4318 1271 4354 τι
1320 4300 1386 4355 ἔκ
1446 4318 1623 4368 τινος,
1681 4303 1843 4357 τοῦτο
1901 4303 1997 4356 καὶ

410 4392 599 4463 ὅμοιον
635 4392 856 4455 πάντως
893 4392 972 4464 τῷ
995 4392 1102 4463 ὅλῳ
1126 4391 1229 4463 τῆς
1259 4392 1448 4457 οὐσίας
1477 4392 1645 4447 αὑτοῦ
1672 4393 1816 4465 λόγῳ
1856 4389 1997 4450 εἶναι

410 4486 744 4555 ἀναγκαῖον·
787 4486 951 4540 πάλιν
979 4485 1025 4540 δ’
1049 4484 1144 4539 οῦν
1168 4484 1426 4555 ἐροῦμεν,
1461 4488 1545 4541 ὅτι
1586 4486 1712 4541 τότε
1746 4487 1813 4542 ἂν
1865 4488 1997 4559 ὑμῖν

2731 1911 2884 1967 CAP.
2928 1910 3071 1967 XIV.

2170 2001 2228 2058 Si
2257 2000 2477 2074 genitus
2501 2010 2589 2058 est
2618 1998 2793 2057 Filius
2823 2017 2893 2057 ex
2929 2001 3119 2067 Patre,
3154 2001 3461 2057 secundum
3489 2001 3695 2058 divini-

2102 2101 2290 2160 tatem,
2323 2101 2380 2149 et
2413 2100 2600 2150 servat
2632 2108 2759 2149 cum
2795 2107 2864 2148 eo
2889 2092 3314 2149 similitudinem
3341 2094 3585 2165 (genitus
3610 2102 3698 2152 est

2100 2195 2311 2251 autem,
2339 2186 2493 2256 juxta
2519 2200 2640 2251 vos,
2665 2184 2923 2240 similiter
2953 2184 3126 2240 Filius
3154 2200 3223 2240 ex
3250 2186 3478 2257 Virgine
3500 2202 3700 2243 secun-

2101 2277 2234 2333 dum
2281 2276 2677 2346 divinitatem),
2706 2291 2936 2333 necesse
2981 2286 3069 2333 est
3112 2286 3298 2334 servet
3347 2294 3473 2334 cum
3506 2295 3572 2335 ea
3602 2295 3696 2335 se-

2101 2368 2347 2425 cundum
2392 2369 2761 2424 substantiam
2812 2369 3235 2426 similitudinem
3269 2371 3576 2427 secundum
3606 2371 3698 2426 di-

2100 2459 2430 2526 vinitatem;
2488 2457 2536 2513 si
2581 2467 2767 2514 autem
2815 2458 2893 2514 ita
2944 2469 3051 2526 est,
3096 2460 3327 2515 habebit
3373 2462 3603 2517 omnino
3638 2471 3698 2517 et

2101 2552 2269 2623 Virgo
2316 2567 2443 2607 cum
2475 2552 2641 2608 Patre
2676 2550 2985 2607 secundum
3018 2551 3389 2607 substantiam
3432 2553 3697 2610 similitu-

2103 2643 2332 2711 dinem;
2369 2660 2491 2714 quae
2518 2644 2670 2700 enim
2716 2643 2899 2701 eidem
2934 2650 3065 2699 sunt
3096 2643 3321 2710 similia,
3353 2660 3418 2700 ea
3448 2652 3506 2701 et
3548 2646 3698 2701 inter

2103 2749 2163 2791 se
2194 2745 2328 2792 sunt
2358 2735 2583 2792 similia.
2616 2764 2689 2775 —-
2717 2733 2825 2790 Sed
2854 2750 3035 2806 neque
3064 2750 3253 2801 omne,
3289 2752 3472 2806 neque
3502 2752 3700 2793 secun-

2103 2832 2237 2888 dum
2282 2849 2505 2889 omnem
2547 2832 2994 2905 generationem,
3033 2847 3213 2903 neque
3255 2832 3561 2889 secundum
3606 2833 3695 2888 sui

2103 2925 2280 2996 ipsius
2337 2934 2537 2991 totum,
2594 2925 2804 2996 aliquid
2851 2924 3041 2994 aliquo
3070 2926 3321 2993 genitum
3373 2925 3693 2980 necessario

2103 3032 2328 3073 servare
2363 3018 2635 3073 rationem
2669 3033 2782 3072 non
2805 3013 3158 3071 ditl'erentem
3186 3026 3395 3071 naturae
3417 3016 3697 3087 gignentis

2102 3109 2313 3164 dictum
2346 3123 2490 3177 sazpe
2517 3107 3074 3178 demonstratumque
3107 3114 3211 3162 est.
3265 3107 3411 3163 Ecce
3449 3107 3597 3162 enim
3637 3117 3698 3163 et

2102 3206 2302 3253 natura
2337 3198 2434 3252 lilii
2468 3197 2585 3264 ine,
2616 3206 2674 3253 et
2708 3198 2809 3254 filii
2840 3196 3251 3253 incredulitatis
3273 3206 3330 3253 et
3357 3198 3693 3267 iniquitatis,

2102 3294 2159 3342 et
2192 3286 2289 3342 ﬁlii
2335 3286 2717 3352 tenebrarum,
2761 3294 2820 3343 et
2859 3286 2958 3342 filii
3003 3287 3157 3353 mali,
3181 3297 3238 3343 et
3272 3286 3370 3342 filii
3395 3288 3563 3359 hujus
3589 3304 3695 3343 sm-

2103 3380 2236 3445 culi,
2263 3388 2319 3435 et
2358 3379 2457 3435 lilii
2496 3380 2730 3447 diaboli;
2764 3379 2862 3436 sed
2889 3390 2947 3436 et
2976 3380 3074 3435 ﬁlii
3109 3381 3248 3447 Dei,
3286 3388 3344 3437 et
3384 3395 3454 3436 ex
3489 3380 3695 3435 volun-

2103 3480 2215 3527 tate
2244 3471 2343 3528 Dei
2372 3471 2511 3537 nati,
2546 3479 2603 3527 et
2629 3471 2727 3526 lilii
2764 3472 2930 3538 lucis,
2963 3480 3019 3526 et
3056 3471 3156 3526 lilii
3188 3471 3325 3538 diei,
3361 3479 3419 3528 et
3448 3471 3546 3526 lilii
3577 3471 3695 3525 for-

2102 3565 2381 3629 titudinis,
2434 3574 2492 3620 et
2536 3563 2637 3619 lilii
2694 3564 2937 3630 Excelsi,
2986 3564 3253 3637 dicuntur
3302 3564 3361 3620 in
3407 3563 3725 3635 Scriptura-

2101 3671 2279 3723 sacra,
2308 3656 2612 3712 secundum
2639 3655 2966 3711 ditl‘erentes
2997 3654 3178 3725 quoad
3213 3654 3492 3726 propriam
3529 3655 3698 3709 ratio-

2101 3764 2229 3804 nem
2274 3750 2683 3820 generationes,
2712 3756 2769 3804 et
2810 3746 3118 3803 secundum
3154 3748 3429 3819 cujusque
3459 3762 3693 3818 genera-

2103 3840 2275 3896 tionis
2299 3840 2547 3896 modum.
2576 3840 2646 3896 Et
2678 3839 2895 3896 nullum
2927 3854 2997 3895 ex
3033 3839 3125 3895 his
3168 3839 3454 3911 generatis
3482 3839 3696 3895 diceret

2100 3932 2227 4003 quis
2256 3947 2378 3988 esse
2405 3947 2474 3989 ex
2505 3932 2841 3989 necessitate
2863 3931 3390 3988 consubstantialem
3424 3931 3692 4003 gignenti.

2100 4024 2220 4081 Non
2246 4025 2395 4081 enim
2429 4033 2559 4081 sunt
2588 4025 2670 4080 ira
2692 4025 2790 4079 lilii
2818 4025 2936 4091 im,
2961 4038 3145 4095 neque
3172 4024 3439 4079 saeculum
3468 4023 3566 4078 lilii
3590 4039 3693 4080 ειε-
3808 4016 3813 4019 ’

2099 4116 2235 4181 culi,
2284 4129 2465 4185 neque
2494 4113 2573 4168 dii
2612 4113 2797 4184 quoad
2827 4114 3195 4170 substantiam
3228 4112 3331 4168 ﬁlii
3359 4112 3454 4169 Dei
3477 4129 3692 4179 omnes,

2099 4222 2281 4278 neque
2306 4206 2812 4263 consubstantiales
2854 4206 3085 4262 Excelso
3109 4205 3205 4260 ﬁlii
3239 4204 3474 4261 Excelsi.
3523 4205 3696 4277 igitur

2098 4298 2340 4371 primum
2362 4298 2609 4369 quidem,
2630 4313 2745 4353 non
2768 4313 2838 4354 ex
2865 4313 2933 4354 eo
2963 4296 3111 4368 quod
3140 4297 3352 4368 aliquid
3383 4306 3471 4353 est
3497 4312 3564 4352 ex
3590 4298 3696 4354 ali-

2099 4409 2231 4463 quo,
2250 4392 2378 4447 ideo
2400 4391 2535 4447 illud
2554 4399 2612 4446 et
2629 4390 2809 4447 simile
2839 4390 3067 4446 omnino
3082 4405 3204 4446 esse
3221 4390 3277 4445 in
3295 4397 3407 4445 tota
3430 4389 3693 4445 substan-

2102 4481 2191 4537 tia:
2205 4497 2319 4537 suae
2338 4481 2551 4536 ratione
2572 4496 2799 4538 necesse
2819 4494 2924 4537 est.
2939 4482 3143 4537 lterum
3159 4497 3291 4553 ergo
3307 4481 3556 4537 dicemus
3576 4489 3695 4537 tum

412 4572 526 4648 εἶχε
556 4576 619 4631 τὸ
648 4575 872 4645 εὔλογον
913 4578 948 4648 ή
1000 4577 1232 4648 ἀπορία,
1260 4578 1471 4632 είκατά
1499 4577 1559 4633 τὸ
1587 4577 1721 4632 αὐτὸ
1753 4579 1848 4633 καὶ
1879 4579 1988 4634 ώσ·

2103 4572 2257 4629 vobis
2268 4582 2504 4629 vestram
2521 4572 2901 4629 dilficultatem
2925 4573 3127 4629 habere
3144 4573 3355 4644 aliquid
3367 4574 3694 4638 verisimile,

409 4669 592 4733 αὑτως
623 4669 715 4724 τὸν
741 4669 908 4725 αὐτὸν
949 4669 1009 4737 ἐξ
1036 4668 1301 4741 ἐκατέρου
1353 4669 1785 4742 προεληλυθέναι
1842 4673 1996 4746 εἰρή-

409 4778 588 4834 καμεν
615 4762 875 4833 Χριστόν.
932 4762 996 4816 El
1028 4761 1138 4833 γάρ
1168 4761 1292 4815 ἐπεὶ
1325 4763 1470 4818 κατά
1504 4763 1606 4835 τὴν
1645 4763 1876 4836 θεότητα
1930 4766 1998 4819 ἐκ

409 4855 625 4927 Πατρὺς
653 4854 1006 4926 γεγέννηται,
1030 4856 1124 4909 καὶ
1150 4856 1294 4911 κατά
1343 4856 1444 4928 τὴν
1472 4855 1705 4928 θεότητα
1753 4859 1819 4911 ἐκ
1868 4858 1994 4929 Μη-

406 4945 535 5019 τρὸς
563 4947 592 4998 6
626 4945 790 5009 αὐτὸς
812 4945 1158 5015 γεγέννηται,
1188 4946 1393 5017 ἑτέρως
1450 4945 1656 5016 μέντοι,
1700 4946 1871 5019 ’ήγουν
1910 4948 1996 5002 ὅτι

408 5041 781 5112 σεσάρκωται,
815 5039 907 5093 τὸν
928 5038 1092 5093 αὑτὸν
1127 5038 1410 5092 ἀπαιτεῖτε
1437 5036 1596 5106 λόγον
1630 5038 1768 5109 πρὸς
1799 5039 1995 5095 ἑκάτε-

414 5149 508 5203 ρον
554 5129 666 5184 τῶν
707 5129 1054 5203 γεννητόρων
1102 5128 1248 5200 ἔχειν
1276 5127 1439 5182 αὐτὸν
1466 5128 1590 5183 κατ’
1627 5130 1841 5197 οὐσίαν,
1873 5131 1996 5187 δέον

408 5225 555 5294 ὑμᾶς
606 5208 790 5291 λέγειν
821 5222 918 5276 καὶ
949 5221 1159 5294 Πέτρον
1200 5221 1325 5274 ἐπεὶ
1356 5219 1499 5274 κατά
1540 5221 1641 5293 τὴν
1668 5221 1860 5277 οὐσίαν
1887 5223 1998 5278 ὑπὸ

418 5315 579 5369 Ἰωνᾶ
629 5314 979 5383 γεγέννηται,
1014 5313 1112 5367 καὶ
1160 5312 1302 5366 κατά
1351 5311 1453 5382 τὴν
1506 5312 1695 5367 οὐσίαν
1723 5311 1803 5384 τῷ
1852 5313 1997 5388 ἀγίῳ

406 5406 690 5477 Πνεῦματι
739 5403 1174 5477 ἐμφορούμενος,
1240 5402 1401 5457 τοῦτό
1444 5421 1505 5458 τε
1560 5403 1998 5477 ἐπενδυσάμενος

410 5496 790 5569 Πνευματικδς
815 5496 1166 5566 γεγέννηται,
1197 5494 1395 5559 σώζειν
1432 5495 1597 5550 αὐτὸν
1628 5498 1729 5569 τήν
1758 5514 1819 5551 τε
1859 5497 1999 5568 πρὸς

408 5588 500 5644 τὸν
549 5588 738 5643 Ἰωνᾶν
770 5588 866 5644 καὶ
894 5586 995 5660 τὴν
1033 5586 1171 5658 πρὸς
1198 5588 1257 5641 τὺ
1293 5586 1450 5656 ἅγιον
1483 5587 1712 5659 Πνεῦμα
1752 5589 2000 5644 κατὰτὸ

408 5684 532 5738 ὅλον
560 5681 657 5738 καὶ
700 5680 803 5734 οὐκ
864 5681 931 5735 ἐκ
993 5678 1195 5752 μέρους
1252 5681 1377 5733 κατ’
1417 5679 1605 5735 οὐσίαν
1661 5680 1997 5753 ὁμοιότηταο

415 5770 515 5826 καὶ
544 5771 594 5825 εί
645 5769 825 5839 τοῦτο,
856 5771 1077 5835 πάντως
1134 5770 1231 5825 καὶ
1272 5768 1455 5834 Ἰωνᾶς
1485 5770 1515 5823 6
1548 5770 1741 5824 τούτου
1792 5771 1997 5844 πατὴρ,

416 5861 531 5932 ἔξει
563 5862 663 5937 τὴν
685 5863 823 5936 πρὸς
856 5862 917 5917 τὸ
947 5861 1102 5933 ἅγιον
1128 5862 1356 5935 Πνεῦμα
1386 5861 1510 5917 κατ’
1535 5862 1727 5919 οὐσίαν
1745 5862 2000 5935 ὁμοιότη-

2098 4666 2144 4721 si
2167 4665 2272 4721 sub
2307 4664 2506 4721 eodem
2540 4672 2794 4734 respectu
2824 4672 2883 4720 et
2906 4665 3134 4720 omnino
3154 4664 3411 4721 eumdem
3438 4680 3508 4721 ex
3538 4671 3695 4719 utro-

2098 4775 2205 4831 que
2227 4758 2555 4830 provenisse
2582 4757 2871 4813 Christum
2904 4757 3235 4813 dixerimus.
3273 4756 3329 4814 Si
3363 4757 3536 4823 enim,
3560 4756 3693 4827 quia

2099 4850 2407 4907 secundum
2450 4849 2797 4905 divinitatem
2844 4864 2914 4904 ex
2942 4849 3104 4904 Patre
3134 4847 3356 4920 genitus
3384 4856 3470 4902 est
3506 4855 3564 4901 et
3600 4862 3692 4901 se-

2099 4941 2344 4998 cundum
2363 4940 2713 4998 divinitatem
2734 4956 2803 4997 ex
2822 4949 2997 4997 matre
3021 4940 3168 4996 idem
3196 4939 3419 5011 genitus
3446 4945 3553 5002 est,
3582 4937 3693 4992 alio

2100 5040 2285 5087 tamen
2334 5031 2524 5097 modo,
2557 5032 2772 5088 scilicet
2804 5030 3216 5093 incarnatione,
3268 5028 3521 5085 eamdem
3551 5042 3691 5082 con-

2100 5125 2329 5181 tenditis
2359 5141 2487 5181 eum
2511 5125 2718 5181 habere
2748 5125 3016 5180 rationem
3044 5122 3268 5177 relative
3292 5120 3361 5176 ad
3391 5130 3692 5193 utrumque

2099 5219 2442 5290 gignentium
2495 5218 2679 5290 quoad
2723 5216 3112 5279 substantiam,
3172 5212 3473 5269 dicendum
3528 5212 3692 5267 vobis

2099 5310 2210 5365 erit
2258 5310 2505 5374 Petrum,
2554 5309 2685 5380 quia
2726 5307 2907 5379 quoad
2957 5304 3323 5361 substantiam
3354 5317 3386 5357 a
3419 5301 3559 5358 Jona
3593 5316 3690 5373 ge-

2100 5403 2251 5458 nitus
2302 5411 2427 5467 est,
2477 5410 2537 5458 et
2586 5400 2769 5471 quoad
2814 5398 3181 5456 substantiam
3228 5395 3443 5467 Spiritu
3497 5403 3691 5450 sancto

2100 5494 2319 5549 alllatus
2371 5502 2430 5548 et
2501 5491 2903 5563 superindutus
2956 5489 3225 5563 spiritalis
3284 5489 3507 5560 genitus
3576 5493 3687 5553 est,

2100 5598 2322 5643 scrvare
2355 5591 2412 5640 et
2455 5582 2526 5639 ad
2553 5570 2750 5638 Jonam
2779 5592 2839 5640 et
2870 5581 2938 5638 ad
2980 5580 3252 5652 Spiritum
3287 5588 3563 5644 sanctum,
3598 5591 3694 5633 se.

2101 5676 2345 5731 cundum
2414 5684 2630 5741 totum,
2689 5682 2747 5732 et
2792 5689 2903 5731 non
2952 5687 3021 5729 ex
3079 5683 3269 5745 parte,
3320 5670 3502 5743 quoad
3551 5670 3690 5725 sub-

2101 5768 2363 5824 stantiam
2415 5767 2860 5824 similitudinem.
2908 5766 2977 5821 Et
3020 5766 3066 5821 si
3112 5765 3188 5821 ita
3237 5773 3341 5830 est,
3372 5762 3600 5819 omnino
3631 5769 3690 5816 et

2102 5862 2292 5920 Jonas.
2342 5861 2515 5927 ipsius
2545 5870 2721 5934 pater,
2753 5860 2984 5919 habebit
3024 5859 3092 5916 ad
3122 5858 3393 5932 Spiritum
3438 5862 3690 5913 sanctum
