4116 6432
448 378 583 442 1679

1727 372 2045 433 LEONTII
2089 371 2495 433 BYZANTINI

3592 377 3740 443 1680

444 484 863 548 similitudinem
888 480 1070 553 quoad
1094 481 1467 537 substantiam
1498 501 1511 537 :
1542 498 1663 553 quae
1686 482 1835 538 enim
1860 482 2048 537 eidem

2154 498 2223 533 τα
2245 498 2260 512 ⁸
2297 483 2367 535 τὰ
2399 485 2509 552 γὰρ
2543 482 2621 555 τῷ
2666 485 2815 557 αὑτῷ
2847 486 3030 557 ὅμοια,
3071 491 3165 542 καὶ
3211 487 3483 560 ἀλλήλοις,
3512 489 3585 554 ὡς
3642 492 3739 545 δέ·

443 590 575 638 sunt
601 579 829 641 similia,
859 591 923 630 ea
954 590 1173 645 quoque
1218 574 1365 628 inter
1406 592 1467 630 se
1512 576 1734 636 similia,
1779 582 1842 628 ut
1868 574 2035 631 vobis

2154 570 2329 625 Βοκται
2351 590 2367 605 ο
2400 574 2450 625 εί
2476 571 2571 626 οὖν
2594 575 2712 628 τόδε
2733 576 2821 631 διὰ
2851 578 2977 631 τάδε
2996 578 3057 632 οὑ
3084 579 3412 646 κεκώλυται,
3438 579 3555 635 ἀλλ’
3586 581 3745 635 ἐστιν

445 673 645 743 placet.
696 668 751 724 Si
801 668 971 738 igitur
998 667 1101 721 hoc
1131 682 1231 737 per
1264 666 1384 720 haec
1414 682 1525 721 non
1569 664 1891 737 impeditur,
1934 665 2033 720 sed

2154 663 2209 715 ὲκ
2239 665 2443 734 μέρους
2470 665 2571 737 τῆς
2597 666 2950 733 ὑποστάσεως
2972 670 3140 723 αὑτοῦ
3164 672 3410 741 ἐκατέρῳ
3429 672 3745 740 όμοοὺσιος,
3786 728 3793 733 ,

444 775 529 817 est
558 777 623 816 ex
654 769 811 831 parte
845 773 961 813 sua:
994 772 1241 828 personae
1266 758 1492 827 utrique
1521 757 2033 823 consubstantialis,

447 852 729 924 quomodo
746 866 855 906 non
874 859 932 905 et
951 849 1230 905 Christum
1248 849 1329 903 sic
1354 849 1663 921 intelligere
1678 848 2035 904 duceremus.

1086 940 1239 997 CAP.
1277 939 1396 995 XV.

519 1033 800 1105 Quidquid
834 1032 1057 1102 proprie
1083 1043 1141 1087 et
1170 1033 1475 1087 secundum
1507 1032 1802 1088 veritatem
1834 1032 2034 1103 gignit,

452 1143 615 1182 causa
673 1135 759 1181 est
806 1125 1001 1195 geniti.
1055 1125 1206 1179 Nihil
1254 1133 1440 1205 autem
1494 1139 1659 1179 causa
1703 1133 1793 1180 est
1838 1124 2035 1195 geniti,

452 1218 598 1287 quod
632 1217 705 1272 sit
744 1218 931 1286 genito
974 1216 1275 1285 posterius.
1325 1210 1472 1271 Nihil
1514 1216 1683 1287 igitur
1729 1216 1878 1286 quod
1928 1232 2039 1271 non

452 1315 537 1360 est
563 1306 754 1375 genito
797 1305 1095 1374 posterius,
1145 1314 1232 1359 est
1275 1320 1417 1377 opus
1468 1307 1663 1377 geniti.
1707 1305 1857 1360 Nihil
1909 1320 2041 1376 ergo

455 1399 605 1468 quod
642 1397 867 1467 proprie
905 1406 963 1451 et
993 1397 1299 1451 secundum
1348 1398 1640 1453 veritatem
1680 1398 1873 1469 gignit,
1900 1414 2041 1469 opus

457 1497 542 1544 est
567 1487 764 1558 geniti.
798 1487 905 1542 Sed
934 1503 964 1542 a
996 1488 1155 1543 vobis
1187 1488 1322 1543 illud
1349 1489 1663 1545 addendum
1700 1501 1819 1547 erat
1850 1492 2043 1561 prima:

460 1580 628 1649 hujus
653 1579 1077 1648 epicherematis
1104 1579 1491 1648 propositioni,
1528 1580 1744 1635 scilicet
1776 1581 1923 1651 quod
1952 1596 2043 1635 se-

461 1670 705 1725 cundum
736 1670 882 1739 quod
913 1669 1037 1740 quis
1063 1670 1269 1724 dicitur
1296 1671 1585 1740 genuisse,
1631 1672 1706 1727 ita
1743 1682 1799 1727 et
1828 1673 2039 1743 genuit.

462 1763 538 1816 lta
571 1762 720 1816 enim
748 1761 979 1831 gignens
1002 1769 1087 1815 est
1115 1776 1283 1817 causa
1311 1763 1513 1832 geniti;
1548 1763 1679 1833 quia
1706 1764 1784 1819 sic
1816 1775 1874 1820 et
1900 1765 2043 1820 Pau-

2143 756 2264 821 πῶς
2292 756 2414 828 οὐχὶ
2444 758 2539 811 καὶ
2565 758 2802 828 Χριστὸν
2826 758 3000 824 οὑτως
3026 762 3169 814 voer
3216 762 3591 833 αἱρησόμεθα;

2734 936 2988 991 ΚΕΦΔΛ.
3037 936 3135 991 ΙΕ’.
3777 973 3787 987 .

2217 1026 2333 1079 Πᾶν
2388 1025 2451 1079 τὸ
2512 1025 2719 1097 κυρίως
2798 1026 2893 1079 καὶ
2959 1025 3102 1080 κατὰ
3176 1026 3437 1095 ἀλήθειαν
3504 1026 3691 1080 τίκτον
3728 1009 3784 1094 ,⁸

2146 1113 2322 1168 αῐτιον
2414 1112 2512 1166 τοῦ
2601 1114 2924 1185 τικτομένου
2948 1131 2964 1147 ⁸
3028 1115 3183 1170 οὐδὲν
3257 1116 3315 1170 δὲ
3393 1116 3570 1170 αἴτιον
3644 1117 3751 1170 τοῦ

2144 1204 2468 1275 τικτομένου
2494 1244 2510 1270 ,
2597 1202 2864 1276 νεώτερον
2949 1202 3046 1256 τοῦ
3131 1203 3452 1274 τικτομένου
3484 1217 3501 1233 ⁸
3586 1203 3753 1257 οὐδὲν

2147 1291 2241 1350 οῦν
2295 1295 2358 1349 οὑ
2406 1295 2672 1366 νεώτερον
2728 1294 2825 1349 τοῦ
2903 1295 3263 1366 τικτομένου,
3354 1295 3753 1367 δημιούργημα

2144 1384 2241 1438 τοῦ
2310 1384 2633 1456 τικτομένω
2664 1400 2680 1417 ⁶
2742 1385 2897 1439 οὐδὲν
2978 1387 3087 1457 ἄρα
3166 1386 3375 1456 κυρίως
3438 1388 3531 1439 καὶ
3599 1387 3755 1441 κατὰ

2146 1476 2406 1547 ἀλήθειαν
2476 1476 2663 1531 τίκτον
2689 1516 2705 1542 ,
2775 1476 3173 1548 δημιούργημα
3237 1478 3335 1531 τοῦ
3396 1479 3749 1548 τικτομένου.

2160 1569 2323 1623 Ἀλλὰ
2361 1569 2481 1623 δέον
2509 1570 2654 1639 ὑμᾶς
2692 1564 2759 1643 ἦν
2788 1570 3108 1641 προσθεῖναι
3130 1573 3199 1641 τῇ
3237 1571 3436 1643 πρώτῃ
3466 1570 3561 1623 τοῦ
3596 1588 3752 1642 παρ-

2148 1658 2304 1723 όντος
2336 1660 2772 1731 ἐπιχειρήματος
2816 1661 3103 1731 προτάσει.
3141 1663 3225 1715 ὅτι
3253 1663 3376 1715 κατ’
3397 1664 3574 1714 ἐκεῖνο
3597 1661 3626 1714 ὃ
3653 1662 3756 1715 λέ-

2149 1765 2309 1819 γεται
2343 1754 2549 1817 τεκεῖν,
2579 1752 2675 1805 καὶ
2700 1752 2779 1816 ὡς
2806 1754 3030 1806 τέτοκεν
3056 1770 3070 1784 ·
3095 1752 3267 1816 οὑτως
3297 1754 3407 1825 γὰρ
3443 1756 3539 1807 καὶ
3566 1754 3755 1807 αττιόν

465 1854 579 1915 lus,
627 1852 723 1921 qui
771 1868 871 1922 per
904 1852 1263 1923 Evangelium
1309 1855 1520 1923 genuit,
1550 1870 1681 1909 vere
1708 1854 1935 1924 quidem
1968 1866 2048 1912 est

2154 1843 2273 1894 ἐστι
2302 1842 2398 1896 τοῦ
2444 1843 2767 1914 τικτομένου
2794 1844 2855 1898 τὸ
2896 1845 3103 1911 τίκτον,
3135 1846 3259 1898 ἐπεὶ
3283 1843 3429 1898 οὑτω
3459 1846 3552 1899 καὶ
3586 1847 3617 1897 ό
3657 1846 3757 1899 διὰ

456 1945 671 2015 genitor
699 1954 756 2000 et
784 1959 951 2000 causa
976 1945 1250 2014 proxima,
1275 1961 1383 2000 non
1429 1962 1566 2002 vero
1591 1947 1828 2003 carnalis
1860 1964 2054 2005 essen-

462 2036 549 2091 ti:e
578 2051 771 2091 eorum
798 2035 893 2105 qui
920 2036 1091 2105 geniti
1136 2045 1291 2099 sunt,
1327 2036 1424 2091 sed
1460 2052 1657 2093 eorum
1705 2053 1805 2109 per
1849 2038 2054 2109 praedi-

459 2126 736 2182 cationem
778 2126 931 2180 ﬁdei.
972 2125 1129 2180 Multi
1174 2126 1323 2181 enim
1367 2143 1560 2182 eorum
1601 2128 1697 2198 qui
1748 2130 2053 2185 secundum

460 2218 604 2275 hanc
647 2218 1063 2289 generationem
1093 2218 1207 2271 nati
1236 2227 1365 2272 sunt
1392 2219 1443 2273 ei
1475 2218 1595 2284 ﬁlii,
1644 2228 1777 2275 natu
1816 2222 2054 2292 majores

460 2311 582 2381 ipso
616 2318 778 2365 erant
834 2309 1019 2379 quoad
1065 2318 1283 2379 tempus
1326 2312 1546 2372 carnis;
1599 2320 1657 2366 et
1709 2312 1900 2383 junior
1942 2313 2053 2367 illis

462 2403 582 2473 ipse
613 2402 921 2458 secundum
956 2409 1174 2472 tempus
1198 2402 1416 2470 genitus
1449 2412 1589 2468 erat,
1620 2403 1716 2472 qui
1744 2402 1850 2458 t‘uit
1883 2420 2049 2460 causa

460 2510 656 2550 eorum
701 2494 952 2564 proxima
996 2493 1302 2547 secundum
1354 2493 1542 2548 ﬁdem.
1583 2493 1873 2560 Quomodo
1919 2510 2051 2566 ergo

461 2586 611 2657 quod
642 2585 817 2655 gignit
841 2598 953 2637 non
989 2583 1163 2652 ipsam
1194 2583 1575 2637 exsistentiam
1602 2583 1929 2653 simpliciter
1952 2584 2048 2640 sed

462 2674 816 2732 solummodo
836 2674 999 2729 talem
1016 2673 1418 2740 exsisteutiam,
1444 2674 1822 2729 exsistentiam
1841 2674 2051 2731 scilicet

461 2767 630 2823 Verbi
666 2767 723 2821 in
755 2772 1024 2836 quantum
1054 2764 1322 2820 incarnati
1343 2807 1357 2831 ,
1390 2780 1500 2819 non
1536 2764 1816 2820 diceretur
1850 2782 2044 2821 recen-

459 2859 620 2914 tioris
645 2856 1051 2928 dispositionis,
1087 2855 1142 2911 id
1184 2865 1272 2911 est
1307 2855 1430 2910 talis
1459 2856 1747 2928 cujusdam
1776 2859 2048 2914 exsisten-

460 2952 571 3015 tiae,
604 2964 826 3005 causam
858 2963 980 3005 esse
1012 2963 1247 3019 eamque
1275 2950 1508 3020 proinde
1533 2947 1925 3018 antiquiorem,
1949 2948 2047 3005 sed

461 3053 518 3101 et
572 3043 979 3113 qualiscunque
1029 3040 1258 3096 alterius
1306 3040 1643 3096 exsistentia:
1687 3042 1808 3111 ejus
1848 3042 1943 3112 qui
1977 3057 2046 3096 ex

460 3133 739 3189 connuuni
789 3132 1066 3188 sententia
1096 3132 1317 3204 genitus
1357 3144 1479 3189 erat
1508 3135 1616 3189 alia
1654 3135 2046 3205 generatione?

462 3226 750 3295 Quomodo
774 3234 832 3280 et
864 3224 1222 3290 Nicodemus,
1257 3224 1565 3297 discipulus
1606 3226 1698 3281 ille
1744 3238 2052 3282 nocturnus

460 3337 572 3375 non
602 3316 920 3374 necessario
950 3316 1288 3372 concedetur
1311 3317 1701 3387 pmexstitisse
1724 3318 1957 3373 Domino
1983 3332 2065 3373 se-

464 3412 715 3467 cundum
743 3408 1042 3480 quamdam
1086 3408 1523 3473 rationem,cum
1550 3410 1705 3465 illum
1729 3411 1841 3481 jam
1871 3425 2061 3467 senem

467 3504 730 3559 hortetur
776 3501 1046 3557 Dominus
1079 3501 1147 3557 ad
1194 3502 1599 3558 renascendum
1645 3517 1746 3572 per
1778 3518 1977 3574 aquam
2002 3510 2063 3558 et

463 3594 775 3665 Spiritum?
819 3593 936 3649 Hoc
990 3592 1153 3649 nobis
1192 3592 1359 3650 dicite
1400 3602 1621 3650 servata
1662 3592 1835 3649 illaesa
1876 3600 2062 3650 vestra

460 3688 740 3743 doctrina.

1093 3773 1251 3830 CAP.
1284 3774 1427 3831 XVI.

530 3868 709 3924 Omne
754 3865 979 3938 proprie
1008 3872 1067 3921 et
1093 3866 1404 3922 secundum
1447 3866 1745 3923 veritatem
1787 3868 2058 3938 genitum,

459 3976 624 4017 suum
668 3974 793 4015 esse
838 3958 1008 4014 habet
1052 3974 1083 4014 a
1128 3959 1408 4030 gignente.
1454 3959 1604 4015 Nihil
1634 3967 1820 4015 autem
1846 3961 2063 4016 habens

459 4068 625 4111 suum
671 4068 797 4108 esse
840 4067 873 4107 a
918 4052 1207 4124 gignente,
1253 4052 1471 4108 exsistit
1510 4053 1667 4125 prius
1714 4068 1817 4109 suo
1868 4063 2059 4126 partu,

459 4144 608 4201 Nihil
633 4159 768 4214 ergo
792 4144 1018 4214 pr0prie
1048 4152 1105 4199 et
1128 4144 1439 4200 secundum
1468 4145 1762 4202 veritatem
1784 4148 2057 4216 genitum,

459 4234 686 4292 exsistit
720 4235 876 4305 prius
901 4250 1004 4289 suo
1033 4245 1218 4305 partu.
1242 4268 1309 4277 —-
1332 4238 1416 4291 An
1445 4236 1614 4307 igitur
1649 4236 2056 4302 tantummodo,

453 4330 608 4401 juxta
660 4342 791 4393 vos,
842 4326 890 4382 si
928 4326 1139 4399 aliquid
1192 4328 1399 4383 dicitur
1454 4328 1663 4384 habere
1709 4343 1873 4384 suum
1934 4345 2059 4385 esse

458 4418 788 4489 simpliciter
818 4419 888 4475 ab
919 4420 1127 4491 aliquo,
1159 4420 1295 4475 illud
1327 4428 1476 4475 esset
1509 4420 1735 4491 proprie
1766 4432 1822 4477 et
1853 4437 2056 4477 secun-

2156 1934 2251 1986 τοῦ
2280 1934 2621 2004 Εὑαγγελίου
2640 1936 2909 2007 γεννήσας
2934 1936 3170 2001 Παῦλος,
3194 1935 3415 2007 ἀληθῶς
3470 1937 3571 2007 μέν
3626 1939 3754 1993 ἐστι

2154 2026 2350 2089 τοκεὺς
2396 2028 2492 2081 καὶ
2541 2028 2718 2092 αἴτιος
2772 2027 3171 2099 προσεχῶς,οὑ
3220 2028 3321 2099 τῆς
3370 2028 3646 2099 σαρκικῆς
3691 2028 3756 2084 δὲ

2157 2117 2445 2189 ὑπάρξεως
2500 2118 2612 2175 τῶν
2646 2120 3017 2190 γεννηθέντων
3041 2160 3057 2187 ,
3093 2119 3228 2174 ἀλλὰ
3267 2120 3367 2191 τῆς
3405 2121 3550 2174 κατά
3596 2121 3755 2174 διδα-

2157 2209 2385 2263 σκαλίαν
2417 2210 2655 2275 πίστεως
2683 2212 2866 2267 αὐτῶν
2891 2229 2907 2246 ·
2940 2212 3126 2267 πολλοὶ
3151 2212 3267 2283 γὰρ
3306 2212 3419 2266 τῶν
3449 2212 3545 2266 ὑπ’
3574 2212 3755 2268 αὑτοῦ

2153 2299 2299 2353 κατὰ
2328 2300 2537 2373 ταύτην
2567 2303 2667 2374 τὴν
2701 2303 2962 2373 γέννησιν
3002 2302 3153 2375 αὑτῷ
3179 2304 3573 2375 γεγεννημένοι
3604 2304 3754 2371 utet,

2152 2394 2250 2448 καὶ
2293 2394 2645 2467 παλαιότεροι
2688 2395 2831 2449 κατὰ
2880 2397 2973 2450 τὸν
3006 2396 3105 2466 τῆς
3132 2396 3335 2467 σαρκὸς
3376 2396 3576 2467 χρόνον
3602 2392 3756 2467 ἦσαν

2152 2486 2345 2542 τούτου
2372 2504 2389 2519 θ
2429 2490 2523 2542 καὶ
2560 2489 2827 2561 νεώτερος
2870 2488 3079 2543 τούτων
3121 2482 3276 2552 οὗτος
3319 2487 3567 2557 ἐγεγόνει
3594 2488 3753 2543 κατὰ

2150 2580 2363 2651 χρόνον,
2398 2583 2428 2635 ὁ
2465 2581 2637 2645 αἴτιος
2668 2581 2848 2636 αὑτῶν
2872 2580 3159 2653 προσεχῶς
3189 2581 3333 2634 κατὰ
3356 2578 3461 2653 τὴν
3507 2581 3702 2634 πίστιν
3736 2598 3751 2611 ·

2152 2672 2272 2736 πῶς
2304 2668 2399 2727 οὖν
2426 2673 2487 2727 τὸ
2520 2673 2596 2745 μὴ
2617 2674 2739 2729 κατ’
2767 2674 2901 2729 αὑτὸ
2927 2674 2991 2727 τὸ
3018 2669 3159 2728 εἶναι
3192 2674 3400 2737 ἁπλῶς.
3429 2674 3570 2728 ἀλλὰ
3600 2676 3752 2729 κατὰ

2152 2763 2215 2817 τὸ
2244 2765 2470 2818 τοιῶσδε
2496 2760 2635 2819 εἶναι
2674 2766 2840 2836 τυχὸν
2878 2765 3039 2836 μόνον
3070 2766 3240 2837 ἤγουν
3271 2765 3333 2819 τὸ
3387 2766 3762 2836 σεσαρκωμέο

2152 2872 2244 2909 νον
2312 2851 2453 2909 εἶναι
2510 2856 2603 2911 τὸν
2658 2858 2832 2926 Λόγον
2858 2896 2875 2923 ,
2938 2856 2999 2911 οὐ
3070 2859 3239 2928 μόνης
3308 2857 3407 2925 τῆς
3480 2858 3763 2929 νεωτέρας

2149 2948 2539 3011 καταστάσεως
2577 2988 2592 3011 ,
2650 2948 2820 3018 ήγουν
2887 2947 2981 3002 τοῦ
3050 2949 3277 3002 τοιῶσδε
3337 2948 3509 3003 αὑτοῦ
3567 2947 3714 3003 εἶναι
3741 2987 3761 3013 ,

2148 3037 2359 3106 λέγοιτο
2377 3039 2547 3093 αῐτιόν
2576 3056 2637 3093 τε
2673 3040 2773 3093 καὶ
2807 3041 3172 3112 παλαιότερον
3194 3036 3358 3105 εἶναι,
3377 3040 3516 3095 ἀλλὰ
3544 3041 3764 3111 καὶτῆς

2148 3128 2367 3183 οίασοῦν
2404 3129 2691 3201 ὑπάρξεως
2718 3130 2885 3185 αὑτοῦ
2921 3132 3114 3203 ἐτέρας
3163 3133 3266 3204 ήδη
3306 3132 3767 3204 ὁμολογουμένως

2165 3222 2674 3291 προγεγεννημένου
2737 3222 2833 3275 καὶ
2900 3224 3062 3294 ἑτέρᾳ
3130 3226 3439 3295 γεννήσεις
3507 3226 3636 3289 Πῶς
3704 3227 3767 3280 δέ

2164 3310 2261 3365 καὶ
2326 3310 2640 3382 Νικόδημος
2703 3312 2779 3384 μὴ
2831 3316 3309 3387 προῦφεστηκέναι
3377 3317 3475 3370 τοῦ
3548 3320 3768 3391 Κυρίου

2165 3400 2289 3454 καθ’
2317 3403 2601 3457 ὁντιναοῦν
2628 3404 2785 3472 λόγον
2814 3408 2843 3459 ό
2875 3407 3191 3476 νυκτερινὸς
3225 3408 3476 3478 μαθητὴς
3507 3408 3567 3473 ἐξ
3598 3411 3768 3477 ἀνάγο

2163 3509 2269 3565 κης
2299 3492 2610 3565 δοθήσεται,
2641 3496 2764 3549 ἐπεὶ
2793 3498 3125 3569 γεννηθῆναι
3166 3500 3333 3552 αὑτὸν
3380 3501 3768 3570 προετρέπετο

2162 3584 2399 3654 γέροντα
2432 3586 2532 3657 ἤδη
2566 3587 2697 3641 ὅντα
2727 3587 2794 3641 δι’
2825 3588 3020 3655 ὓδατος
3057 3592 3151 3644 καὶ
3185 3591 3507 3662 Πνεῦματος
3538 3610 3555 3660 ;
3589 3595 3762 3649 εἴπα-

2162 3692 2223 3729 τε
2256 3677 2390 3747 ἡμῖν
2416 3676 2639 3749 άτρωτα
2662 3679 3025 3748 φυλάττοντες
3053 3681 3125 3737 τὰ
3160 3683 3430 3756 ὑμέτερα.

2741 3773 2996 3828 ΚΕΦΑΛ.
3032 3774 3152 3842 ις’.

2234 3862 2351 3917 Πᾶν
2381 3862 2443 3916 τδ
2469 3863 2677 3943 κυρίως
2705 3865 2801 3919 καὶ
2841 3866 2984 3921 κατὰ
3020 3864 3284 3937 ἀλήθειαν
3322 3869 3673 3941 τικτόμενον,
3702 3874 3767 3926 τὸ

2161 3946 2302 4015 εἶναι
2331 3952 2445 4025 ἔχει
2473 3956 2538 4008 ἐκ
2568 3953 2664 4009 τοῦ
2694 3956 2974 4021 τίκτοντος
2998 3973 3015 3991 ’
3046 3958 3201 4013 οὐδὲν
3237 3959 3298 4015 τὸ
3345 3957 3491 4015 εἶναι
3535 3963 3663 4033 ἕχον
3696 3966 3766 4019 ἐκ

2161 4043 2258 4098 τοῦ
2288 4045 2598 4114 τίκτοντος,
2627 4047 2734 4119 πρὸ
2779 4047 2879 4104 τοῦ
2910 4048 3115 4104 οίκείου
3175 4051 3341 4105 τόκου
3376 4054 3530 4108 ἐστίν
3550 4070 3568 4086 ο
3602 4056 3764 4109 οὐδὲν

2166 4135 2279 4206 ἄρα
2319 4138 2528 4209 κυρίως
2553 4140 2651 4194 καὶ
2679 4142 2825 4196 κατὰ
2855 4141 3120 4213 ἀλήθειαν
3147 4145 3494 4217 τικτόμενον,
3528 4147 3639 4218 πρὸ
3661 4150 3762 4205 τοῦ

2161 4228 2370 4284 οἰκείου
2398 4231 2561 4285 τόκου
2588 4232 2765 4290 ἐστίν.
2788 4229 2939 4307 1'Apa.
2966 4233 3062 4290 οὖν
3090 4236 3212 4291 καθ’
3241 4238 3387 4308 ὑμᾶς
3421 4241 3476 4293 εἰ
3505 4257 3559 4294 τι
3593 4241 3658 4295 τὸ
3684 4237 3767 4294 εἷ-

2161 4338 2249 4374 ναι
2301 4322 2446 4394 ἔχειν
2492 4323 2678 4389 ἁπλῶς
2714 4325 2936 4396 λέγεται
2990 4325 3055 4382 ἔκ
3100 4346 3269 4393 τινος.
3327 4331 3491 4385 τοῦτο
3548 4334 3763 4403 κυρίως

2164 4412 2326 4481 μόνον
2378 4416 2472 4467 καὶ
2529 4416 2672 4469 κατὰ
2723 4417 2986 4489 ἀλήθειαν
3041 4419 3101 4486 ἐξ
3143 4421 3312 4475 αὑτοῦ
3344 4426 3756 4495 γεγεννημένον

460 4509 591 4565 dum
651 4510 943 4567 veritatem
987 4512 1055 4567 ab
1090 4511 1211 4582 ipso
1236 4511 1484 4582 genitum
1512 4513 1745 4584 ejusque
1770 4512 2048 4569 diceretur

2158 4503 2266 4574 εἴη,
2305 4504 2398 4559 καὶ⁵
2426 4505 2543 4570 υίὸς
2566 4506 2821 4577 λέγοιτο;
2856 4512 2920 4564 οὑ
2953 4512 3062 4582 μὴν
3101 4515 3196 4567 καὶ
3224 4516 3277 4567 ετ
3306 4532 3358 4568 τι
3416 4517 3483 4570 τὸ
3530 4519 3759 4573 τοιῶσδε

457 4601 653 4657 ﬁlius?
698 4602 895 4657 Nonne
945 4603 1113 4658 etiam
1154 4613 1212 4658 et
1253 4604 1299 4659 si
1344 4603 1547 4659 habeat
1591 4619 1662 4660 ex
1710 4604 1899 4675 aliquo
1942 4605 2052 4660 tale

457 4706 581 4746 esse
606 4691 628 4743 ?
660 4689 729 4743 Et
773 4692 1052 4760 quomodo
1094 4692 1228 4748 Seth
1256 4693 1567 4764 etﬁliiejus
1582 4694 1767 4749 divina
1785 4695 2051 4751 ﬁliatione

457 4782 738 4838 donantur
758 4791 817 4837 et
832 4781 930 4836 ﬁlii
957 4783 1053 4837 Dei
1075 4785 1386 4839 vocantur?
1416 4784 1702 4852 Quomodo
1735 4785 1832 4841 ﬁlii
1861 4787 2049 4853 Israel,

458 4872 498 4927 ii
551 4872 646 4943 qui
693 4887 762 4927 ex
803 4872 1009 4930 Judmis
1052 4884 1184 4930 sunt
1223 4875 1247 4929 ἲ
1296 4875 1588 4943 Quomodo
1635 4876 1733 4932 ﬁlii
1778 4877 1900 4942 Dei,
1950 4877 2051 4933 ﬁlii

457 4962 741 5035 Evangelii
770 4964 868 5021 Dei
892 4966 915 5019 ?
942 4964 1051 5023 Sed
1075 4977 1132 5023 et
1161 4968 1200 5024 ii
1227 4970 1325 5041 qui
1355 4973 1532 5028 renati
1574 4980 1703 5028 sunt
1738 4988 1806 5028 ex
1838 4973 2049 5028 semine

454 5055 780 5126 incorrupto
819 5072 922 5127 per
957 5058 1190 5115 verbum
1235 5061 1335 5117 Dei
1378 5062 1616 5119 viventis
1642 5072 1700 5119 et
1728 5062 2050 5118 manentis?

452 5147 743 5212 Quomodo
800 5148 902 5205 ﬁlii
958 5150 1182 5223 Sponsi,
1234 5155 1517 5225 apostoli?
1566 5155 1858 5224 Quomodo
1900 5154 2048 5211 ﬁlius

452 5238 610 5295 Pauli
634 5238 932 5298 Onesimus
963 5260 1128 5315 quem
1162 5248 1354 5319 genuit
1379 5248 1621 5305 vinculis
1654 5248 1814 5304 suis?
1838 5246 2045 5303 Natura

451 5343 637 5388 autem
690 5332 836 5391 ﬁlios
881 5337 976 5392 ira:
1017 5349 1075 5394 et
1124 5339 1266 5397 ﬁlios
1307 5342 1637 5415 iniquitatis,
1667 5354 1745 5410 et,
1771 5359 1804 5399 e
1830 5352 2043 5409 contra,

450 5422 599 5479 ﬁlios
638 5425 803 5491 lucis,
836 5427 983 5485 ﬁlios
1017 5431 1163 5499 vitae,
1204 5444 1263 5489 et
1292 5436 1399 5490 alia
1435 5436 1638 5493 similia
1667 5435 1777 5491 dici
1803 5434 1859 5488 in
1890 5433 2044 5489 Scri-

451 5523 614 5581 ptura
646 5530 824 5583 sacra,
862 5535 984 5589 quae
1031 5524 1172 5578 ratio
1216 5524 1537 5597 disposuit?
1580 5525 1873 5594 Quomodo
1911 5539 2042 5579 cve-

451 5600 698 5657 nientem
741 5604 876 5675 ipsis
923 5610 1085 5666 talem
1138 5612 1357 5672 ruinam
1402 5628 1500 5672 aut
1546 5615 2038 5678 resurrectionem,

450 5704 632 5760 ne‘lue
666 5693 830 5751 simul
851 5712 977 5753 cum
1007 5703 1348 5774 exsistentia,
1369 5723 1552 5779 neque
1575 5709 1644 5764 ab
1670 5723 1738 5763 eo
1763 5707 1858 5778 qui
1886 5705 2040 5761 dedit

455 5781 868 5853 exsistentiam,
918 5797 1099 5853 tamen
1143 5796 1425 5865 propriam
1468 5798 1907 5871 generationem,
1946 5812 2035 5852 se-

2155 4588 2293 4647 εἷναι
2324 4594 2387 4648 ἐκ
2417 4612 2563 4661 τινος
2599 4596 2713 4667 ἔχει
2741 4616 2757 4666 ;
2804 4601 2899 4654 καὶ
2929 4602 3047 4665 πῶς
3066 4603 3175 4674 Σὴθ
3212 4606 3309 4657 καὶ
3335 4608 3384 4661 οἱ
3433 4607 3533 4661 ἀπ’
3561 4609 3755 4674 αὑτοῦ,

2156 4684 2304 4751 θείας
2345 4686 2594 4760 υίότητος
2624 4688 2910 4754 ἀξιοῦνται
2979 4696 3075 4748 καὶ
3134 4697 3243 4750 υἱοὶ
3266 4697 3405 4751 Θεοῦ
3451 4699 3757 4771 λέγονται;

2154 4778 2272 4842 πῶς
2300 4778 2356 4832 δὲ
2388 4780 2496 4834 υἱοὶ
2534 4781 2752 4854 Ἰσραὴλ
2776 4785 2826 4837 οἱ
2858 4785 2917 4853 ἐξ
2963 4788 3281 4856 Ἰουδαίωνς
3318 4792 3438 4856 πῶς
3491 4794 3550 4848 δὲ
3582 4796 3759 4850 τέκνα

2152 4867 2289 4922 Θεοῦ
2318 4868 2390 4924 τὰ
2420 4870 2587 4926 τέκνα
2628 4874 2728 4944 τῆς
2759 4876 3096 4946 ἐπαγγελίας
3130 4881 3225 4934 τοῦ
3253 4882 3433 4950 Θεοῦ;
3487 4886 3628 4941 ἀλλὰ
3660 4892 3757 4944 καὶ

2150 4963 2198 5015 oi
2221 4963 2719 5037 ἀναγεγεννημένοι
2744 4970 2811 5022 ἐκ
2858 4972 3069 5042 σπορᾶς
3119 4973 3404 5045 ἀφθάρτου
3448 4979 3541 5033 διὰ
3589 4979 3757 5050 λόγου

2150 5052 2355 5118 ζῶντος
2418 5055 2555 5109 Θεοῦ
2647 5058 2744 5112 καὶ⁵
2809 5060 3107 5131 μένοντοςς
3191 5064 3311 5129 πῶς
3367 5067 3427 5121 δὲ
3483 5071 3594 5125 υἱοὶ
3659 5072 3757 5128 τοῦ

2149 5146 2440 5218 νυμφῶνος
2491 5149 2545 5202 ot
2611 5150 2937 5222 ἀπόστολοις
2998 5157 3117 5221 πῶς
3161 5157 3221 5212 δέ
3292 5160 3589 5234 Ὀνήσιμος
3642 5170 3759 5231 υἱὸς

2151 5237 2366 5292 Παύλου
2427 5238 2488 5293 ὃν
2531 5242 2793 5315 ἐγέννησε
2848 5249 2963 5311 τοῖς
3034 5248 3255 5321 δεσμοῖς
3301 5253 3513 5322 αὐτοῦς
3592 5257 3756 5327 φύσει

2146 5331 2205 5384 δέ
2286 5330 2453 5387 τέκνα
2511 5332 2683 5406 ὀργῆς
2736 5338 2833 5390 καὶ
2899 5340 3050 5403 υἱοὺς
3123 5344 3400 5415 ἀνομίας,
3456 5346 3491 5417 ἢ
3588 5351 3758 5404 πάλιν

2147 5424 2298 5489 υἱοὺς
2360 5426 2538 5495 φωτὸς
2600 5428 2699 5482 καὶ
2756 5428 2903 5501 ζωῆς
2962 5435 3060 5486 καὶ
3134 5436 3205 5490 τὰ
3265 5439 3499 5495 τοιαῦτα
3578 5460 3753 5514 προσ-

2146 5518 2506 5590 αγορεύεσθαι
2560 5522 2617 5575 ἐν
2661 5525 2725 5594 τῇ
2782 5526 2919 5597 ἁγίᾳ
2975 5528 3193 5600 Γραφῇ,
3242 5533 3329 5597 τίς
3378 5533 3542 5603 λόγος
3600 5553 3752 5609 παρ·

2144 5609 2440 5668 εσκεύασεν
2467 5629 2482 5681 ;
2514 5612 2547 5684 ἢ
2580 5614 2696 5679 πῶς
2723 5618 2823 5688 τὴν
2852 5620 3271 5693 συμϐεϐηκυῖαν
3337 5628 3533 5690 αὑτοῖς
3567 5630 3747 5686 τοιάν-

2142 5706 2200 5757 δε
2241 5701 2596 5759 κατάπτωσιν
2634 5706 2666 5777 ἢ
2698 5709 2999 5766 ἀνάστασιν
3027 5713 3153 5768 οὑτε
3197 5717 3298 5770 σὺν
3327 5717 3409 5789 τῷ
3435 5717 3597 5785 εἶναι,
3624 5721 3749 5775 οὑδέ

2142 5798 2207 5849 ἐκ
2246 5793 2339 5851 τοῦ
2366 5794 2427 5850 τὸ
2458 5792 2597 5854 εἶναι
2626 5800 2827 5872 δόντος,
2860 5804 3011 5877 ὅμως
3044 5808 3253 5881 κυρίως
3301 5811 3559 5882 γέννησιν
3603 5814 3743 5869 καθὸ
