4116 6450
378 450 514 519 1681

1336 451 1735 516 ADVERSUS
1773 448 2323 513 NESTORIANOS.
2355 470 2423 483 -
2445 450 2593 511 LIB.
2634 449 2734 512 IV.

3506 442 3647 512 1682

368 575 593 645 λέγεται
623 576 822 648 ῐσμεν;
857 576 907 632 εί
937 576 1048 651 γὰρ
1077 576 1239 648 μόνον
1267 576 1333 630 ὲκ
1360 574 1458 645 τῆς
1483 574 1579 628 τοῦ
1603 569 1745 630 εἶναι
1782 573 1962 636 αίτίας

2075 568 2307 626 :undum
2338 568 2487 640 quod
2552 567 2781 632 dicitur,
2806 564 3053 621 scimus?
3090 563 3148 620 Si
3196 563 3348 620 enim
3405 571 3644 620 tantum-

370 670 475 737 τὴν
503 668 730 740 υίότητα
755 668 963 724 τούτων
990 670 1287 741 γνωρίζετε
1325 664 1489 733 εἶναι,
1520 667 1676 721 ἔσται
1709 667 1855 737 ὑμᾶς
1902 665 1964 730 ἐξ

372 760 626 831 ἀνάγκης
653 761 923 829 δοξάζειν,
959 763 1036 827 ὡς
1070 763 1275 833 Ἰούδας
1301 780 1361 817 τε
1387 760 1483 816 καὶ
1509 762 1539 815 6
1568 759 1815 824 διάϐολος
1841 760 1965 813 ἐπεὶ

375 852 486 904 υἱοὶ
527 850 781 920 λέγονται
836 851 1133 917 ἀπωλείας,
1166 852 1299 923 παρ’
1328 852 1501 921 αὐτῆς
1565 850 1662 904 καὶ
1706 850 1768 903 τὸ
1821 843 1961 903 εἶναι

374 942 591 997 ἔλαϐον⁹
610 944 660 999 εί
679 944 737 999 δὲ
754 945 847 1000 καὶ
873 945 1033 1015 ὑμεῖς
1058 961 1216 1015 φατε,
1234 943 1398 998 ὅτιτὸ
1429 942 1531 1013 μὲν
1551 937 1693 997 εἶναι
1717 942 1745 994 6
1760 940 1964 1004 Ἰούδας

382 1034 488 1089 καὶ
552 1036 604 1090 οί
655 1036 835 1091 λοιποὶΙ
865 1038 917 1091 οῖ
956 1036 1079 1091 κατ’
1106 1034 1289 1102 αὑτὸν,
1314 1036 1381 1089 ὲκ
1404 1033 1541 1088 Θεοῦ
1571 1032 1729 1105 ἔσχον
1765 1048 1779 1060 ⁶
1814 1034 1875 1086 rb
1907 1032 1965 1086 δὲ

378 1126 607 1181 τοιῶσδε
634 1120 800 1193 εῖναι,
822 1126 924 1181 οὑκ
951 1125 1110 1198 ἔσχον
1133 1126 1201 1179 ὲκ
1224 1124 1362 1179 Θεοῦ
1388 1142 1403 1158 ο
1438 1123 1575 1179 καθὸ
1605 1121 1859 1192 λέγονταί
1882 1138 1965 1175 τι-

380 1236 475 1284 νες
497 1218 608 1273 υίοὶ
637 1217 867 1282 σκότους
894 1220 991 1274 καὶ
1024 1217 1272 1289 κατάρας
1300 1218 1368 1287 τῇ
1402 1214 1683 1286 ὁμωνύμῳ
1713 1213 1923 1284 υἱότητι
1946 1249 1963 1277 ,

377 1309 505 1363 καθ’
539 1309 782 1381 ἑκάτερα
827 1307 1160 1377 διεγνώκατε
1217 1305 1549 1377 λεγομένους
1598 1305 1749 1368 υἱούς
1773 1319 1787 1333 ο
1821 1304 1881 1357 ὲν
1908 1303 1966 1356 δὲ

376 1403 494 1465 τοῖς
536 1401 875 1473 δμωνύμοις,
903 1399 1058 1455 οὐδὲν
1110 1398 1315 1469 μᾶλλον
1362 1395 1459 1452 τοῦ
1519 1395 1710 1468 ἐτέρου
1755 1395 1966 1467 κυρίως

376 1491 695 1562 ὠνόμασται
721 1507 736 1521 ο
760 1491 896 1545 οἵτε
923 1489 1033 1562 γὰρ
1054 1488 1217 1544 πάλιν
1241 1489 1307 1542 ὲκ
1345 1487 1637 1559 μετανοίας
1666 1486 1805 1559 πρὸς
1825 1488 1959 1558 ἀρε-

383 1581 486 1652 τὴν
514 1582 609 1637 καὶ
636 1581 726 1637 διὰ
758 1582 998 1647 πίστεως
1034 1580 1113 1652 τῷ
1142 1578 1423 1651 Πνεύματι
1461 1579 1958 1651 ἀναγεννηθέντες,

378 1672 490 1727 υἱοὶ
520 1673 833 1745 Νυμφῶνος
863 1674 957 1729 καὶ
983 1674 1151 1729 τέκνα
1175 1671 1457 1745 βασιλείας
1498 1673 1592 1725 καὶ
1628 1671 1697 1726 τὰ
1737 1670 1963 1726 τοιαῦτα

377 1768 477 1825 καὶ
510 1768 641 1839 ὑμῖν
669 1767 1075 1840 ὡμολόγηνται.

2059 661 2225 717 modo
2252 675 2323 716 ex
2344 675 2509 715 causa
2523 674 2636 715 sua:
2652 656 2989 714 exsistentire
3008 655 3213 710 habere
3230 654 3366 710 istos
3389 670 3546 710 suam
3580 655 3649 708 ίίι

2058 753 2344 808 liationem
2378 750 2601 815 ducitis,
2634 748 2947 804 necessario
2975 746 3133 803 vobis
3156 746 3513 802 sentiendum
3539 746 3652 801 erit

2060 853 2119 901 et
2147 845 2345 903 Judam
2374 852 2431 899 et
2455 842 2762 909 diabolum,
2799 842 2929 911 quia
2958 841 3222 896 dicuntur
3250 840 3350 895 ﬁlii
3382 839 3652 911 perditio-

2061 937 2171 1002 nis,
2203 936 2273 991 ab
2301 936 2417 1007 ipsa
2452 950 2677 1006 quoque
2711 932 3089 989 exsistentiam
3118 932 3432 1003 accepisse;
3459 932 3592 987 dum
3614 945 3649 985 e

2064 1038 2259 1086 contra
2302 1036 2359 1083 et
2390 1042 2490 1083 vos
2516 1027 2705 1083 dicitis
2736 1041 2858 1082 esse
2899 1026 3125 1097 quidem
3164 1041 3329 1080 suum
3365 1023 3565 1079 ludam
3593 1031 3653 1077 et

2065 1121 2206 1177 alios
2248 1120 2557 1176 secundum
2595 1133 2750 1184 eum,
2797 1134 2828 1173 a
2872 1118 2986 1175 Deo
3035 1118 3275 1184 habere;
3309 1133 3433 1174 esse
3462 1128 3652 1172 autem

2066 1214 2207 1269 tales
2238 1213 2346 1269 hoc
2368 1228 2436 1269 ex
2460 1212 2573 1267 Deo
2605 1226 2715 1266 non
2740 1209 2970 1265 habere.
3000 1209 3060 1264 ln
3086 1218 3355 1279 quantum
3384 1207 3653 1262 dicuntur

2066 1305 2295 1376 quidam
2342 1304 2441 1360 ﬁlii
2484 1303 2845 1360 tenebrarum
2896 1311 2953 1358 et
3001 1301 3407 1357 maledictionis
3456 1300 3654 1354 homo-

2066 1412 2231 1469 nyma
2258 1396 2545 1458 ﬁliatione,
2576 1395 2680 1451 hos
2713 1392 3017 1449 secundum
3048 1402 3346 1462 utrumque
3370 1390 3482 1446 dici
3510 1389 3656 1445 ﬁlios

2068 1489 2391 1560 agnovistis.
2444 1489 2507 1544 In
2554 1490 2906 1562 homonymis
2949 1497 3133 1543 autem
3173 1496 3432 1543 neutrum
3478 1488 3657 1542 altero

2069 1582 2366 1652 specialius
2407 1582 2818 1639 denominatur.
2858 1582 2961 1649 Qui
3001 1582 3149 1637 enim
3176 1581 3377 1635 iterum
3407 1595 3509 1650 per
3541 1595 3659 1650 pae-

2068 1673 2359 1728 nitentiam
2383 1674 2452 1729 ad
2468 1674 2758 1741 virtutem,
2775 1682 2833 1730 et
2853 1690 2950 1743 per
2967 1674 3129 1729 ﬁdem
3153 1674 3209 1727 in
3242 1673 3509 1743 Spiritum
3530 1686 3659 1727 san-

2081 1776 2231 1822 ctum
2286 1768 2593 1835 regenerati
2652 1778 2821 1826 sunt.
2856 1765 2954 1823 ﬁlii
3015 1766 3234 1838 Sponsi,
3263 1776 3320 1822 et
3349 1765 3443 1820 ﬁlii
3476 1764 3653 1835 regni,

2076 1867 2133 1913 et
2153 1858 2259 1913 alia
2282 1858 2505 1925 similia,
2541 1870 2598 1915 et
2633 1875 2665 1915 a
2697 1860 2858 1917 vobis
2895 1860 3029 1931 ipsis
3054 1858 3223 1930 agniti
3250 1867 3399 1913 sunt.

446 1953 562 2008 Καὶ
607 1953 730 2018 πῶς
768 1953 831 2007 οὐ
871 1953 1143 2010 δεδώκατε
1177 1956 1240 2009 rb
1270 1955 1607 2027 ζητούμενον
1646 1954 1814 2027 ήμῖν;
1852 1951 1962 2007 ίδοὺ

2142 1954 2211 2011 Ει
2253 1956 2534 2027 quomodo
2579 1972 2693 2012 non
2731 1956 3082 2012 concessistis
3105 1956 3253 2026 quod
3282 1972 3383 2011 nos
3413 1957 3657 2027 postula-

374 2046 488 2118 γὰρ
512 2046 576 2100 rb
610 2045 837 2101 τοιῶσδε
858 2041 1024 2111 εἶναι.
1050 2049 1145 2102 καὶ
1167 2048 1377 2103 τοιοῦδέ
1396 2066 1545 2113 τινος
1574 2044 1960 2119 μετειληφέναι

2075 2049 2231 2105 mus?
2261 2049 2404 2105 Ecce
2431 2050 2581 2107 enim
2611 2049 2907 2120 quemdam
2933 2065 3055 2105 esse
3095 2050 3191 2103 tali
3227 2050 3412 2112 modo,
3445 2058 3501 2104 et
3532 2065 3658 2119 par-

374 2139 522 2205 τινά,
559 2138 823 2203 πολλάκις
863 2139 965 2210 μὲν
995 2141 1262 2206 ὲνουσίου,
1294 2140 1559 2205 πολλάκις
1606 2141 1665 2194 δὲ
1724 2140 1819 2193 καὶ
1862 2139 1959 2193 άν-

375 2231 685 2287 υποστάτου
710 2231 880 2298 τινὸς,
920 2231 1037 2286 υίὺν
1062 2233 1220 2287 τοῦδε
1250 2233 1468 2305 άληθῶς
1515 2227 1655 2286 εἶναι
1679 2231 1776 2285 καὶ
1803 2230 1963 2299 λέγε-

379 2323 507 2378 σθαι
536 2324 701 2379 αὑτὸν
733 2325 918 2377 ποιεῖ·
949 2326 1008 2378 ἐν
1038 2326 1146 2393 γὰρ
1173 2326 1288 2388 τοῖς
1331 2323 1672 2394 ὁμωνύμοις,
1697 2321 1775 2385 ὡς
1809 2320 1966 2391 εῖρη-

376 2429 492 2475 ται,
524 2411 626 2467 οὐκ
673 2411 821 2466 ἐστιν
851 2412 1042 2484 ἕτερον
1087 2413 1277 2484 ἑτέρου
1333 2411 1533 2483 μᾶλλον
1561 2409 1595 2480 ἢ
1627 2408 1967 2481 κυριώτερον

375 2501 710 2574 λεγόμενονο
744 2505 795 2557 εί
840 2503 953 2574 γὰρ
997 2504 1094 2557 καὶ
1131 2504 1193 2558 τὸ
1244 2504 1384 2569 ζῶον
1427 2502 1524 2556 τοῦ
1570 2501 1966 2572 γεγραμμένου

382 2594 585 2664 μᾶλλον
635 2594 806 2660 δοκεῖ,
865 2596 960 2650 καὶ
1003 2596 1357 2667 κυριωτέρως
1409 2594 1531 2649 τόδε
1578 2613 1632 2648 τι
1687 2593 1966 2663 λέγεσθαι,

380 2687 622 2761 ἀλλὀὐχ
666 2689 743 2752 ὡς
800 2689 1095 2762 ὁμώνυμον
1144 2688 1269 2743 τότε
1296 2726 1313 2753 ,
1370 2687 1487 2742 ἀλλ’
1513 2688 1592 2752 ὡς
1646 2687 1708 2742 οὐ
1762 2687 1969 2758 κυρίως

381 2777 775 2850 ὡνομασμένου
794 2778 857 2833 rb
877 2779 1084 2851 κυρίως
1108 2778 1415 2850 ὀνομασθέν
1440 2794 1454 2809 ·
1490 2778 1585 2832 δύο
1607 2776 1739 2846 γοῦν
1761 2776 1970 2846 κυρίως

380 2870 794 2943 ὠνομασμένων
820 2873 855 2942 ἡ
890 2871 1186 2943 ὁμωνυμία
1233 2871 1334 2942 οὐχ
1382 2870 1495 2937 ἕξει
1520 2869 1655 2923 ποτὲ
1678 2868 1740 2922 τὸ
1768 2867 1970 2939 μᾶλλον

382 2965 481 3019 καὶ
502 2958 667 3037 ἦττον
686 2980 701 2995 ·
728 2964 792 3019 ού
820 2965 931 3037 γάρ
964 2964 1166 3035 μᾶλλον
1197 2963 1346 3018 κύων
1370 2965 1398 3017 6
1426 2965 1685 3035 χερσαῖος
1736 2960 1771 3032 ἢ
1804 2961 1835 3013 6
1870 2959 1969 3013 θα-

381 3058 620 3124 λάττιος,
646 3050 811 3129 ἦττον
840 3055 979 3122 ζῶον
995 3056 1030 3128 ἢ
1050 3054 1218 3111 κύων.
1241 3056 1317 3111 Tb
1341 3057 1730 3126 γεγραμμένον
1753 3052 1866 3116 οῦν,
1893 3052 1972 3117 ὡς

384 3150 561 3207 αἴτιον
593 3150 629 3223 ἢ
660 3148 1015 3221 παράδειγμα
1048 3150 1084 3221 ἦ
1112 3164 1170 3203 τι
1207 3147 1451 3202 τοιοῦτον
1483 3147 1547 3200 rb
1581 3145 1781 3217 μᾶλλον
1810 3144 1926 3214 ἔχει
1953 3160 1968 3175 ·

382 3246 563 3311 ἄλλως
584 3262 646 3300 τε
667 3245 717 3299 εί
741 3243 839 3299 τοῦ
867 3239 1007 3297 εἶναι
1039 3240 1205 3296 αὐτοῦ
1237 3240 1414 3296 αῐτιον
1444 3237 1584 3294 εἶναι
1607 3240 1689 3293 δεῖ
1712 3238 1806 3291 τὸν
1832 3238 1970 3308 ἁλη-

384 3338 496 3403 θῶς
534 3337 829 3407 λεγόμενον
872 3337 1054 3390 τεκεῖν
1103 3332 1302 3398 πάντα,
1329 3331 1505 3395 οὐδεὶς
1533 3329 1822 3401 ἄνθρωπος
1873 3329 1974 3382 άν-

386 3432 611 3501 θρὼπου
634 3430 824 3501 πατήρ
844 3446 857 3460 ·
888 3428 1011 3482 οὐδὲ
1035 3426 1226 3496 ἕτερον
1260 3425 1399 3487 ζῶον
1434 3422 1573 3489 ζῶον
1607 3422 1795 3493 ἕτερον
1821 3421 1976 3474 τέτο-

386 3537 451 3574 κε
473 3534 487 3549 ·
515 3518 697 3590 ψυχὴν
727 3518 837 3588 γὰρ
865 3516 1126 3589 νοητικὴν
1154 3515 1187 3586 ἢ
1221 3514 1570 3586 αἰσθητικὴν,
1591 3513 1695 3567 οὑκ
1737 3512 1853 3583 ἔχει
1906 3510 1977 3565 τὰ

390 3611 686 3683 σπέρματα
713 3626 729 3641 ο
760 3609 897 3664 ἀλλὰ
956 3608 1097 3680 μετὰ
1150 3608 1252 3679 τὴν
1300 3607 1583 3678 μόρφωσιν
1622 3605 1717 3659 καὶ
1764 3604 1977 3659 τελείαν

386 3702 750 3771 διοργάνωσιν
812 3698 908 3754 τοῦ
972 3698 1185 3771 ἀψύχου
1240 3697 1482 3769 ἑμϐρύου
1512 3736 1527 3763 ,
1575 3695 1845 3767 ψυχοῦται
1915 3696 1977 3749 rb

390 3793 532 3855 ζῶον
561 3791 638 3862 (6)
664 3790 758 3846 καὶ
786 3790 1025 3861 μάλιστα
1045 3788 1333 3861 ἄνθρωπος
1366 3788 1473 3842 ὑπὸ
1497 3788 1594 3842 τοῦ
1649 3788 1980 3849 πλάττοντος

389 3883 615 3954 πνεῦμα
678 3881 973 3954 ἀνθρώπου
1024 3882 1085 3936 έν
1136 3881 1290 3953 αύτῷ
1348 3879 1485 3935 Θεοῦ
1520 3894 1534 3909 ⁸
1564 3879 1646 3933 διὸ
1693 3879 1789 3934 καὶ
1810 3876 1978 3948 φονέα

392 3973 559 4039 ζὼου,
596 3973 698 4046 τὴν
746 3972 887 4043 μετὰ
927 3973 1027 4045 τὴν
1058 3970 1434 4042 διαμόρφωσιν
1472 3967 1647 4022 αῖτιον
1672 3970 1774 4039 τῆς
1805 3966 1981 4036 ἑξαμο

391 4064 668 4132 ὁλώσεως,
695 4064 872 4136 κρίνει
897 4065 926 4118 6
957 4063 1103 4128 θεῖος
1137 4063 1303 4134 νόμος
1326 4079 1341 4096 ·
1381 4061 1491 4134 ἄρα
1517 4057 1613 4114 οὖν
1651 4058 1977 4132 σαρκοτόκοι

395 4155 558 4227 μόνον
586 4155 684 4211 καὶ
716 4154 954 4227 μάλιστα
986 4155 1036 4208 οί
1072 4155 1309 4219 πατέρες
1337 4168 1353 4183 ⁸
1388 4153 1564 4217 οὐδεὶς
1606 4152 1664 4205 δὲ
1693 4152 1981 4222 ἀνθρωπο-

390 4248 552 4313 τόκος
582 4247 707 4302 καθ’
738 4248 883 4318 ὑμᾶς
910 4249 1056 4301 ἐστιν
1080 4263 1096 4278 ο
1130 4246 1274 4301 οῦτω
1297 4246 1355 4300 δὲ
1388 4246 1510 4299 ἐπεὶ
1544 4246 1632 4317 ῥεῖ
1656 4244 1981 4316 καθημέραν

393 4340 491 4394 καὶ
518 4338 809 4411 ἀμείϐεται
837 4340 896 4392 rb
921 4339 1104 4410 σῶμα,
1132 4340 1228 4392 καὶ
1257 4338 1379 4392 οὐδὲ
1399 4340 1457 4392 ὲν
1476 4338 1555 4409 τῷ
1588 4334 1803 4409 σώματι
1830 4338 1986 4391 ἔσται

2067 2141 2297 2212 ticipare
2342 2157 2411 2198 ex
2448 2142 2637 2213 aliquo
2678 2142 2771 2197 tali
2815 2157 2959 2212 saepe
3004 2142 3229 2213 quidem
3276 2142 3654 2207 substantiali,

2066 2249 2210 2305 saape
2244 2250 2379 2291 vero
2408 2251 2518 2291 non
2552 2235 2928 2302 substantiali,
2962 2234 3095 2290 facit
3124 2243 3185 2290 ut
3212 2251 3345 2291 vere
3375 2236 3521 2290 ﬁlius
3552 2235 3658 2289 hu-

2061 2328 2153 2399 jus
2185 2328 2258 2382 sit
2283 2336 2339 2383 et
2364 2328 2604 2384 dicatur.
2629 2328 2766 2383 Nam
2795 2329 2851 2382 in
2890 2328 3263 2399 bomonymis,
3311 2338 3371 2384 ut
3417 2329 3529 2397 jam
3573 2327 3659 2382 di-

2066 2426 2218 2473 ctum
2256 2429 2361 2484 est,
2389 2428 2654 2475 neutrum
2684 2428 2769 2475 est
2815 2420 2987 2474 altero
3019 2420 3193 2489 magis
3232 2420 3317 2474 vel
3362 2419 3660 2488 specialius

2067 2510 2507 2566 denominatum.
2537 2511 2595 2566 Si
2624 2511 2775 2566 enim
2808 2511 3011 2565 animal
3044 2511 3268 2565 videtur
3302 2511 3511 2580 aliquid
3547 2511 3659 2566 diei

2068 2602 2242 2674 magis
2268 2612 2364 2657 aut
2387 2604 2683 2674 specialius
2710 2620 2875 2675 quam
2903 2612 2989 2659 est
3018 2603 3366 2675 inscriptum,
3401 2606 3513 2675 jam
3547 2619 3662 2659 non

2069 2703 2156 2750 est
2173 2704 2432 2764 tanquam
2452 2694 2869 2766 homonymum,
2890 2694 2987 2751 sed
3015 2702 3276 2764 tanquam
3308 2695 3535 2764 proprie
3561 2694 3664 2749 de-

2069 2787 2437 2851 nominatum,
2455 2787 2628 2842 altero
2646 2803 2755 2841 non
2770 2787 2999 2858 proprie
3021 2787 3395 2843 denominata.
3419 2788 3663 2841 Duorum

2073 2876 2244 2947 igitur
2280 2878 2503 2948 proprie
2549 2879 2964 2933 nominatorum
2992 2878 3348 2949 bomonymia
3378 2893 3663 2947 nunquam

2075 2967 2437 3038 habebitplus
2448 2969 2759 3024 autminus.
2780 2968 2901 3024 Non
2921 2969 3069 3023 enim
3087 2970 3241 3024 canis
3259 2970 3535 3023 terrestris
3546 2984 3664 3023 ma-

2074 3060 2159 3131 gis
2191 3068 2278 3115 est
2302 3059 2457 3116 canis
2485 3076 2650 3130 quam
2667 3060 2822 3115 canis
2846 3060 3115 3125 marinus,
3138 3075 3319 3129 neque
3341 3062 3526 3115 minus
3546 3061 3669 3115 ani-

2076 3152 2184 3206 mal
2203 3167 2367 3223 quam
2384 3152 2560 3208 canis.
2581 3153 2752 3224 Igitur
2770 3152 3189 3207 denominatum
3214 3162 3471 3224 tauquam
3496 3169 3665 3207 causa

2076 3251 2172 3298 aut
2198 3244 2480 3314 exemplar
2510 3254 2608 3298 aut
2648 3242 2858 3314 aliquid
2880 3244 3085 3300 simile.
3126 3244 3444 3300 Praesertim
3472 3243 3516 3297 si
3544 3244 3667 3314 ejus

2075 3350 2300 3392 causam
2350 3335 2687 3391 exsistentiae
2731 3346 2951 3405 oportet
2984 3352 3108 3392 esse
3156 3352 3285 3392 eum
3324 3336 3420 3406 qui
3460 3335 3671 3391 dicitur

2072 3426 2331 3499 genuisse
2372 3427 2581 3493 omnia,
2632 3428 2820 3483 nullus
2864 3428 3031 3483 homo
3074 3436 3161 3484 est
3203 3428 3446 3483 hominis
3486 3436 3666 3497 pater,

2073 3536 2255 3591 neque
2288 3520 2462 3576 ullum
2508 3521 2713 3577 animal
2759 3522 3000 3577 alterum
3045 3522 3249 3577 animal
3285 3521 3517 3592 genuit:
3548 3520 3671 3575 ani-

2075 3626 2223 3666 mam
2261 3610 2411 3667 enim
2440 3611 2556 3667 sive
2586 3612 3017 3667 intellectualem
3052 3612 3171 3667 sive
3206 3611 3541 3667 sensitivam
3576 3625 3667 3665 se-

2076 3700 2226 3755 mina
2267 3715 2378 3755 non
2411 3700 2643 3755 habent.
2676 3699 2785 3755 Sed
2814 3710 2941 3771 post
2998 3700 3386 3756 formationem
3412 3709 3468 3753 et
3496 3699 3674 3769 perfe-

2080 3800 2221 3847 ctam
2242 3792 2619 3847 membrorum
2671 3792 3095 3863 dispositionem
3147 3792 3437 3847 inanimati
3490 3791 3670 3857 fetus,

2079 3883 2360 3940 animatur
2382 3883 2586 3938 animal
2608 3892 2665 3939 et
2698 3884 3009 3955 praesertim
3042 3884 3210 3938 homo
3233 3899 3263 3937 a
3291 3882 3502 3937 factore
3544 3896 3670 3946 suo,

2079 3974 2194 4029 Deo
2238 3974 2545 4045 inspirante
2591 3975 2649 4029 in
2702 3990 2772 4031 eo
2818 3974 3074 4046 spiritum
3126 3974 3391 4029 hominis.
3444 3973 3574 4028 ideo
3617 3981 3676 4027 et

2082 4074 2345 4137 tanquam
2373 4067 2630 4123 animalis
2658 4067 3067 4123 interfectorem
3100 4066 3437 4121 condemnat
3469 4066 3556 4120 lex
3585 4063 3674 4119 di-

2081 4160 2211 4214 vina
2237 4176 2366 4216 eum
2395 4160 2491 4231 qui
2522 4168 2648 4232 post
2675 4160 3066 4215 formationem
3096 4168 3361 4231 procurat
3391 4159 3671 4213 abortum.

2083 4252 2259 4324 igitur
2284 4254 2470 4308 carnis
2498 4253 2777 4324 genitores
2823 4262 2878 4308 et
2916 4253 3223 4324 praesertim
3269 4260 3400 4307 sunt
3442 4260 3671 4322 patres:

2084 4345 2273 4400 nullus
2301 4353 2509 4410 autem,
2554 4345 2711 4417 juxta
2740 4360 2862 4411 vos,
2897 4345 3143 4400 hominis
3181 4345 3396 4417 genitor
3440 4352 3544 4399 est.
3594 4344 3675 4398 lta

391 4446 477 4493 τις
538 4430 705 4500 μοῖρα
747 4428 827 4500 τῷ
878 4429 1056 4500 χρόνῳ
1084 4428 1196 4481 τῶν
1236 4427 1461 4495 γονέων,
1496 4427 1621 4481 οὐδὲ
1646 4428 1748 4498 τῆς
1777 4428 1972 4499 σαρκὸς

2085 4453 2222 4494 vero
2268 4438 2399 4507 quia
2437 4437 2559 4493 ﬁuit
2585 4437 2641 4491 in
2670 4436 2789 4492 dies
2817 4447 2875 4493 et
2903 4443 3151 4491 mutatur
3178 4451 3400 4508 corpus,
3438 4445 3496 4491 et
3525 4437 3676 4490 nulla

394 4520 507 4577 εῐεν
566 4524 810 4595 πατέρες
833 4539 850 4555 ο
908 4524 1047 4577 ἀλλὰ
1104 4525 1198 4578 καὶ
1259 4523 1442 4595 γέρων
1489 4525 1518 4577 6
1563 4524 1752 4577 Ἰσαὰκ
1799 4524 1972 4594 πάντη

2088 4530 2273 4600 aliqua
2298 4544 2419 4584 sors
2445 4536 2739 4597 parentum
2767 4528 2825 4582 in
2857 4535 3123 4597 tempore,
3153 4542 3264 4582 non
3294 4534 3478 4582 cs‘sent
3506 4526 3677 4581 etiam

393 4617 590 4687 ἐξέστη
647 4616 744 4669 τοῦ
798 4614 938 4670 εῖναι
976 4616 1093 4681 υίὸς
1143 4615 1399 4687 Ἀδραὰμ
1430 4616 1528 4671 καὶ
1553 4616 1603 4669 οἱ
1629 4614 1807 4669 λοιποί
1831 4631 1844 4644 ·
1887 4616 1972 4669 καὶ

2092 4624 2275 4678 carnis
2300 4630 2594 4693 parentes:
2621 4620 2719 4676 sed
2740 4628 2796 4675 et
2815 4636 2982 4675 senex
3002 4620 3150 4675 Isaac
3174 4620 3354 4675 factus
3378 4630 3464 4675 est
3486 4634 3677 4674 exsors

392 4710 516 4774 πῶς
544 4710 762 4781 εῐρηται
809 4707 916 4762 ὑπὸ
958 4708 1055 4762 τοῦ
1086 4708 1246 4763 Θεοῦο
1285 4728 1304 4763 ι
1346 4710 1419 4764 Σὺ
1444 4709 1502 4763 δὲ
1542 4709 1820 4782 άπελεύσῃ
1850 4710 1972 4779 πρὸς

2094 4715 2379 4769 ﬁliatioms
2410 4714 2679 4769 Abrahae:
2717 4722 2775 4769 et
2806 4714 2884 4769 ita
2920 4713 3033 4768 alii.
3072 4712 3361 4780 Quomodo
3410 4728 3545 4784 ergo
3586 4713 3676 4767 di-

392 4806 526 4869 τοὺς
558 4804 807 4877 πατέρας
840 4822 958 4873 σου,
999 4805 1229 4877 τραφεὶς
1255 4806 1314 4858 ὲν
1336 4806 1497 4877 γήρει
1528 4805 1711 4878 καλῴ;
1753 4825 1773 4859 ι
1819 4806 1972 4860 Ἀλλὰ

2093 4812 2247 4859 ctum
2270 4812 2355 4859 est
2380 4820 2411 4858 a
2438 4803 2587 4859 Deo:
2626 4821 2645 4855 ι
2673 4803 2756 4858 Tu
2786 4812 2973 4858 autem
2999 4803 3109 4858 ibis
3133 4803 3201 4858 ad
3217 4811 3401 4873 patres
3425 4811 3570 4868 tuos,
3588 4818 3679 4859 se—

395 4898 573 4952 ταῦτα
598 4897 845 4969 πρόδηλα
875 4898 1051 4951 ἄτοπα
1071 4914 1088 4930 ο
1115 4898 1211 4951 καὶ
1244 4897 1355 4966 γὰρ
1394 4897 1558 4961 αὐτὸς
1591 4900 1620 4951 6
1661 4898 1987 4962 Ἀπόστολος

393 4990 571 5060 λέγων
603 4992 731 5056 τοὺς
779 4990 879 5063 μὲν
914 4987 1057 5046 εἶναι
1089 4990 1191 5060 τῆς
1231 4990 1436 5062 σαρκὸς
1460 4990 1725 5061 πατέρας,
1759 4989 1853 5054 οὒς
1891 4991 1986 5045 καὶ

392 5083 630 5155 ἔσχομεν
656 5084 951 5149 παιδευτάς
975 5100 991 5118 ο
1020 5084 1117 5138 καὶ
1142 5084 1236 5138 τὸν
1262 5084 1396 5138 Θεὸν
1421 5083 1596 5152 λέγων
1623 5084 1846 5156 Πατέρα
1874 5084 1985 5137 τῶν

392 5174 726 5245 πνευμάτων
754 5172 890 5229 εῖναι
917 5175 1100 5246 μόνον,
1122 5175 1285 5239 αὐτός
1311 5192 1444 5246 φησι
1477 5174 1692 5246 μητέρα
1716 5175 1985 5245 Τιμοθέου

398 5266 659 5338 Εὐνίκην,
687 5266 785 5321 καὶ
808 5268 869 5321 ού
904 5268 1005 5339 τῆς
1036 5268 1242 5341 σαρκὸς
1272 5268 1542 5339 Τιμοθέου
1583 5268 1747 5339 μόνον
1769 5284 1784 5300 ο
1820 5269 1982 5338 δῆλον

393 5354 489 5412 οῦν
509 5358 587 5423 ὡς
608 5358 849 5430 άληθῶς,
875 5360 927 5414 εἰ
958 5360 1054 5414 καὶ⁹
1085 5361 1162 5431 μὴ
1180 5358 1243 5413 rb
1270 5356 1412 5414 εἶναι
1442 5360 1576 5414 αὐτὸ
1602 5360 1813 5428 ἁπλῶς,
1847 5361 1985 5415 ἀλλὰ

394 5447 456 5502 rb
493 5449 847 5521 σαρκωθῆναι
907 5452 1003 5505 καὶ
1072 5451 1496 5522 σεσαρκωμένος
1543 5448 1687 5505 εἶναι
1722 5454 1751 5505 6
1809 5452 1983 5520 Λόγος

396 5540 559 5612 ἔσχεν
589 5544 656 5599 ἐκ
678 5543 778 5615 τῆς
802 5545 965 5612 ἁγίας
999 5543 1300 5615 Παρθένου,
1328 5544 1457 5608 Υἱός
1484 5562 1544 5598 τε
1574 5544 1791 5615 άληθῶς
1813 5547 1985 5616 αὐτῆς

397 5636 558 5689 ἐστι⁸
592 5635 689 5690 καὶ
754 5636 1022 5705 νεώτερος
1072 5636 1279 5709 ταύτης
1333 5638 1392 5692 έν
1442 5637 1523 5709 τῷ
1567 5638 1794 5691 τοιῶσδε
1816 5633 1981 5701 εἶναι,

397 5722 568 5793 ῆγουν
613 5724 869 5790 σύνθετος
906 5728 968 5794 ἐξ
1014 5728 1214 5796 ἁπλοῦ,
1261 5729 1357 5784 καὶ
1402 5730 1877 5801 σεσωματωμένος
1928 5729 1989 5797 ἑξ

398 5813 697 5885 ἀσωμάτου
720 5818 1048 5886 φανήσεται.

475 5920 503 5949 ι
532 5907 668 5965 Gen.
710 5926 799 5979 xv,
836 5912 920 5968 15.
1002 5981 1007 5985 ι

2090 4898 2281 4968 pullus
2324 4897 2378 4951 in
2406 4905 2695 4953 senectute
2743 4896 2976 4952 bonas?
3012 4916 3031 4949 ι
3069 4896 3178 4952 Sed
3222 4906 3373 4966 patet
3412 4896 3528 4950 haec
3555 4910 3680 4950 esse

2092 4990 2354 5045 absurda.
2396 4989 2515 5059 Ipse
2561 4989 2713 5045 enim
2744 4990 3043 5059 Apostolus
3080 4989 3275 5043 dicens
3310 5002 3407 5041 eos
3451 4987 3677 5056 quidem

2091 5097 2214 5137 esse
2258 5082 2444 5137 carnis
2487 5090 2707 5152 patres,
2754 5096 2897 5151 quos
2945 5079 3245 5139 habuimus
3288 5077 3580 5148 magistros
3622 5086 3682 5131 et

2096 5177 2269 5231 Deum
2318 5191 2439 5231 esse
2488 5175 2786 5245 spirituum
2841 5189 3012 5229 unum
3067 5183 3299 5243 patrem,
3353 5171 3470 5242 ipse
3520 5178 3682 5225 vocat

2093 5268 2361 5323 Eunicem
2410 5277 2645 5323 matrem
2698 5263 2995 5323 Timothei.
3039 5272 3097 5320 et
3145 5278 3257 5317 non
3306 5270 3519 5317 tantum
3562 5276 3683 5317 ma-

2094 5369 2236 5414 trem
2315 5360 2498 5419 carnis
2574 5358 2871 5415 Timothei.
2954 5356 3112 5412 Patet
3189 5369 3322 5425 ergo
3400 5354 3681 5416 Verbum,

2092 5450 2224 5505 licet
2264 5452 2545 5520 acceperit
2588 5465 2619 5504 a
2660 5456 2848 5504 sancta
2893 5448 3117 5518 Virgine
3156 5461 3265 5501 non
3308 5446 3533 5516 quidem
3561 5458 3683 5498 esse

2091 5542 2439 5613 simpliciter,
2470 5541 2567 5597 sed
2602 5556 2723 5595 esse
2756 5543 3131 5605 incarnatum,
3161 5554 3282 5595 esse
3328 5549 3510 5594 tamen
3550 5551 3684 5591 vere

2095 5637 2217 5707 ejus
2251 5635 2467 5701 ﬁlium;
2503 5642 2561 5688 et
2607 5634 2897 5703 apparebit
2928 5634 3047 5704 ipsa
3075 5633 3266 5704 junior
3308 5633 3363 5687 in
3405 5638 3679 5701 quantum

2096 5737 2182 5784 est
2213 5729 2341 5792 tale,
2369 5727 2738 5798 compositum
2768 5727 2984 5784 scilicet
3012 5742 3080 5783 ex
3105 5725 3363 5797 simplici,
3399 5733 3455 5780 et
3484 5735 3685 5792 corpo-

2100 5829 2277 5875 ratum
2310 5836 2375 5875 cx
2410 5819 2759 5889 incorporeo.
