4116 6436
487 428 625 493 1683

1089 540 1239 596 CAP.
1278 540 1440 597 XVII.

549 656 709 722 Quod
752 654 977 726 proprie
1004 664 1061 709 et
1090 655 1397 709 secundum
1416 654 1706 710 veritatem
1726 654 1991 726 gignitur,
2014 655 2061 710 si

479 744 536 800 in
569 756 815 815 tempore
845 744 1110 816 gignitur,
1148 746 1525 813 potentialiter
1554 754 1763 800 tantum
1794 754 1878 802 est
1906 748 1961 801 in
1980 748 2063 818 gi-

478 848 679 909 gnente
700 846 827 893 ante
848 854 1003 893 suam
1031 838 1472 906 conceptionem,
1504 839 1649 894 sicut
1680 839 1811 894 Levi
1839 840 1893 894 in
1914 841 2064 895 reni-

479 930 586 983 bus
614 929 910 983 Abraham.
942 928 1099 994 Quod
1132 938 1317 982 autem
1344 936 1430 983 est
1452 929 1831 998 potentialiter
1853 940 2063 986 tantum

479 1021 536 1077 in
550 1022 830 1092 gignente,
844 1020 1178 1091 principium
1197 1021 1496 1076 exsistendi
1512 1022 1777 1093 accipitin
1786 1023 2063 1094 gignente.

480 1114 655 1185 Igitur
702 1113 851 1183 quod
884 1113 1107 1184 proprie
1143 1121 1199 1169 et
1223 1114 1532 1169 secundum
1562 1115 1854 1170 veritatem
1892 1115 2068 1187 gigni-

481 1215 596 1270 tur,
632 1204 677 1259 si
718 1204 774 1258 in
813 1214 1061 1273 tempore
1090 1203 1357 1274 gignitur,
1395 1203 1729 1275 principium
1766 1204 2066 1260 exsistendi

481 1297 685 1367 accipit
735 1300 790 1355 in
844 1297 1127 1368 gignente.
1157 1326 1229 1339 ——
1253 1298 1334 1353 Ne
1355 1298 1557 1368 saepius
1583 1297 1638 1352 in
1661 1297 1857 1352 iisdem
1900 1298 2070 1353 rebus

480 1388 830 1444 elucidandis
851 1405 1150 1459 nugemur,
1194 1389 1343 1443 omni
1384 1399 1568 1444 vestro
1602 1390 1885 1459 proposito
1904 1390 2070 1461 hujus

481 1475 909 1544 epicherematis
952 1477 1389 1541 consentiamus,
1428 1476 1696 1547 quidquid
1744 1479 1815 1534 sit
1853 1478 1923 1534 de
1964 1495 2065 1546 eo;

483 1584 611 1623 cum
633 1568 820 1623 dicere
842 1569 1120 1639 possimus
1144 1569 1365 1639 preprie
1383 1578 1438 1623 et
1466 1569 1519 1624 in
1553 1580 1800 1640 tempore
1822 1571 2069 1641 genitum

483 1676 607 1715 esse
651 1676 681 1715 a
725 1660 894 1715 Paulo
941 1661 1316 1727 Timotheum,
1360 1677 1462 1717 nec
1490 1671 1673 1717 tamen
1714 1663 1870 1719 illum
1898 1664 2070 1723 fuisse

484 1752 540 1807 in
586 1768 654 1808 eo
703 1753 1103 1822 potentialiter,
1151 1753 1284 1809 dum
1340 1752 1655 1824 Stephanus
1700 1755 2070 1826 lapidabatur.

482 1845 601 1899 Non
630 1846 778 1899 enim
810 1845 1306 1901 necessariumest
1337 1847 1713 1916 prteexsistere
1763 1849 2071 1905 secundum

484 1952 709 1993 omnem
783 1938 1201 2007 generationem
1268 1936 1325 1992 in
1401 1938 1756 2009 gignentibus
1808 1945 1891 1996 ea'
1950 1959 2072 2012 qua:

483 2030 993 2100 quomodocunque
1026 2031 1349 2100 gignuntur.
1376 2030 1514 2085 Illud
1539 2041 1723 2086 autem
1745 2033 1903 2089 vobis
1922 2034 2073 2090 dice-

483 2137 628 2186 mus,
656 2138 723 2177 ex
755 2122 967 2176 naturis
989 2122 1203 2177 scilicet
1230 2121 1446 2176 Domini
1476 2123 1651 2178 nostri
1679 2123 1808 2179 Jesu
1838 2123 2071 2192 Christi,

481 2216 745 2278 alteram,
792 2213 846 2268 id
902 2223 988 2269 est
1033 2224 1289 2269 naturam
1344 2215 1535 2281 νει-ω,
1589 2216 1919 2287 principium
1960 2233 2069 2272 non

482 2306 710 2375 quidem
745 2305 1083 2361 exsistentize
1125 2306 1223 2361 sed
1268 2307 1676 2363 coexsistentia:
1707 2309 1984 2377 accepisse
2016 2310 2073 2364 in

483 2408 672 2454 sancta
707 2398 956 2467 Virgine;
984 2399 1215 2452 alteram
1250 2413 1405 2461 vero,
1436 2414 1633 2469 nempe
1665 2407 1919 2454 naturam
1948 2416 2072 2455 ear-

482 2492 591 2555 nis,
623 2491 961 2560 principium
1010 2500 1126 2545 tum
1156 2491 1495 2547 exsistcntiaa
1525 2501 1641 2546 tum
1669 2494 2077 2549 coexsistentiaa

484 2583 543 2637 in
573 2597 639 2637 ea
674 2583 976 2651 accepisse.
1009 2582 1327 2638 Secundum
1351 2584 1675 2639 alterutram
1704 2585 1872 2655 igitur
1904 2587 2077 2640 ratio-

482 2688 611 2728 nem
647 2674 935 2742 utriusque
964 2675 1300 2730 exsistentia:
1325 2676 1495 2746 geniti
1529 2678 1819 2746 compositi
1843 2677 2069 2742 Christi,

484 2780 618 2819 vera
651 2763 905 2819 Cenitrix
946 2766 1215 2835 probatur
1267 2767 1573 2822 secundum
1615 2778 1829 2837 tempus
1856 2785 1920 2823 ea
1952 2786 2075 2839 quae

485 2858 678 2928 genuit
710 2858 998 2928 utriusque
1035 2861 1456 2915 connexionem.
1497 2861 1575 2915 Ex
1615 2877 1682 2915 co
1721 2862 1871 2915 enim
1900 2863 2070 2931 quod,

489 2958 601 3001 tum
640 2949 708 3003 ad
741 2964 885 3012 esse,
931 2960 1047 3003 tum
1091 2950 1158 3003 ad
1197 2966 1319 3005 esse
1354 2951 1539 3005 taliter
1580 2953 1911 3022 prmcedant,
1945 2970 2074 3008 vere

486 3041 767 3111 genitores
794 3052 1061 3096 vocantur
1091 3053 1367 3112 parentes.
1389 3044 1467 3098 Ibi
1498 3053 1682 3098 autem
1713 3060 1836 3098 cum
1866 3060 1970 3098 non
2002 3046 2075 3099 sit

486 3133 756 3187 naturalis
793 3142 1007 3202 partus,
1052 3151 1164 3188 non
1198 3135 1465 3189 utendum
1508 3136 1679 3191 verbo
1717 3136 2075 3207 potentialiter

488 3226 688 3280 dixerit
721 3226 993 3295 quispiam
1026 3242 1152 3281 cum
1182 3227 1362 3297 agitur
1401 3228 1469 3283 de
1517 3229 1624 3283 hoc
1662 3240 1844 3298 partu,
1875 3245 1909 3283 ο
1939 3230 2075 3300 phy-
2099 3265 2143 3328 Ο

487 3318 609 3375 sici.
638 3317 759 3373 Jam
792 3334 903 3373 non
936 3319 1082 3374 enim
1120 3320 1255 3374 illud
1289 3329 1438 3375 esset
1477 3320 1726 3389 operatio
1751 3320 1996 3375 miriﬁca:
2019 3331 2076 3375 et

487 3410 778 3481 stupenda:
808 3410 1053 3466 virtutis.
1087 3410 1143 3467 Si
1179 3422 1362 3467 autem
1398 3428 1509 3467 non
1537 3412 1805 3483 probatur
1834 3414 2074 3468 miracu-

489 3502 607 3561 lum
656 3505 799 3558 ultra
832 3503 983 3560 vires
1028 3490 1329 3570 naturales,
1366 3521 1548 3576 neque
1580 3507 1725 3561 Deus
1756 3507 2078 3561 censebitur

491 3596 542 3652 is
591 3596 686 3667 qui
740 3596 1047 3653 secundum
1093 3597 1245 3653 vires
1284 3598 1569 3654 naturales
1614 3599 1840 3669 genitus
1883 3598 2074 3655 fuerit.

1087 3711 1239 3769 CAP.
1294 3713 1483 3769 XVIII.

564 3826 623 3884 Si
670 3827 895 3899 proprie
938 3837 996 3884 et
1031 3826 1337 3883 secundum
1385 3826 1681 3881 veritatem
1724 3826 1944 3897 genitus
1992 3833 2078 3881 est

492 3922 640 3977 Deus
686 3922 930 3978 Verbum
977 3936 1045 3978 ex
1086 3920 1345 3985 muliere,
1376 3919 1461 3974 vel
1491 3919 1712 3989 genitus
1760 3919 2079 3988 temporalis

491 4022 599 4080 est,
622 4014 706 4069 vel
730 4014 931 4069 mulier
956 4012 1181 4069 estsine
1214 4021 1485 4083 tempore.
1515 4011 1689 4065 Porro
1719 4024 1899 4080 neque
1933 4010 2080 4065 Deus

490 4117 581 4163 est
604 4107 938 4178 temporalis,
964 4121 1147 4176 neque
1176 4105 1377 4160 mulier
1401 4112 1487 4159 est
1514 4104 1634 4159 sine
1667 4113 1942 4170 tempore;
1967 4118 2077 4157 non

492 4198 664 4270 igitur
702 4199 925 4271 pmprie
960 4206 1017 4253 et
1058 4198 1364 4253 secundum
1414 4196 1707 4253 veritatem
1748 4195 1966 4267 genitus
1995 4203 2081 4251 est

490 4290 641 4347 Deus
684 4306 752 4347 ex
796 4290 1053 4347 muliere.
1080 4320 1153 4330 ——
1181 4288 1253 4343 At
1295 4304 1406 4343 non
1454 4287 1511 4342 in
1552 4302 1697 4353 esse,
1733 4286 1829 4342 sed
1861 4286 1917 4340 in
1955 4302 2078 4341 esse

493 4383 680 4437 taliter
708 4385 819 4454 jam
861 4383 1069 4438 dictum
1105 4390 1192 4437 est
1216 4397 1342 4436 cum
1374 4396 1498 4437 esse
1527 4387 1718 4436 natum
1748 4395 1815 4435 ex
1844 4379 2079 4434 muliere

492 4482 551 4528 et
573 4474 678 4529 sub
714 4483 986 4547 tempore,
1023 4490 1058 4529 ο
1097 4472 1476 4544 nugacissimi.

1116 4587 1267 4644 CAP.
1299 4586 1442 4643 XIX.

566 4698 624 4754 Si
658 4697 963 4753 secundum
993 4697 1283 4751 veritatem
1330 4696 1505 4751 Filius
1542 4706 1628 4753 est
1655 4695 1899 4766 Virginis
1932 4696 2080 4751 Deus

493 4790 763 4855 Verbum,
798 4789 907 4843 erit
945 4788 1256 4843 secundum
1298 4788 1663 4843 substantiam
1712 4788 1768 4841 id
1808 4788 1956 4859 quod
1995 4796 2081 4843 est

493 4883 613 4954 ipsa
630 4883 881 4954 gignens.
915 4883 1086 4937 Porro
1116 4881 1233 4951 ipsa
1254 4888 1339 4935 est
1363 4881 1565 4936 animal
1589 4880 1856 4935 rationale
1877 4889 2083 4933 morta-

491 4976 576 5043 le;
603 4991 734 5047 ergo
756 4984 814 5029 et
836 4975 1003 5037 Deus,
1028 4972 1334 5029 secundum
1352 4972 1783 5037 vos,estanimal
1810 4972 2082 5026 rationale

493 5070 748 5124 mortale.
778 5098 850 5108 ——
888 5068 959 5123 At
1005 5067 1153 5121 ﬁlius
1196 5082 1363 5122 verus
1403 5065 1731 5135 intelligitur
1770 5064 1825 5118 in
1868 5064 2082 5119 ratione

493 5161 870 5232 generationis
913 5176 1023 5233 qua
1058 5160 1119 5217 ﬁt
1151 5160 1320 5226 ﬁlius,
1358 5169 1416 5215 et
1460 5159 1641 5214 omnis
1694 5157 1789 5227 qui
1842 5157 2083 5227 gignitur

493 5251 801 5306 secundum
848 5266 1239 5321 quamcunque
1284 5250 1450 5305 talem
1478 5248 1916 5319 generationem.
1961 5244 2081 5299 Non

492 5340 677 5394 omnis
696 5350 879 5395 autem
905 5339 1213 5411 generatio,
1237 5340 1341 5394 etsi
1365 5354 1524 5393 veros
1547 5338 1893 5392 demonstrat
1915 5335 2080 5399 ﬁlios,

492 5448 591 5488 eos
629 5432 723 5502 qui
751 5432 921 5504 geniti
961 5443 1111 5496 sunt,
1158 5431 1371 5486 similes
1401 5446 1622 5501 quoque
1646 5444 1744 5485 eos
1775 5428 2082 5483 secundum

493 5522 683 5580 omnia
726 5524 935 5592 pariter
977 5523 1321 5577 demonstrat
1363 5519 1743 5592 gignentibus,
1788 5528 1851 5573 ut
1890 5527 1947 5573 et
1984 5534 2084 5574 vos

494 5613 714 5669 dixistis
756 5614 919 5669 etiam
970 5614 1040 5669 ab
1090 5614 1343 5671 exordio.
1392 5614 1453 5670 Si
1497 5620 1681 5667 autem
1735 5612 1843 5668 hoc
1876 5612 2080 5683 ipsum,

494 5720 696 5775 Nempe
745 5706 1083 5775 similitudo,
1129 5708 1263 5764 facit
1310 5722 1501 5764 veram
1550 5705 1904 5769 ﬁliationem,
1957 5720 2084 5761 cum

496 5796 785 5863 cujusdam
824 5801 1009 5857 vultus
1048 5802 1105 5856 in
1151 5802 1389 5866 imagine
1437 5800 1614 5870 magis
1646 5799 1750 5869 ipsi
1785 5798 1982 5854 similis
2011 5798 2085 5853 sit

499 5902 667 5958 quant
713 5891 896 5947 vultus
935 5896 1143 5965 proprii
1192 5896 1289 5952 ﬁlii
1333 5895 1437 5967 ipsi
1480 5906 1855 5966 comparatus,
1906 5893 2085 5966 imago

1754 430 2063 492 LEONTII
2107 432 2511 494 BYZANTINI

2082 553 2135 611 A

3608 428 3749 496 1684

2759 544 3011 601 ΚΕΦΛΛ.
3046 544 3145 600 IZ'.

2235 660 2309 714 Τὸ
2331 661 2534 731 κυρίως
2592 661 2687 716 καὶ⁵
2744 661 2888 716 κατὰ
2916 661 3180 732 ἀλήθειαν
3219 659 3562 731 τικτόμενον,
3595 660 3644 715 εί
3686 660 3750 714 ιν

2175 754 2362 825 χρόνῳ
2393 754 2662 817 τίκτεται,
2683 752 2912 825 δυνάμει
2934 754 3099 823 μόνον
3125 751 3274 806 ἐστὶν
3301 752 3361 806 ὲν
3397 752 3475 824 τῷ
3505 753 3751 805 τίκτοντι

2166 845 2275 913 πρὸ
2310 845 2412 915 τῆς
2445 844 2583 909 ιδίας
2613 844 2950 915 συλλήψεως,
3006 843 3085 909 ὡς
3132 845 3191 897 ἂν
3233 845 3301 915 τῇ
3355 844 3450 898 τοῦ
3494 843 3751 914 Ἀϐραὰμ

2165 936 2332 1006 ὀσφύϊ
2359 936 2388 990 ὁ
2421 937 2554 990 Λευῖ
2571 954 2586 970 ο
2614 936 2676 990 τὸ
2699 936 2757 989 δὲ
2781 936 3010 1007 δυνάμει
3035 935 3195 1006 μόνον
3218 937 3274 989 ὲν
3303 935 3382 1005 τῷ
3399 935 3636 989 τίκτοντι
3662 934 3747 998 ὃν,

2167 1028 2341 1101 ἀρχὴν
2367 1028 2637 1100 λαμσάνει
2664 1027 2759 1083 τοῦ
2790 1025 2932 1083 εἶναι
2959 1029 3020 1081 ὲν
3041 1028 3119 1098 τῷ
3139 1027 3378 1082 τίκτοντι
3400 1042 3417 1056 °
3457 1028 3516 1082 τὸ
3542 1027 3751 1097 κυρίως

2170 1120 2279 1189 ἄρα
2312 1118 2407 1172 καὶ
2449 1120 2591 1173 κατὰ
2653 1119 2915 1191 ἀλήθειαν
2966 1121 3309 1191 τικτόμενον,
3355 1124 3405 1176 et
3466 1123 3526 1175 ὲν
3571 1121 3753 1193 χρόνῳ

2170 1213 2440 1278 τίκτεται,
2474 1214 2653 1284 ἀρχὴν
2675 1208 2782 1268 τοῦ
2809 1210 2952 1269 εἶναι
2978 1215 3247 1286 λαμϐάνει
3280 1218 3339 1270 ὲν
3383 1216 3463 1288 τῷ
3488 1216 3748 1271 τίκτοντι.

2173 1306 2289 1360 Ἵνα
2325 1305 2400 1377 μὴ
2427 1304 2692 1370 πολλάκις
2722 1306 2855 1378 περὶ
2885 1307 2996 1360 τῶν
3040 1307 3223 1363 αὐτῶν
3252 1309 3382 1379 ὑμῖν
3421 1309 3753 1378 διασαφοῦν-

2168 1414 2261 1462 τες
2293 1396 2457 1470 συλλη
2469 1397 2755 1469 ρῳδῶμεν,
2784 1399 2951 1453 παντὶ
2983 1399 3141 1470 ὑμῶν
3186 1399 3266 1470 τῷ
3295 1400 3484 1472 σκοπῷ
3508 1399 3602 1452 τοῦ
3652 1398 3757 1453 νῦν

2171 1490 2605 1561 ἐπιχειρήματος
2665 1490 3139 1561 συγχωρήσωμεν,
3165 1490 3242 1553 ὡς
3273 1489 3343 1544 ἂν
3388 1490 3539 1561 ἔχοιο
3588 1488 3755 1544 δυνά-

2174 1597 2325 1652 μενοι
2378 1580 2585 1649 λέγειν,
2633 1579 2711 1643 ὡς
2762 1580 2858 1634 καὶ
2900 1580 3109 1654 κυρίως
3143 1581 3237 1633 καὶ
3282 1581 3341 1632 ἐν
3388 1579 3564 1650 χρόνῳ
3593 1580 3757 1647 ἐγεν-

2172 1672 2310 1744 νήθη
2337 1671 2602 1743 Τιμόθεος
2632 1670 2860 1743 Παύλῳ’
2894 1673 2991 1725 καὶ
3019 1672 3170 1741 ὅμως
3207 1671 3307 1725 οὐκ
3337 1668 3406 1742 ἦν
3435 1671 3662 1741 δυνάμει
3692 1671 3758 1722 έν

2173 1764 2347 1835 αὐτῷ,
2415 1765 2506 1818 ὅτε
2569 1764 2843 1833 Στέφανος
2900 1762 3218 1827 ὲλιθάζετο·
3269 1763 3332 1816 οὐ
3385 1761 3494 1833 γὰρ
3535 1762 3756 1832 ἀνάγκη

2176 1853 2424 1921 προεῖναι
2460 1851 2605 1905 κατὰ
2637 1852 2819 1905 πᾶσαν
2845 1851 3100 1921 γέννησιν
3143 1852 3204 1905 ὲν
3252 1854 3365 1915 τοῖς
3411 1850 3654 1905 τίκτουσι
3682 1851 3761 1903 τὰ

2102 1928 2145 1984 Β
2173 1945 2423 1998 ὁπωσοῦν
2444 1944 2742 2013 τικτόμενα
2765 1958 2780 1974 ⁶
2810 1942 2970 1997 τοῦτο
2998 1943 3056 1997 δὲ
3086 1944 3217 2014 ὑμῖν
3241 1942 3481 2015 ἐροῦμεν
3501 1983 3517 2008 ,
3545 1945 3628 1997 ὄτι
3655 1942 3759 1996 τοῦ

2171 2034 2443 2089 Δεσπότου
2477 2035 2634 2105 ὑμῶν
2667 2033 2931 2105 Χριστοῦ,
2958 2035 3059 2105 τὴν
3083 2036 3182 2106 μὲν
3205 2034 3316 2090 τῶν
3342 2034 3508 2088 αὐτοῦ
3535 2034 3762 2103 φύσεων

2180 2123 2357 2195 ἀρχὴν
2399 2122 2462 2175 οὐ
2515 2121 2614 2193 τῆς
2674 2120 2987 2186 οὐσιὼσεως
3026 2124 3163 2177 ἀλλὰ
3187 2124 3289 2195 τῆς
3343 2122 3761 2187 συνουσιὼσεως

2175 2216 2336 2286 μόνον
2365 2216 2423 2269 ὲν
2445 2217 2511 2285 τῇ
2542 2214 2675 2287 άγίᾳ.
2704 2214 2968 2287 Παρθένῳ
2996 2214 3201 2281 λαϐεῖν,
3238 2215 3490 2269 τουτέστι
3516 2214 3616 2286 τὴν
3656 2212 3761 2267 τοῦ

2172 2309 2347 2376 Λόγου
2369 2324 2383 2340 ο
2419 2308 2520 2379 τὴν
2546 2308 2603 2361 δὲ
2642 2309 2837 2378 ἑτέραν
2887 2308 3000 2362 τῶν
3032 2310 3091 2362 ὲν
3135 2308 3286 2379 αύτῷ
3311 2308 3550 2378 φύσεων,
3583 2309 3760 2380 ἧγουν

2171 2399 2273 2465 τὴν
2296 2398 2398 2467 τῆς
2427 2398 2650 2469 σαρκὸς,
2701 2400 2883 2470 ἀρχὴν
2920 2400 3022 2470 τῆς
3056 2416 3117 2452 τε
3155 2400 3465 2467 οὺσιώσεως
3494 2400 3589 2453 καὶ
3624 2416 3759 2454 συν-

2172 2490 2481 2553 ουσιώσεως
2512 2493 2570 2545 ὲν
2600 2491 2737 2562 αὐτῇ
2767 2492 2974 2546 λαϐεῖν.
3002 2492 3158 2545 Κατὰ
3187 2492 3420 2562 θάτερον
3457 2491 3554 2545 οὖν
3594 2491 3763 2560 λόγον

2174 2581 2447 2649 ἑκατέρας
2488 2581 2679 2645 οὐσίας
2729 2582 2824 2634 τοῦ
2864 2582 3151 2651 τεχθέντος
3193 2581 3453 2636 συνθέτου
3489 2582 3758 2653 Χριστοῦ,

2174 2673 2381 2744 ἀληθὴς
2409 2673 2693 2743 γενέτειρα
2721 2675 2759 2745 ή
2786 2673 3026 2727 τεκοῦσα
3082 2674 3143 2727 τὸ
3190 2674 3609 2747 συναμφότερον
3649 2673 3765 2727 δεί-

2174 2784 2366 2820 κνυται
2401 2765 2541 2819 κατὰ
2577 2766 2771 2836 χρόνον
2790 2781 2805 2794 ‘
2838 2765 2901 2819 ἔκ
2932 2782 2992 2817 τε
3023 2766 3131 2836 γάρ
3163 2765 3258 2820 τοῦ
3286 2768 3366 2830 εἰς
3394 2766 3456 2819 τὸ
3498 2764 3636 2821 εἶναι
3663 2767 3764 2820 καὶ

2173 2856 2267 2910 τοῦ
2294 2858 2374 2921 εἰς
2392 2857 2455 2910 τὸ
2476 2857 2701 2911 τοιῶσδε
2730 2853 2870 2911 εἶναι
2917 2858 3193 2928 ὲγχρόνως
3224 2859 3513 2929 προάγειν,
3547 2859 3749 2930 γεννή-

2173 2966 2332 3020 τορες
2392 2950 2609 3020 ἀληθῶς
2677 2951 2726 3003 οῖ
2794 2951 3049 3015 τεκόντες
3104 2952 3499 3023 ὀνομάζονται·
3552 2953 3765 3021 ὃπουγε

2176 3041 2361 3095 ἐνθάδε
2393 3043 2455 3095 οὐ
2494 3041 2727 3111 φυσικοῦ
2770 3041 2923 3103 δντος
2966 3041 3059 3096 τοῦ
3114 3045 3301 3109 τόκου,
3341 3044 3465 3097 οὐδὲ
3512 3060 3767 3115 προαπο-

2176 3133 2392 3187 κείσθαι
2434 3134 2495 3187 τὸ
2520 3133 2772 3204 δυνάμει
2798 3136 2872 3204 φῇ
2922 3152 3007 3199 τις
3060 3135 3153 3189 ἐπὶ
3199 3134 3355 3188 τοῦδε
3415 3135 3509 3188 τοῦ
3571 3136 3765 3201 τόκου,

2179 3226 2547 3295 φυσικώτατοι
2570 3242 2585 3258 ο
2622 3228 2683 3280 ού
2709 3227 2817 3298 γὰρ
2852 3226 2918 3281 ἂν
2965 3227 3414 3298 θαυματουργίας
3450 3230 3536 3299 εἴη
3580 3244 3767 3298 παρα-
3858 3220 3865 3224 ’

2175 3318 2329 3383 δόξου
2362 3317 2443 3371 ἔτι
2471 3319 2756 3389 ἐνέργεια’
2801 3319 2849 3371 εξ
2890 3318 2946 3371 δὲ
2978 3318 3053 3389 μὴ
3103 3317 3288 3388 θαῦμα
3339 3318 3483 3389 ὑπὲρ
3520 3320 3769 3388 φυσικὴν

2175 3409 2404 3479 δύναμιν
2429 3410 2566 3480 τῷὁε
2619 3411 2911 3481 μαρτυρεῖ,
2953 3410 3077 3463 οὐδὲ
3122 3409 3256 3473 Θεὸς
3290 3411 3319 3465 6
3357 3410 3569 3480 τεχθεὶς
3606 3409 3761 3465 κατὰ

2176 3503 2274 3568 τὰς
2308 3503 2541 3573 φυσικὰς
2559 3503 2816 3575 δυνάμεις
2846 3503 3191 3575 νοηθήσεται.

2778 3705 3010 3759 ΚΕΦΑΛ
3039 3706 3151 3760 lH'.

2250 3823 2314 3875 Et
2383 3819 2591 3893 κυρίως
2641 3820 2739 3875 καὶ
2796 3819 2942 3874 κατά
2988 3818 3248 3888 ἀλήθειαν
3307 3819 3500 3890 ἐτέχθη
3546 3820 3576 3872 ὁ
3628 3819 3771 3883 Θεὸς

2178 3914 2354 3983 Λόγος
2411 3915 2475 3966 ὲκ
2508 3911 2787 3981 γυναικὸς,
2828 3912 2864 3982 ἢ
2916 3912 2946 3964 ὁ
2991 3910 3206 3980 τεχθεὶς
3247 3910 3353 3963 ὑπὸ
3399 3910 3631 3981 χρόνον·
3662 3911 3696 3982 ἢ
3728 3913 3769 3980 ἡ

2179 4003 2318 4073 γυνὴ
2351 4002 2491 4073 ὑπὲρ
2524 4001 2718 4073 χρόνον
2741 4017 2756 4032 ⁸
2791 4001 2927 4057 ἀλλὰ
2955 4001 3061 4072 μὴν
3082 3999 3207 4053 οὕτε
3244 4001 3378 4065 Θεὸς
3418 4001 3521 4055 ὑπὸ
3569 4001 3773 4073 χρόνον

2180 4092 2306 4145 οὔτε
2332 4091 2472 4163 γυνὴ
2515 4092 2657 4163 ὑπὲρ
2688 4092 2881 4163 χρόνον
2902 4109 2916 4123 ·
2957 4092 3058 4146 οὐκ
3084 4091 3195 4164 ἄρα
3239 4093 3440 4163 κυρίως
3471 4093 3567 4145 καὶ
3620 4094 3772 4146 κατὰ

2179 4182 2438 4254 ἀλήθειαν
2485 4182 2681 4254 ἐτέχθη
2710 4184 2740 4235 ὁ
2791 4181 2925 4247 Θεὸς
2955 4183 3021 4236 ἐκ
3046 4180 3325 4251 γυναικός.
3376 4180 3516 4234 ’Λλλ’
3548 4180 3651 4233 οὐκ
3687 4181 3774 4245 εἰς

2179 4276 2242 4331 τὸ
2282 4272 2445 4343 εἶναι,
2503 4275 2619 4329 ἀλλ’
2662 4276 2744 4339 εἰς
2775 4275 2838 4329 τὸ
2869 4274 3093 4329 τοιῶσδε
3125 4272 3265 4328 εἶναι
3300 4276 3364 4327 ὲκ
3407 4274 3670 4342 γυναικός
3707 4289 3773 4325 τε

2182 4371 2278 4426 καὶ
2310 4370 2415 4424 ὑπὸ
2446 4369 2639 4442 χρόνον
2680 4368 2941 4441 τεχθῆναι
2966 4370 3207 4440 εῐρηται,
3240 4366 3670 4440 ληρωδέστατοι.

2763 4567 3017 4625 ΚΕΦΛΛ.
3060 4568 3165 4623 19‘.

2254 4692 2319 4746 Εἰ
2344 4691 2490 4746 κατὰ
2518 4690 2778 4762 ἀλήθειαν
2814 4690 2941 4755 Υἱὸς
2964 4690 3065 4761 τῆς
3092 4689 3376 4762 Παρθένου
3421 4688 3450 4740 6
3484 4688 3618 4752 Θεὸς
3661 4688 3777 4743 Λό-

2182 4803 2301 4855 γος,
2326 4784 2487 4838 τοῦτο
2518 4783 2670 4837 ἔσται
2700 4783 2823 4838 κατ’
2844 4783 3057 4849 οὐσίαν,
3078 4783 3216 4852 ὅπερ
3244 4782 3396 4835 ἐστὶν
3430 4783 3463 4852 ή
3508 4779 3773 4835 τεκοῦσαο

2183 4879 2323 4949 αὕτη
2358 4877 2417 4931 δέ
2446 4879 2564 4930 ἐστι
2595 4875 2737 4941 ζῶον
2772 4876 2991 4944 λογικὸν
3021 4875 3217 4945 θνητόν
3242 4891 3257 4906 α
3295 4874 3389 4927 καὶ
3420 4875 3448 4927 ὁ
3501 4872 3637 4934 Θεὸς
3662 4874 3779 4941 ἄρα

2185 4966 2307 5022 καθ’
2337 4968 2503 5038 ὑμᾶς,
2536 4966 2677 5030 ζῶον
2716 4967 2936 5035 λογικὸν
2983 4965 3176 5038 θνητὸν
3222 4964 3395 5019 ἐσται.
3460 4963 3600 5017 Ἀλλ’
3642 4963 3779 5026 Υἱὸς

2183 5059 2441 5130 ἀληθινὸς
2498 5061 2557 5112 ὲν
2618 5058 2696 5129 τῷ
2736 5058 2898 5128 Λόγῳ
2944 5058 3183 5128 ἑκάστης
3214 5060 3419 5111 νοεῖται
3461 5056 3778 5127 γεννήσεως

2187 5150 2469 5205 υίοποιοῖν
2527 5152 2623 5206 καὶ
2676 5151 2787 5213 πᾶς
2845 5152 2874 5203 6
2928 5150 3072 5204 κατὰ
3093 5149 3195 5220 τὴν
3254 5149 3477 5203 οἱανοῦν
3515 5149 3777 5220 γέννησιν

2184 5242 2397 5296 τοιάνδε
2425 5241 2801 5314 γεννώμενοςο
2866 5240 2927 5294 ού
2963 5242 3115 5296 πᾶσα
3169 5240 3228 5293 δὲ
3277 5240 3560 5308 γέννησις,
3596 5241 3651 5293 εί
3677 5240 3779 5294 καὶ

2186 5334 2406 5405 ἀληθεῖς
2439 5335 2684 5389 δείκνυσι
2709 5336 2839 5399 τοὺς
2888 5335 3253 5405 γεννηθέντας
3281 5336 3453 5399 υἱοὺς,
3506 5335 3612 5404 ήδη
3664 5334 3773 5388 καὶ

2187 5427 2406 5498 ὁμοίους
2436 5429 2576 5482 κατὰ
2602 5429 2782 5483 πάντα
2802 5427 3066 5492 ὡσαύτως
3081 5429 3319 5482 δείκνυσι
3341 5430 3454 5491 τοῖς
3484 5428 3776 5496 γεννῶσιν,

2187 5519 2264 5582 ὡς
2290 5520 2384 5572 καὶ
2424 5519 2586 5590 ὑμεῖς
2616 5502 2884 5591 εἰρήκατε
2935 5520 3000 5573 ἐκ
3044 5520 3385 5589 προοιμίωνο
3417 5520 3465 5572 εί
3507 5518 3564 5571 δὲ
3612 5518 3780 5573 τοῦτο

2189 5610 2346 5679 αὐτὸ,
2385 5613 2553 5682 ἤγουν
2578 5614 2611 5684 ἡ
2639 5614 2921 5684 ὁμοίωσις,
2966 5616 3112 5666 ποιεῖ
3168 5611 3267 5683 τὴν
3310 5611 3485 5682 ἀληθῆ
3521 5612 3777 5683 υῖότητα,

2188 5704 2313 5756 ἐπεὶ
2337 5705 2538 5775 μᾶλλον
2560 5706 2706 5761 ἔοικε
2728 5708 2783 5761 τὸ
2816 5708 2874 5761 έν
2897 5707 3069 5761 εἰκόνι
3092 5707 3385 5779 πρόσωπον
3412 5704 3591 5771 τοῦδε,
3628 5707 3780 5777 ήπερ

2187 5796 2282 5852 τοῦ
2317 5797 2448 5853 ἰδίου
2476 5801 2667 5856 τέκνου
2700 5804 2732 5873 ή
2761 5801 2885 5871 ὄψις
2919 5801 3053 5872 πρὸς
3078 5801 3242 5853 αὐτὸν
3273 5798 3595 5871 κρινομένη,
3636 5799 3779 5865 μᾶλ-

2190 5894 2280 5949 λον
2314 5896 2398 5967 εἴη
2424 5895 2551 5960 Υἱὸς
2576 5894 2726 5950 τοῦδε
2758 5897 2790 5967 ή
2833 5898 3018 5964 εἰκὼν,
3052 5896 3195 5967 ἢπερ
3231 5895 3289 5948 τὸ
3336 5895 3401 5947 ἐκ
3431 5891 3531 5963 τῆς
3580 5892 3775 5954 οὐσίας
