4116 6448
432 391 565 460 1685

1403 396 1798 462 ADVERSUS
1829 394 2385 461 NESTORIANOS.
2419 422 2490 434 —
2517 396 2668 460 LIB.
2708 397 2806 461 IV.

3545 393 3682 462 1686

427 505 595 560 αὑτοῦ
623 503 814 562 τέκνον
832 522 847 540 ο
870 507 966 562 καὶ
991 507 1110 574 πῶς
1132 506 1239 581 πρὸ
1283 508 1488 580 μικροῦ
1515 508 1618 579 τὴν
1667 506 1859 561 οὐσίαν
1907 507 1999 560 καὶ

2112 507 2388 577 cujusdam
2436 507 2609 578 magis
2652 507 2801 562 illius
2845 512 2994 563 esset
3035 506 3181 564 ﬁlius
3217 523 3381 579 quam
3422 509 3685 578 proprius

433 598 607 668 τὸτὴν
643 601 903 669 ὁμοίωσιν
931 601 1110 656 αίτίαν
1153 601 1398 671 έλέγετε;
1441 600 1612 663 ὅντως
1656 597 1751 653 οῦν
1808 599 1857 652 εἰ
1905 597 2004 668 μὲν

431 689 570 743 κατὰ
600 691 710 745 πᾶν
739 692 801 745 τὸ
837 687 976 748 εἶναι
1016 694 1113 746 καὶ
1137 694 1200 746 ἐκ
1226 692 1428 756 παντὸς
1473 690 1571 745 τοῦ
1608 689 1748 743 εἶναι
1797 690 1832 759 ὴ
1866 688 2004 756 ἀλη-

430 779 531 850 θής
558 781 677 834 ἐστι
710 783 964 854 γέννησίς
988 802 1152 850 τινος,
1183 784 1498 854 ἀναγκαίως
1542 785 1636 838 καὶ
1673 784 1708 853 ή
1744 781 2005 852 ὁμοίωσις

429 872 552 925 ὅλου
589 872 686 926 τοῦ
718 875 1077 946 γεννήσαντος
1108 877 1247 948 πρὸς
1281 877 1402 930 ὅλον
1433 875 1495 930 τὸ
1539 877 1786 945 γέννημα
1814 872 1966 926 ἔσται
1987 886 2004 904 ο

379 964 397 979 ⁸
431 961 564 1016 εἰδὲ
595 965 738 1020 κατὰ
768 965 830 1019 τὸ
865 967 1094 1021 τοιῶσδε
1123 963 1263 1022 εἶναι
1300 968 1460 1039 μόνον
1511 967 1567 1021 ἓν
1615 983 1721 1019 τινι
1751 965 1909 1036 μέρει
1942 965 2008 1016 ὲκ

433 1054 637 1125 μέρους
668 1056 837 1111 δὲκαὶ
863 1057 958 1112 τοῦ
990 1053 1131 1112 εἶναι
1173 1058 1328 1112 τοῦδέ
1359 1075 1504 1121 τινος
1536 1057 1790 1111 συνθέτου
1821 1057 1854 1125 ἡ
1876 1054 2004 1124 γέν-

429 1145 587 1216 νησίς
604 1147 773 1212 ἐστιν,
809 1147 930 1218 οὐχ).
956 1147 1100 1202 κατὰ
1135 1149 1246 1202 πᾶν
1272 1147 1333 1200 τὸ
1351 1142 1489 1200 εἶναι
1509 1147 1663 1200 ἐσται
1685 1147 1720 1215 ἡ
1744 1144 2004 1216 ὁμοίωσις

432 1237 572 1308 πρὸς
621 1238 684 1291 τὸ
733 1238 1004 1308 γεννῆσαν
1057 1237 1154 1292 τοῦ
1192 1237 1583 1308 γεννηθέντοςο
1624 1237 1775 1306 ὅμως
1820 1233 1880 1288 δὲ
1937 1234 2003 1287 ὲκ

435 1327 636 1398 μέρους
656 1345 718 1380 τε
777 1329 872 1382 τοῦ
911 1329 1054 1384 κατὰ
1091 1328 1152 1382 τὸ
1191 1323 1354 1394 εἶναι,
1404 1327 1500 1382 καὶ
1548 1328 1614 1380 ὲκ
1657 1326 1858 1397 μέρους
1910 1322 2004 1378 τοῦ

433 1418 580 1472 κατὰ
629 1417 692 1471 τὸ
721 1418 950 1471 τοιῶσδε
999 1414 1141 1474 εἶναι
1193 1419 1287 1472 τοῦ
1349 1418 1470 1482 ἐνὸς
1514 1417 1679 1472 αὑτοῦ
1713 1414 2007 1489 προσώπου

433 1509 710 1580 γεννήτωρ
736 1507 822 1579 εἴη
843 1507 1010 1572 ὅντως
1040 1511 1070 1564 ὁ
1099 1509 1398 1579 γεννήσας·
1437 1507 1626 1579 ὥσπερ
1665 1507 1759 1560 καὶ
1793 1505 1884 1559 ἐπὶ
1912 1506 2009 1560 ἁν-

432 1598 652 1670 θρὼπου
686 1599 924 1670 ὁρῶμεν,
948 1599 1043 1652 τοῦ
1072 1599 1174 1670 μὲν
1203 1599 1455 1670 σώματος
1493 1598 1594 1668 τὴν
1641 1597 1895 1668 γέννησιν
1925 1596 2006 1660 είς

427 1691 490 1745 τὸ
515 1689 657 1747 εἶναι
694 1693 760 1746 ἐκ
779 1692 888 1746 τῶν
919 1693 1125 1762 γονέων
1153 1691 1391 1764 ἔχοντος,
1448 1692 1549 1761 τῆς
1606 1690 1664 1744 δὲ
1692 1689 1874 1760 ψυχῆς
1907 1688 2008 1742 οὐκ

429 1785 510 1847 εἰς
541 1782 602 1838 τὸ
639 1780 780 1840 εῖναι
837 1784 1024 1848 ἁπλῶς
1059 1782 1238 1856 (τοῦτο
1270 1783 1380 1855 γὰρ
1405 1784 1469 1836 ὲκ
1497 1781 1632 1836 Θεοῦ
1664 1781 1777 1852 ἔχει
1810 1780 1885 1844 ὡς
1909 1779 2005 1832 καὶ

2104 610 2172 650 ex
2212 596 2336 666 ejus
2379 596 2689 652 substantia
2722 607 2905 653 natus.
2941 598 3008 652 Et
3039 599 3317 668 quomodo
3361 599 3686 668 pauloante

2103 687 2466 742 substantiam
2489 698 2544 743 et
2565 704 2675 744 non
2692 689 3110 744 similitudinem
3131 704 3353 745 causam
3371 691 3642 745 dicebatis
3665 690 3688 743 ?

2104 777 2305 848 Reipsa
2335 779 2522 850 igitur,
2556 781 2603 835 si
2643 782 2948 837 secundum
2997 790 3171 836 totum
3199 798 3338 847 esse,
3382 794 3440 837 et
3472 798 3539 837 ex
3571 789 3688 836 toto

2105 883 2248 935 esse,
2280 869 2370 925 illa
2413 881 2497 926 est
2530 887 2660 927 vera
2695 874 2978 944 generatio
3019 875 3328 945 cujusdam,
3371 874 3688 929 necessario

2106 961 2216 1016 erit
2252 971 2311 1017 et
2344 963 2650 1020 similitudo
2701 966 2870 1020 totius
2911 968 3188 1038 gignentis
3223 967 3291 1020 ad
3324 977 3498 1022 totum
3529 966 3688 1036 geni-

2108 1060 2246 1106 tum.
2287 1051 2345 1108 Si
2375 1062 2560 1109 autem
2587 1056 2890 1110 secundum
2920 1058 3014 1111 tali
3047 1057 3212 1111 modo
3234 1071 3354 1112 esse
3385 1064 3597 1110 tantum
3629 1055 3686 1108 in

2107 1143 2342 1212 quadam
2387 1154 2567 1214 parte,
2609 1154 2666 1200 et
2712 1163 2780 1201 ex
2821 1157 2976 1216 parte
3017 1164 3238 1219 quoque
3277 1157 3362 1204 est
3403 1147 3688 1220 generatio

2108 1235 2392 1305 cujusdam
2424 1238 2736 1307 compositi,
2773 1249 2833 1293 ut
2866 1241 3007 1304 talis,
3036 1257 3147 1295 non
3175 1241 3478 1296 secundum
3510 1247 3688 1293 totum

2107 1341 2231 1382 esse
2265 1327 2371 1382 erit
2403 1328 2710 1386 similitudo
2746 1332 2917 1403 geniti
2953 1334 3021 1388 ad
3062 1334 3402 1404 gignentem;
3433 1341 3489 1387 et
3529 1338 3690 1402 parte

2107 1418 2330 1487 quidem
2364 1420 2672 1475 secundum
2703 1437 2844 1489 esse,
2875 1433 3031 1495 parte
3055 1435 3236 1480 autem
3269 1424 3571 1480 secundum
3594 1421 3690 1477 tali

2107 1509 2274 1564 modo
2318 1525 2473 1574 esse,
2518 1512 2625 1566 erit
2669 1514 2920 1583 ejusdem
2963 1513 3127 1570 unius
3172 1529 3424 1585 persona:
3472 1513 3690 1583 genitor

2108 1601 2289 1671 reipsa
2325 1603 2421 1672 qui
2458 1603 2604 1658 illam
2631 1605 2854 1674 genuit:
2885 1606 3027 1660 sicut
3055 1606 3111 1660 in
3141 1606 3366 1661 homine
3398 1605 3688 1667 videmus;

2109 1695 2202 1764 qui
2239 1709 2438 1764 nempe
2467 1694 2632 1750 habet
2654 1711 2683 1749 a
2705 1696 3031 1766 parentibus
3058 1698 3468 1768 generationem
3493 1711 3691 1765 corpo-

2110 1784 2207 1851 ris,
2253 1797 2520 1855 quantum
2557 1786 2623 1841 ad
2655 1803 2799 1852 esse,
2831 1788 3243 1859 generationem
3269 1796 3453 1843 autem
3492 1787 3690 1841 animae

427 1877 457 1929 ό
490 1876 920 1947 πρωτόπλαστος
938 1847 1153 1948 Ἀδὰμ),
1183 1847 1298 1931 ἀ).λῖ
1342 1847 1424 1940 είς
1448 1874 1510 1929 τὸ
1543 1875 1641 1928 σὺν
1663 1847 1743 1943 cii)
1775 1871 2005 1926 διαπλα-

2112 1890 2219 1928 non
2262 1847 2529 1944 quantum
2571 1876 2640 1930 ad
2669 1893 2790 1932 esse
2823 1847 3148 1947 simpliciter
3183 1879 3310 1948 (hoc
3345 1879 3492 1932 enim
3522 1876 3693 1932 habet

427 1965 613 2020 σθέντι
660 1966 798 2038 αὐτῇ
846 1962 988 2021 εῖναι
1040 1966 1276 2037 σώματι,
1335 1959 1398 2020 οὗ
1428 1965 1523 2018 καὶ
1558 1963 1729 2035 χωρὶς
1780 1962 2004 2016 δύναται

427 2054 593 2112 εἶναι·
615 2058 883 2126 λαμϐάνει
915 2058 1025 2129 γὰρ
1051 2057 1211 2112 τοῦτο
1233 2054 1389 2128 παρᾲ
1410 2056 1543 2122 τῶν,
1574 2055 1651 2121 ὡς
1683 2055 1879 2119 είπείν,
1906 2051 2004 2109 τοῦ

428 2151 530 2222 μὲν
567 2149 819 2222 σώματος
841 2150 1048 2218 αἰτίων,
1081 2152 1255 2223 αὐτῆς
1279 2149 1338 2204 δὲ
1364 2150 1466 2218 τῆς
1492 2149 1676 2221 ψυχῆς
1700 2149 2006 2221 νυμφοστό-

423 2243 535 2298 λων
567 2243 730 2315 μόνον
754 2257 770 2275 ⁶
801 2244 898 2299 καὶ
935 2244 1086 2313 ὅμως
1136 2243 1303 2313 ἄμφω
1352 2241 1462 2297 τῶν
1516 2242 1730 2311 φύσεων
1768 2242 1845 2304 ὼς
1886 2241 2006 2305 ἑνὸς

422 2334 720 2406 ἀνθρώπου
765 2335 973 2408 κυρίως
1035 2351 1096 2388 τε
1157 2334 1255 2388 καὶ
1286 2335 1430 2390 κατὰ
1453 2334 1714 2407 ἀλήθειαν
1765 2336 1814 2389 οἱ
1849 2336 2007 2408 αὐτοὶ

423 2426 679 2496 λέγονται
711 2406 926 2490 τοκέες.
959 2427 1025 2481 Τί
1056 2421 1152 2484 οὖν
1181 2427 1327 2498 ὑμᾶς
1357 2427 1427 2480 τὰ
1456 2426 1516 2492 ἐξ
1547 2406 1806 2492 ἀπιστίας
1848 2406 2006 2496 φιμόῖ

425 2519 783 2591 βομόήματα,
832 2518 966 2572 Θεὸν
1026 2517 1104 2591 μὴ
1161 2518 1342 2588 λέγειν
1376 2517 1555 2591 ὀρθῶς
1594 2519 1686 2574 τὸν
1743 2520 2006 2590 τεχθέντα

426 2613 853 2686 σεσαρκωμένον
880 2613 1088 2683 Λόγον;
1122 2614 1286 2685 ἡνίκα
1315 2616 1412 2668 καὶ
1442 2613 1624 2685 ψυχὴν
1665 2613 1765 2686 τὴν
1791 2631 2007 2686 σαρκω-

428 2707 614 2760 θετσαν
639 2707 1032 2772 ἀνενδοιάστως
1055 2707 1371 2778 ὁμολογεῖτε
1404 2707 1766 2780 γεγεννῆσθαι
1797 2707 1864 2761 ὲκ
1894 2707 2007 2762 τῶν

424 2798 520 2851 τοῦ
551 2795 695 2853 εἶναι
755 2799 857 2870 τῆς
919 2800 1122 2872 σαρκὸς
1179 2800 1371 2855 αἰτίων
1407 2800 1502 2853 καὶ
1547 2800 1646 2854 σὺν
1671 2798 1751 2870 τῷ
1792 2797 2007 2870 σώματι

426 2890 553 2956 τοὺς
573 2891 774 2957 αὐτοὺς
800 2891 898 2948 καὶ
925 2892 1099 2964 αὐτῆς
1131 2893 1332 2958 τοκέας
1356 2891 1654 2963 ὀνομάζετε
1677 2909 1694 2959 ;

1039 3184 1290 3238 ΚΕΦΑΛ.
1322 3185 1407 3239 ις’.
1479 3195 1488 3202 ’

512 3293 695 3361 Ἀλλὰ,
722 3296 908 3367 φησὶν,
941 3293 1003 3350 ού
1051 3295 1372 3367 ψυχοτόκον,
1415 3295 1533 3351 ἀλλ’
1583 3291 2004 3367 ἀνθρωποτὸκον

429 3389 612 3460 φαμὲν
639 3387 738 3459 τὴν
763 3388 1044 3459 γεννῶσαν
1066 3388 1377 3461 ἄνθρωπον.
1404 3388 1469 3442 Τί
1492 3383 1584 3442 οὖν
1619 3389 1693 3460 μὴ
1724 3388 1818 3443 καὶ
1846 3389 2005 3459 ὑμεῖς

430 3478 794 3548 Χριστοτόκον
825 3478 1026 3550 μᾶλλον
1062 3478 1280 3548 λέγετε;
1327 3479 1490 3545 Ἀλλ’,
1524 3472 1569 3533 ὦ
1608 3473 1778 3548 οὗτοι,
1807 3480 1867 3533 τὸ
1903 3479 2006 3550 μὲν

430 3568 764 3637 ἄνθρωπος,
798 3568 1016 3639 φύσεως
1053 3569 1222 3640 ὄνομα
1245 3587 1260 3601 ο
1310 3571 1371 3624 τὸ
1393 3570 1452 3623 δὲ
1487 3571 1763 3639 Χριστὸς,
1809 3571 1870 3624 οὐ
1899 3569 2004 3638 φύ-

434 3675 597 3724 σεως,
646 3658 784 3714 ἀλλὰ
840 3658 1178 3731 προσώπου·
1208 3659 1327 3724 πῶς
1378 3656 1472 3714 οὖν
1526 3660 1588 3713 τὸ
1645 3660 1746 3731 τῆς
1792 3660 2009 3731 φύσεως

430 3750 604 3822 όνομα
656 3749 753 3805 τοῦ
799 3749 1108 3822 τεχθέντος,
1159 3751 1226 3805 ὲκ
1285 3749 1380 3805 τοῦ
1421 3749 1777 3824 προσωπικοῦ
1826 3751 2009 3822 σημά-

431 3861 615 3915 νωμεν
637 3859 654 3910 ;

1018 3958 1270 4016 ΚΕΦΑΛ.
1293 3959 1425 4014 KA'.

516 4053 683 4109 Ἀλλὰ
741 4053 829 4109 διὰ
859 4055 913 4108 τί
939 4047 1055 4119 οὖν,
1107 4055 1264 4125 φησι,
1305 4053 1380 4124 μὴ
1412 4051 1830 4120 ἀνθρωποτόκος
1853 4053 2008 4124 ὑμῖν,

432 4149 578 4221 ἥπερ
611 4148 875 4213 Θεοτόκος
908 4148 1082 4212 δοκεῖς
1139 4147 1360 4218 Ῥητέον
1389 4141 1482 4201 οὖν
1513 4145 1591 4210 ὡς
1641 4147 1692 4200 εί
1744 4146 1846 4218 μὲν
1900 4147 2012 4200 τῶν

432 4243 530 4296 δύο
558 4239 798 4314 Χριστοῦ
847 4239 1066 4310 φύσεων
1103 4240 1138 4310 ἡ
1175 4239 1494 4309 ἀνθρωπίνη
1536 4238 1641 4310 τῆς
1705 4237 1857 4304 θείας
1913 4241 2014 4293 έπ-

431 4333 707 4404 εκράτησε
738 4332 847 4403 πρὸ
886 4331 1118 4387 θανάτου
1143 4348 1203 4384 τε
1240 4331 1334 4384 καὶ
1379 4331 1519 4400 μετὰ
1554 4330 1808 4399 θάνατον,
1847 4333 2014 4400 ἀνάγ-

431 4437 538 4490 κης
571 4420 739 4492 οῦσης
772 4422 838 4474 ὲκ
871 4421 1000 4492 μιᾶς
1030 4420 1193 4491 μόνον
1231 4421 1341 4474 τῶν
1370 4421 1588 4491 φύσεων
1618 4422 1788 4476 αὑτοῦ
1814 4424 2015 4494 ὀνομά-

433 4513 625 4578 ζεσθαι
654 4513 747 4568 τὸν
782 4513 962 4580 τόκον,
987 4512 1170 4576 καλῶς
1197 4513 1613 4586 ἀνθρωποτόκον
1643 4514 1802 4583 φατέ.
1847 4515 1912 4570 El
1957 4515 2015 4568 δὲ

432 4606 605 4663 ἀεὶτὸ
636 4606 739 4678 τῆς
769 4605 923 4670 θείας
954 4605 1172 4675 φύσεως
1194 4605 1461 4678 ἄτρεπτον
1491 4608 1876 4678 κατεκράτησε
1917 4606 2013 4660 τοῦ

435 4702 534 4771 τῆς
593 4699 946 4772 ἀνθρωπίνης
1001 4699 1217 4768 φύσεως
1270 4698 1537 4771 τρεπτοῦ,
1602 4699 1700 4753 καὶ
1749 4700 1888 4769 πρὸς
1947 4699 2018 4753 τὰ

377 4782 387 4791 ’
435 4793 725 4866 κρείττονα
784 4792 1093 4863 μεταϐαλὸν
1144 4791 1545 4856 συνεξεθέωσεν
1594 4792 1765 4862 αὐτὴν
1812 4792 2015 4861 ἑαυτῷ,

435 4886 630 4958 ὥσπερ
664 4886 759 4939 καὶ
791 4886 820 4939 ό
866 4885 1086 4956 σίδηρος
1117 4883 1425 4956 πυροῦσθαι
1459 4883 1699 4953 λέγεται,
1753 4885 1848 4938 καὶ
1898 4883 2019 4954 οὐχὶ

437 4978 498 5031 τὸ
542 4978 657 5050 πῦρ
709 4974 1089 5048 σιδηροῦσθαι,
1151 4975 1272 5039 πῶς
1314 4975 1415 5029 οὐκ
1480 4976 1544 5028 ὲκ
1598 4975 1699 5046 τῆς
1747 4973 2018 5046 μενούσης

436 5068 702 5131 ὡσαύτως
735 5068 794 5121 ὲν
824 5069 939 5131 τοῖς
971 5067 1128 5132 ἰδίοις
1156 5067 1340 5136 λόγοις
1378 5066 1468 5120 ἀεὶ
1500 5065 1866 5136 φύσεωςικαὶ
1917 5065 2018 5135 τὴν

436 5159 631 5229 ἑτέραν
656 5159 734 5222 είς
762 5156 965 5228 ἑαυτὴν
1020 5157 1448 5228 μεταποιούσης,
1486 5156 1601 5210 ἀλλ’
1627 5158 1696 5218 ὲκ,
1718 5158 1818 5219 τῆς
1861 5173 2021 5227 μετα·

436 5249 772 5322 ποιουμένης
813 5249 1146 5318 ὀνομαστέον
1195 5248 1259 5302 τὸ
1305 5245 1592 5319 τεχθὲν,,ῆ
1638 5245 1732 5301 τὸν
1756 5246 1952 5312 τόκον,
1985 5247 2020 5318 ἢ

435 5343 534 5416 τὴν
563 5342 863 5411 τεκοῦσαν,
897 5336 944 5398 ὧ
964 5336 1142 5411 οὖτοι;

1005 5459 1260 5514 ΚΕΦΑΛ.
1296 5458 1426 5514 ΚΒ’·.

507 5555 570 5610 Εί
608 5555 638 5608 ό
668 5552 803 5616 Θεὸς
841 5553 1016 5621 Λόγος
1071 5551 1273 5622 ἐτέχθη
1319 5551 1384 5603 ἐκ
1439 5549 1540 5621 τῆς
1600 5548 1904 5622 Παρθένου,
1961 5548 2020 5601 ἐν

436 5648 616 5720 χρόνῳ
644 5646 843 5718 ἐτέχθη
865 5661 880 5674 ⁸
909 5645 1018 5698 πᾶν
1043 5642 1101 5696 δὲ
1141 5643 1215 5697 τὸ,
1235 5647 1293 5696 ὲν
1323 5643 1500 5713 χρόνῳ
1536 5641 1858 5712 τικτόμενον
1892 5640 2020 5713 χρό-

437 5755 530 5790 νου
591 5735 729 5808 πρὸς
767 5735 1047 5788 τελείωσιν
1095 5734 1305 5788 δεῖταιο
1343 5735 1391 5787 εί
1439 5733 1468 5786 ό
1500 5732 1634 5797 Θεὸς
1660 5732 1769 5804 ἄρα
1809 5733 1875 5785 ἐκ
1921 5731 2022 5801 τῆς

439 5831 721 5902 Παρθένου
774 5829 994 5901 ἐτέχθη,
1047 5829 1241 5900 χρόνου
1300 5827 1435 5900 πρὸς
1489 5826 1770 5882 τελείωσιν
1802 5821 2019 5898 ἐδεήθη.

2029 3200 2076 3263 ο

2103 1982 2135 2021 a
2167 1967 2303 2032 Deo,
2330 1975 2390 2022 ut
2421 1968 2792 2038 protoplastus
2815 1968 3033 2039 Adam),
3061 1968 3158 2024 sed
3181 1980 3448 2039 quantum
3471 1969 3540 2023 ad
3565 1983 3691 2022 esse

2104 2060 2456 2130 conjunctam
2511 2074 2637 2114 cum
2683 2075 2914 2129 corpore
2963 2061 3124 2115 simul
3183 2077 3306 2116 cum
3358 2061 3475 2130 ipsa
3530 2060 3688 2125 ﬁcto,

2104 2151 2224 2206 sine
2252 2165 2363 2222 quo
2394 2151 2512 2221 ipsa
2551 2165 2673 2206 esse
2701 2159 2922 2221 potest:
2963 2152 3069 2207 hoc
3091 2153 3240 2206 enim
3267 2153 3467 2222 accipit
3495 2152 3566 2206 ab
3597 2151 3689 2219 iis,

2103 2253 2167 2299 ut
2198 2244 2273 2298 ita
2306 2242 2508 2308 dicam,
2549 2244 2800 2312 corporis
2836 2243 3059 2313 quidem
3103 2259 3300 2309 causae,
3334 2245 3529 2299 anima:
3557 2259 3691 2302 vero
3799 2235 3810 2239 ”

2103 2334 2465 2406 paranymphi
2507 2342 2743 2389 tantum.
2788 2335 2856 2390 Et
2889 2343 3072 2389 tamen
3123 2334 3411 2389 ambarum
3461 2343 3691 2388 natura—

2103 2443 2248 2494 rum,
2289 2434 2350 2482 ut
2378 2427 2543 2482 unius
2565 2426 2830 2492 hominis,
2864 2428 3090 2497 proprie
3119 2435 3175 2482 et
3201 2426 3505 2482 secundum
3541 2425 3692 2480 veri-

2105 2529 2273 2576 tatem
2299 2519 2465 2575 iidem
2488 2520 2752 2575 dicuntur
2771 2527 3050 2588 parentes.
3073 2518 3214 2584 Quid
3245 2519 3413 2590 igitur
3445 2526 3693 2573 vestrum

2104 2630 2173 2670 ex
2204 2612 2593 2669 incredulitate
2625 2611 2890 2667 bombum
2928 2619 3263 2681 compescet,
3291 2612 3388 2680 qui
3423 2626 3536 2664 non
3568 2611 3694 2665 vul-

2105 2707 2178 2762 tis
2206 2704 2395 2760 dicere
2427 2718 2562 2760 vere
2602 2703 2776 2758 Deum
2813 2702 3052 2757 Verbum
3081 2703 3226 2772 quod
3255 2704 3311 2757 in
3338 2718 3504 2758 carne
3533 2702 3691 2773 geni-

2105 2805 2224 2852 tum
2267 2803 2374 2862 est,
2411 2810 2536 2850 cum
2581 2794 2759 2864 ipsam
2801 2794 3043 2848 animam
3081 2795 3422 2849 incarnatam
3455 2794 3696 2849 libenter

2104 2886 2482 2944 conﬁteamini
2525 2885 2779 2956 generari
2823 2885 2892 2940 ab
2934 2886 3023 2940 his
3063 2886 3157 2955 qui
3197 2895 3325 2941 sunt
3357 2886 3693 2941 exsistentizc

2105 2976 2290 3033 carnis
2337 2990 2550 3040 causae,
2597 2983 2655 3029 et
2696 2973 2792 3045 qui
2834 2975 3083 3045 corporis
3122 2975 3346 3031 eosdem
3390 2984 3447 3032 et
3496 2975 3694 3030 animae

2105 3079 2366 3144 parentes
2390 3069 2645 3128 vocatis?

2740 3189 2890 3245 CAP.
2926 3187 3046 3244 XX.

2182 3295 2273 3363 At,
2315 3295 2517 3367 inquit,
2560 3313 2672 3353 non
2718 3298 2914 3354 animae
2957 3307 3263 3369 parentem,
3308 3297 3407 3354 sed
3452 3295 3698 3352 hominis

2118 3394 2402 3456 parentem
2429 3388 2667 3445 dicimus
2690 3405 2809 3444 eam
2847 3406 2971 3460 qua:
3001 3391 3190 3461 genuit
3219 3389 3520 3446 hominem.
3550 3386 3695 3457 Quid

2119 3475 2287 3547 igitur
2327 3493 2439 3532 non
2478 3486 2536 3532 et
2572 3495 2671 3534 vos
2711 3480 2916 3536 Christi
2954 3490 3235 3550 parentem
3266 3479 3449 3556 potius
3474 3478 3700 3533 dicitis?

2117 3569 2297 3636 —At,
2325 3585 2359 3626 ο
2385 3586 2505 3637 vos,
2541 3571 2706 3626 homo
2739 3581 2824 3627 est
2863 3588 3061 3627 nomen
3104 3581 3335 3636 naturae,
3380 3571 3510 3624 dum
3537 3568 3698 3624 Chri-

2122 3669 2242 3716 stus
2292 3676 2404 3717 non
2454 3673 2668 3718 naturae
2713 3664 2810 3718 sed
2858 3679 3129 3734 personae.
3188 3662 3474 3741 Quomodo
3529 3660 3699 3731 igitur

2119 3768 2322 3810 nomen
2376 3763 2589 3812 naturae
2645 3755 2814 3827 geniti
2863 3770 2929 3810 ex
2981 3755 3207 3815 nomine
3269 3767 3518 3825 personae
3552 3751 3699 3810 indi.-

2117 3860 2370 3903 caremus
2397 3847 2421 3900 ἲ

2738 3959 2891 4017 CAP.
2906 3960 3060 4023 XXI.

2190 4049 2298 4107 Sed
2327 4058 2388 4106 ut
2413 4050 2549 4122 quid
2580 4067 2743 4124 ergo,
2765 4053 2966 4122 inquit,
2991 4069 3102 4108 non
3133 4053 3376 4108 hominis
3401 4067 3602 4123 parens
3631 4068 3698 4109 ea

2119 4156 2242 4212 quae
2270 4142 2686 4214 vobis-Deipara
2700 4144 2942 4200 videtur.
2963 4176 3030 4186 —
3046 4145 3350 4208 Dicendum
3367 4146 3536 4216 igitur
3549 4146 3699 4216 quod

2121 4237 2168 4292 si
2197 4252 2266 4291 ex
2295 4236 2746 4296 duabusChristi
2777 4237 2992 4294 naturis
3034 4238 3279 4297 humana
3323 4239 3526 4294 divina
3555 4254 3700 4308 prte-

2120 4328 2333 4394 celluit,
2360 4338 2476 4389 tum
2506 4339 2635 4392 ante
2673 4337 2906 4385 mortem
2930 4323 3064 4384 'tum
3108 4339 3234 4400 post
3271 4339 3526 4395 mortem,
3572 4345 3700 4384 cum

2121 4436 2349 4476 necesse
2388 4421 2460 4484 sit
2491 4437 2558 4476 ex
2582 4437 2692 4477 una
2714 4430 2929 4476 tantum
2955 4429 3278 4476 naturarum
3304 4423 3423 4493 ejus
3445 4422 3701 4477 denomi-

2122 4515 2243 4569 nari
2268 4515 2448 4584 ipsum
2474 4523 2716 4585 partum,
2743 4523 2892 4570 recte
2916 4513 3158 4568 hominis
3180 4523 3463 4584 parentem
3490 4513 3700 4568 dicitis.

2121 4607 2177 4664 Si
2205 4615 2389 4661 autem
2422 4621 2642 4676 semper
2665 4605 2866 4660 divinae
2891 4615 3102 4660 natura:
3125 4606 3547 4661 immutabilitas
3566 4622 3704 4676 pra:-

2122 4698 2316 4753 celluit
2344 4698 2598 4752 humanae
2628 4707 2839 4753 naturae
2864 4697 3242 4763 mutabilitati,
3279 4706 3336 4753 et
3372 4698 3440 4752 ad
3468 4699 3703 4754 meliora

2119 4792 2460 4847 transferens
2498 4791 2554 4846 in
2591 4791 2773 4862 seipsa
2802 4807 2923 4847 eam
2953 4791 3254 4858 deiﬁcavit,
3302 4792 3448 4847 sicut
3491 4792 3703 4846 ferrum

2122 4880 2346 4951 igneum
2395 4889 2452 4936 et
2490 4896 2602 4935 non
2647 4881 2830 4952 ignem
2864 4881 3109 4936 ferreum
3147 4882 3265 4936 fieri
3298 4882 3523 4947 dicitur,
3558 4895 3702 4949 quo-

2119 4973 2286 5028 modo
2320 4989 2435 5029 non
2473 4989 2540 5028 ex
2581 4983 2943 5043 permanente
2998 4974 3055 5028 in
3101 4973 3343 5044 prOpriis
3390 4973 3711 5030 rationibus

2121 5065 2217 5122 Dei
2247 5076 2467 5133 natura,
2502 5074 2558 5121 et
2586 5066 2816 5120 alteram
2850 5065 2905 5120 in
2929 5065 3165 5134 seipsam
3191 5064 3702 5130 transferente,.sed

2120 5174 2188 5215 ex
2225 5168 2421 5213 natura
2459 5159 2760 5222 translata,
2803 5155 3274 5215 denominandum
3309 5156 3424 5215 erit
3451 5156 3569 5211 sive
3606 5171 3704 5228 ge-

2122 5249 2322 5316 nitum,
2351 5250 2468 5305 sive
2493 5257 2704 5320 partus,
2732 5248 2846 5303 sive
2884 5249 3133 5319 gignens,
3160 5263 3194 5302 o
3217 5250 3364 5309 vosl

2730 5448 2882 5505 CAP.
2912 5448 3081 5504 XX“.

2193 5543 2252 5600 Si
2279 5544 2424 5598 Deus
2444 5540 2687 5598 Verbum
2720 5540 2940 5611 genitus
2960 5549 3045 5596 est
3081 5557 3150 5596 ex
3182 5541 3430 5612 Virgine,
3473 5541 3531 5597 in
3563 5551 3706 5598 tem-

2122 5651 2259 5707 pore
2288 5634 2507 5706 genitus
2539 5641 2659 5698 est;
2697 5648 2866 5702 porro
2904 5632 3468 5705 quidquidrgenitum
3515 5644 3600 5690 est
3647 5636 3706 5690 in

2125 5739 2393 5799 tempore,
2424 5735 2479 5780 et
2508 5736 2756 5794 tempore
2780 5725 2992 5796 indiget
3017 5725 3084 5780 ad
3106 5727 3527 5798 perfectionem.
3557 5727 3704 5798 Ergo

2127 5823 2172 5880 si
2206 5822 2354 5880 Deus
2387 5837 2456 5877 ex
2488 5818 2711 5890 Virgine
2734 5819 2956 5888 genitus
2984 5829 3089 5890 est,
3118 5831 3364 5896 tempore
3396 5821 3601 5895 indiget
3635 5822 3704 5883 ad
