  <div class='ocr_page' id='page_1' title='image "/cluster/home/n/w/nwhite01/storage/ocr_20150623/86:pt.1/coo.31924054869874/851.png"; bbox 0 0 4116 6434; ppageno 0'>
   <div class='ocr_carea' id='block_1_1' title="bbox 449 360 587 429">
    <p class='ocr_par' dir='ltr' id='par_1_1' title="bbox 449 360 587 429">
     <span class='ocr_line' id='line_1_1' title="bbox 449 360 587 429; baseline 0.014 -2"><span class='ocrx_word' id='word_1_1' title='bbox 449 360 587 429; x_wconf 75' lang='grc'><strong>1687</strong></span> 
     </span>
    </p>
   </div>
   <div class='ocr_carea' id='block_1_2' title="bbox 1690 368 2449 433">
    <p class='ocr_par' dir='ltr' id='par_1_2' title="bbox 1690 368 2449 433">
     <span class='ocr_line' id='line_1_2' title="bbox 1690 368 2449 433; baseline 0.003 -4"><span class='ocrx_word' id='word_1_2' title='bbox 1690 368 2001 431; x_wconf 77' lang='lat' dir='ltr'><strong>LEONTII</strong></span> <span class='ocrx_word' id='word_1_3' title='bbox 2041 368 2449 433; x_wconf 81' lang='lat' dir='ltr'><strong>BYZAN&#39;I&#39;INI</strong></span> 
     </span>
    </p>
   </div>
   <div class='ocr_carea' id='block_1_3' title="bbox 3575 361 3716 427">
    <p class='ocr_par' dir='ltr' id='par_1_3' title="bbox 3575 361 3716 427">
     <span class='ocr_line' id='line_1_3' title="bbox 3575 361 3716 427; baseline -0.007 0"><span class='ocrx_word' id='word_1_4' title='bbox 3575 361 3716 427; x_wconf 71' lang='grc'><strong>1688</strong></span> 
     </span>
    </p>
   </div>
   <div class='ocr_carea' id='block_1_4' title="bbox 442 479 2028 561">
    <p class='ocr_par' dir='ltr' id='par_1_4' title="bbox 442 479 2027 557">
     <span class='ocr_line' id='line_1_4' title="bbox 442 479 2027 557; baseline 0.004 -22"><span class='ocrx_word' id='word_1_5' title='bbox 442 479 964 551; x_wconf 70' lang='lat' dir='ltr'><strong>1,erfectionem.-</strong></span> <span class='ocrx_word' id='word_1_6' title='bbox 997 482 1103 549; x_wconf 84' lang='lat' dir='ltr'><strong>At,</strong></span> <span class='ocrx_word' id='word_1_7' title='bbox 1160 499 1194 540; x_wconf 88' lang='grc' dir='ltr'>ο</span> <span class='ocrx_word' id='word_1_8' title='bbox 1251 485 1565 555; x_wconf 74' lang='lat' dir='ltr'><strong>sapientes,</strong></span> <span class='ocrx_word' id='word_1_9' title='bbox 1625 502 1804 557; x_wconf 87' lang='lat' dir='ltr'><strong>neque</strong></span> <span class='ocrx_word' id='word_1_10' title='bbox 1844 488 2027 542; x_wconf 89' lang='lat' dir='ltr'><strong>anima</strong></span> 
     </span>
    </p>
   </div>
   <div class='ocr_carea' id='block_1_5' title="bbox 2133 479 3717 561">
    <p class='ocr_par' dir='ltr' id='par_1_5' title="bbox 2146 482 3717 561">
     <span class='ocr_line' id='line_1_5' title="bbox 2146 482 3717 561; baseline -0.001 -21"><span class='ocrx_word' id='word_1_11' title='bbox 2146 488 2309 554; x_wconf 78' lang='grc' dir='ltr'>⁸Λλλ’,</span> <span class='ocrx_word' id='word_1_12' title='bbox 2331 482 2377 541; x_wconf 79' lang='grc' dir='ltr'>ὦ</span> <span class='ocrx_word' id='word_1_13' title='bbox 2408 486 2587 556; x_wconf 80' lang='grc' dir='ltr'>σοφοὶ,</span> <span class='ocrx_word' id='word_1_14' title='bbox 2607 486 2730 540; x_wconf 77' lang='grc' dir='ltr'><strong>οὐδὲ</strong></span> <span class='ocrx_word' id='word_1_15' title='bbox 2762 487 2908 561; x_wconf 79' lang='grc' dir='ltr'>ψυχὴ</span> <span class='ocrx_word' id='word_1_16' title='bbox 2935 488 3120 554; x_wconf 80' lang='grc' dir='ltr'>ἁπλῶς</span> <span class='ocrx_word' id='word_1_17' title='bbox 3140 487 3337 560; x_wconf 83' lang='grc' dir='ltr'>χρόνου</span> <span class='ocrx_word' id='word_1_18' title='bbox 3367 485 3539 540; x_wconf 82' lang='grc' dir='ltr'>δεῖται</span> <span class='ocrx_word' id='word_1_19' title='bbox 3573 484 3717 556; x_wconf 70' lang='grc' dir='ltr'>πρὸς</span> 
     </span>
    </p>
   </div>
   <div class='ocr_carea' id='block_1_6' title="bbox 444 575 2020 648">
    <p class='ocr_par' dir='ltr' id='par_1_6' title="bbox 444 575 2020 648">
     <span class='ocr_line' id='line_1_6' title="bbox 444 575 2020 648; baseline 0.003 -19"><span class='ocrx_word' id='word_1_20' title='bbox 444 575 776 644; x_wconf 77' lang='lat' dir='ltr'><strong>simpliciter</strong></span> <span class='ocrx_word' id='word_1_21' title='bbox 820 583 1067 645; x_wconf 89' lang='lat' dir='ltr'><strong>tempore</strong></span> <span class='ocrx_word' id='word_1_22' title='bbox 1107 575 1316 647; x_wconf 86' lang='lat' dir='ltr'><strong>indiget</strong></span> <span class='ocrx_word' id='word_1_23' title='bbox 1349 577 1416 632; x_wconf 92' lang='lat' dir='ltr'><strong>ad</strong></span> <span class='ocrx_word' id='word_1_24' title='bbox 1452 576 1871 648; x_wconf 75' lang='lat' dir='ltr'><strong>perfectionem,</strong></span> <span class='ocrx_word' id='word_1_25' title='bbox 1923 580 2020 634; x_wconf 91' lang='lat' dir='ltr'><strong>scd</strong></span> 
     </span>
    </p>
   </div>
   <div class='ocr_carea' id='block_1_7' title="bbox 441 668 2023 737">
    <p class='ocr_par' dir='ltr' id='par_1_7' title="bbox 441 668 2023 737">
     <span class='ocr_line' id='line_1_7' title="bbox 441 668 2023 737; baseline 0.003 -16"><span class='ocrx_word' id='word_1_26' title='bbox 441 668 564 737; x_wconf 84' lang='lat' dir='ltr'><strong>ejus</strong></span> <span class='ocrx_word' id='word_1_27' title='bbox 618 676 833 723; x_wconf 90' lang='lat' dir='ltr'><strong>tantum</strong></span> <span class='ocrx_word' id='word_1_28' title='bbox 880 668 1132 723; x_wconf 89' lang='lat' dir='ltr'><strong>naturale</strong></span> <span class='ocrx_word' id='word_1_29' title='bbox 1172 669 1604 725; x_wconf 86' lang='lat' dir='ltr'><strong>instrumentum</strong></span> <span class='ocrx_word' id='word_1_30' title='bbox 1651 680 1709 726; x_wconf 92' lang='lat' dir='ltr'><strong>et</strong></span> <span class='ocrx_word' id='word_1_31' title='bbox 1754 671 2023 726; x_wconf 83' lang='lat' dir='ltr'><strong>habitatio</strong></span> 
     </span>
    </p>
   </div>
   <div class='ocr_carea' id='block_1_8' title="bbox 443 759 2026 831">
    <p class='ocr_par' dir='ltr' id='par_1_8' title="bbox 443 759 2026 831">
     <span class='ocr_line' id='line_1_8' title="bbox 443 759 2026 831; baseline 0.003 -19"><span class='ocrx_word' id='word_1_32' title='bbox 443 759 845 814; x_wconf 80' lang='lat' dir='ltr'><strong>substantialis.</strong></span> <span class='ocrx_word' id='word_1_33' title='bbox 869 759 1026 816; x_wconf 84' lang='lat' dir='ltr'><strong>Unde</strong></span> <span class='ocrx_word' id='word_1_34' title='bbox 1055 768 1112 816; x_wconf 90' lang='lat' dir='ltr'><strong>et</strong></span> <span class='ocrx_word' id='word_1_35' title='bbox 1150 769 1275 831; x_wconf 90' lang='lat' dir='ltr'><strong>post</strong></span> <span class='ocrx_word' id='word_1_36' title='bbox 1295 762 1645 831; x_wconf 88' lang='lat' dir='ltr'><strong>juventutem</strong></span> <span class='ocrx_word' id='word_1_37' title='bbox 1665 762 1941 829; x_wconf 84' lang='lat' dir='ltr'><strong>animalis,</strong></span> <span class='ocrx_word' id='word_1_38' title='bbox 1967 769 2026 817; x_wconf 88' lang='lat' dir='ltr'><strong>et</strong></span> 
     </span>
    </p>
   </div>
   <div class='ocr_carea' id='block_1_9' title="bbox 440 852 2023 922">
    <p class='ocr_par' dir='ltr' id='par_1_9' title="bbox 440 852 2023 922">
     <span class='ocr_line' id='line_1_9' title="bbox 440 852 2023 922; baseline 0.001 -17"><span class='ocrx_word' id='word_1_39' title='bbox 440 852 741 906; x_wconf 68' lang='lat' dir='ltr'><strong>excedente</strong></span> <span class='ocrx_word' id='word_1_40' title='bbox 786 860 1069 922; x_wconf 91' lang='lat' dir='ltr'><strong>tempore,</strong></span> <span class='ocrx_word' id='word_1_41' title='bbox 1110 860 1400 922; x_wconf 87' lang='lat' dir='ltr'><strong>postquam</strong></span> <span class='ocrx_word' id='word_1_42' title='bbox 1446 853 1877 908; x_wconf 87' lang='lat' dir='ltr'><strong>instrumentum</strong></span> <span class='ocrx_word' id='word_1_43' title='bbox 1916 854 2023 907; x_wconf 89' lang='lat' dir='ltr'><strong>mi-</strong></span> 
     </span>
    </p>
   </div>
   <div class='ocr_carea' id='block_1_10' title="bbox 441 942 2025 1015">
    <p class='ocr_par' dir='ltr' id='par_1_10' title="bbox 441 942 2025 1015">
     <span class='ocr_line' id='line_1_10' title="bbox 441 942 2025 1015; baseline 0.003 -20"><span class='ocrx_word' id='word_1_44' title='bbox 441 957 547 996; x_wconf 89' lang='lat' dir='ltr'><strong>nus</strong></span> <span class='ocrx_word' id='word_1_45' title='bbox 570 950 759 1012; x_wconf 89' lang='lat' dir='ltr'><strong>aptum</strong></span> <span class='ocrx_word' id='word_1_46' title='bbox 783 942 886 1011; x_wconf 88' lang='lat' dir='ltr'><strong>ipsi</strong></span> <span class='ocrx_word' id='word_1_47' title='bbox 916 942 1123 998; x_wconf 88' lang='lat' dir='ltr'><strong>factum</strong></span> <span class='ocrx_word' id='word_1_48' title='bbox 1154 942 1325 998; x_wconf 88' lang='lat' dir='ltr'><strong>fuerit</strong></span> <span class='ocrx_word' id='word_1_49' title='bbox 1349 944 1417 998; x_wconf 87' lang='lat' dir='ltr'><strong>ad</strong></span> <span class='ocrx_word' id='word_1_50' title='bbox 1455 945 1833 1014; x_wconf 82' lang='lat' dir='ltr'><strong>Operationem</strong></span> <span class='ocrx_word' id='word_1_51' title='bbox 1881 946 2025 1015; x_wconf 70' lang='lat' dir='ltr'><strong>(quae</strong></span> 
     </span>
    </p>
   </div>
   <div class='ocr_carea' id='block_1_11' title="bbox 439 1031 2022 1104">
    <p class='ocr_par' dir='ltr' id='par_1_11' title="bbox 439 1031 2022 1104">
     <span class='ocr_line' id='line_1_11' title="bbox 439 1031 2022 1104; baseline 0.001 -19"><span class='ocrx_word' id='word_1_52' title='bbox 439 1031 590 1085; x_wconf 87' lang='lat' dir='ltr'><strong>enim</strong></span> <span class='ocrx_word' id='word_1_53' title='bbox 635 1040 885 1100; x_wconf 90' lang='lat' dir='ltr'><strong>tempore</strong></span> <span class='ocrx_word' id='word_1_54' title='bbox 935 1032 1267 1096; x_wconf 84' lang='lat' dir='ltr'><strong>ﬂoruerunt,</strong></span> <span class='ocrx_word' id='word_1_55' title='bbox 1312 1041 1558 1103; x_wconf 82' lang='lat' dir='ltr'><strong>tempore</strong></span> <span class='ocrx_word' id='word_1_56' title='bbox 1603 1050 1825 1104; x_wconf 90' lang='lat' dir='ltr'><strong>quoque</strong></span> <span class='ocrx_word' id='word_1_57' title='bbox 1872 1050 2022 1088; x_wconf 81' lang='lat' dir='ltr'><strong>mar-</strong></span> 
     </span>
    </p>
   </div>
   <div class='ocr_carea' id='block_1_12' title="bbox 442 1124 2025 1195">
    <p class='ocr_par' dir='ltr' id='par_1_12' title="bbox 442 1124 2025 1195">
     <span class='ocr_line' id='line_1_12' title="bbox 442 1124 2025 1195; baseline 0.001 -17"><span class='ocrx_word' id='word_1_58' title='bbox 442 1130 693 1193; x_wconf 85' lang='lat' dir='ltr'><strong>cescunt)</strong></span> <span class='ocrx_word' id='word_1_59' title='bbox 717 1134 912 1180; x_wconf 88' lang='lat' dir='ltr'><strong>contra</strong></span> <span class='ocrx_word' id='word_1_60' title='bbox 940 1124 994 1180; x_wconf 92' lang='lat' dir='ltr'><strong>id</strong></span> <span class='ocrx_word' id='word_1_61' title='bbox 1027 1125 1174 1195; x_wconf 89' lang='lat' dir='ltr'><strong>quod</strong></span> <span class='ocrx_word' id='word_1_62' title='bbox 1205 1124 1416 1189; x_wconf 86' lang='lat' dir='ltr'><strong>dicitis,</strong></span> <span class='ocrx_word' id='word_1_63' title='bbox 1447 1134 1695 1195; x_wconf 89' lang='lat' dir='ltr'><strong>tempore</strong></span> <span class='ocrx_word' id='word_1_64' title='bbox 1721 1124 2025 1180; x_wconf 85' lang='lat' dir='ltr'><strong>remittitur</strong></span> 
     </span>
    </p>
   </div>
   <div class='ocr_carea' id='block_1_13' title="bbox 441 1217 2028 1288">
    <p class='ocr_par' dir='ltr' id='par_1_13' title="bbox 441 1217 2028 1288">
     <span class='ocr_line' id='line_1_13' title="bbox 441 1217 2028 1288; baseline 0.001 -17"><span class='ocrx_word' id='word_1_65' title='bbox 441 1218 561 1288; x_wconf 87' lang='lat' dir='ltr'><strong>ejus</strong></span> <span class='ocrx_word' id='word_1_66' title='bbox 587 1217 768 1273; x_wconf 89' lang='lat' dir='ltr'><strong>virtus</strong></span> <span class='ocrx_word' id='word_1_67' title='bbox 805 1226 863 1272; x_wconf 91' lang='lat' dir='ltr'><strong>et</strong></span> <span class='ocrx_word' id='word_1_68' title='bbox 907 1217 1213 1287; x_wconf 80' lang='lat' dir='ltr'><strong>perfectio;</strong></span> <span class='ocrx_word' id='word_1_69' title='bbox 1245 1233 1347 1272; x_wconf 85' lang='lat' dir='ltr'><strong>nec</strong></span> <span class='ocrx_word' id='word_1_70' title='bbox 1381 1217 1496 1288; x_wconf 88' lang='lat' dir='ltr'><strong>ipsa</strong></span> <span class='ocrx_word' id='word_1_71' title='bbox 1542 1217 1696 1272; x_wconf 90' lang='lat' dir='ltr'><strong>videt</strong></span> <span class='ocrx_word' id='word_1_72' title='bbox 1729 1226 1825 1271; x_wconf 89' lang='lat' dir='ltr'><strong>aut</strong></span> <span class='ocrx_word' id='word_1_73' title='bbox 1870 1218 2028 1272; x_wconf 82' lang='lat' dir='ltr'><strong>audit</strong></span> 
     </span>
    </p>
   </div>
   <div class='ocr_carea' id='block_1_14' title="bbox 442 1309 2028 1381">
    <p class='ocr_par' dir='ltr' id='par_1_14' title="bbox 442 1309 2028 1381">
     <span class='ocr_line' id='line_1_14' title="bbox 442 1309 2028 1381; baseline -0.001 -15"><span class='ocrx_word' id='word_1_74' title='bbox 442 1311 762 1366; x_wconf 87' lang='lat' dir='ltr'><strong>centenaria</strong></span> <span class='ocrx_word' id='word_1_75' title='bbox 796 1310 1027 1381; x_wconf 89' lang='lat' dir='ltr'><strong>perinde</strong></span> <span class='ocrx_word' id='word_1_76' title='bbox 1068 1326 1133 1365; x_wconf 92' lang='lat' dir='ltr'><strong>ac</strong></span> <span class='ocrx_word' id='word_1_77' title='bbox 1164 1309 1481 1365; x_wconf 89' lang='lat' dir='ltr'><strong>tricenaria.</strong></span> <span class='ocrx_word' id='word_1_78' title='bbox 1517 1310 1586 1365; x_wconf 88' lang='lat' dir='ltr'><strong>Et</strong></span> <span class='ocrx_word' id='word_1_79' title='bbox 1620 1310 1696 1364; x_wconf 88' lang='lat' dir='ltr'><strong>ita</strong></span> <span class='ocrx_word' id='word_1_80' title='bbox 1738 1311 2028 1366; x_wconf 82' lang='lat' dir='ltr'><strong>evidenter</strong></span> 
     </span>
    </p>
   </div>
   <div class='ocr_carea' id='block_1_15' title="bbox 445 1400 2027 1472">
    <p class='ocr_par' dir='ltr' id='par_1_15' title="bbox 445 1400 2027 1472">
     <span class='ocr_line' id='line_1_15' title="bbox 445 1400 2027 1472; baseline -0.001 -15"><span class='ocrx_word' id='word_1_81' title='bbox 445 1402 792 1457; x_wconf 84' lang='lat' dir='ltr'><strong>demonstrat</strong></span> <span class='ocrx_word' id='word_1_82' title='bbox 826 1418 939 1457; x_wconf 91' lang='lat' dir='ltr'><strong>non</strong></span> <span class='ocrx_word' id='word_1_83' title='bbox 986 1418 1016 1456; x_wconf 90' lang='lat' dir='ltr'><strong>a</strong></span> <span class='ocrx_word' id='word_1_84' title='bbox 1046 1402 1228 1471; x_wconf 90' lang='lat' dir='ltr'><strong>seipsa</strong></span> <span class='ocrx_word' id='word_1_85' title='bbox 1266 1401 1363 1457; x_wconf 88' lang='lat' dir='ltr'><strong>sed</strong></span> <span class='ocrx_word' id='word_1_86' title='bbox 1388 1400 1459 1457; x_wconf 86' lang='lat' dir='ltr'><strong>ab</strong></span> <span class='ocrx_word' id='word_1_87' title='bbox 1482 1401 1852 1457; x_wconf 89' lang='lat' dir='ltr'><strong>instrumento</strong></span> <span class='ocrx_word' id='word_1_88' title='bbox 1887 1418 2027 1472; x_wconf 86' lang='lat' dir='ltr'><strong>pen-</strong></span> 
     </span>
    </p>
   </div>
   <div class='ocr_carea' id='block_1_16' title="bbox 448 1494 2026 1566">
    <p class='ocr_par' dir='ltr' id='par_1_16' title="bbox 448 1494 2026 1566">
     <span class='ocr_line' id='line_1_16' title="bbox 448 1494 2026 1566; baseline -0.001 -17"><span class='ocrx_word' id='word_1_89' title='bbox 448 1495 578 1551; x_wconf 88' lang='lat' dir='ltr'><strong>dere</strong></span> <span class='ocrx_word' id='word_1_90' title='bbox 617 1495 764 1565; x_wconf 90' lang='lat' dir='ltr'><strong>quod</strong></span> <span class='ocrx_word' id='word_1_91' title='bbox 808 1495 881 1549; x_wconf 85' lang='lat' dir='ltr'><strong>sit</strong></span> <span class='ocrx_word' id='word_1_92' title='bbox 923 1504 1047 1565; x_wconf 83' lang='lat' dir='ltr'><strong>apta</strong></span> <span class='ocrx_word' id='word_1_93' title='bbox 1087 1503 1185 1549; x_wconf 87' lang='lat' dir='ltr'><strong>aut</strong></span> <span class='ocrx_word' id='word_1_94' title='bbox 1221 1494 1435 1550; x_wconf 88' lang='lat' dir='ltr'><strong>inutilis</strong></span> <span class='ocrx_word' id='word_1_95' title='bbox 1478 1494 1545 1549; x_wconf 89' lang='lat' dir='ltr'><strong>ad</strong></span> <span class='ocrx_word' id='word_1_96' title='bbox 1585 1495 2026 1566; x_wconf 80' lang='lat' dir='ltr'><strong>perfectionem;</strong></span> 
     </span>
    </p>
   </div>
   <div class='ocr_carea' id='block_1_17' title="bbox 446 1586 2030 1657">
    <p class='ocr_par' dir='ltr' id='par_1_17' title="bbox 446 1586 2030 1657">
     <span class='ocr_line' id='line_1_17' title="bbox 446 1586 2030 1657; baseline -0.001 -16"><span class='ocrx_word' id='word_1_97' title='bbox 446 1595 542 1641; x_wconf 85' lang='lat' dir='ltr'><strong>aut</strong></span> <span class='ocrx_word' id='word_1_98' title='bbox 579 1587 624 1641; x_wconf 87' lang='lat' dir='ltr'><strong>si</strong></span> <span class='ocrx_word' id='word_1_99' title='bbox 657 1587 726 1641; x_wconf 86' lang='lat' dir='ltr'><strong>ab</strong></span> <span class='ocrx_word' id='word_1_100' title='bbox 754 1588 894 1657; x_wconf 90' lang='lat' dir='ltr'><strong>ipsa,</strong></span> <span class='ocrx_word' id='word_1_101' title='bbox 918 1603 985 1641; x_wconf 91' lang='lat' dir='ltr'><strong>eo</strong></span> <span class='ocrx_word' id='word_1_102' title='bbox 1020 1597 1201 1641; x_wconf 87' lang='lat' dir='ltr'><strong>tamen</strong></span> <span class='ocrx_word' id='word_1_103' title='bbox 1234 1586 1841 1654; x_wconf 85' lang='lat' dir='ltr'><strong>mediante.Quomodo</strong></span> <span class='ocrx_word' id='word_1_104' title='bbox 1863 1587 2030 1657; x_wconf 79' lang='lat' dir='ltr'><strong>igitur</strong></span> 
     </span>
    </p>
   </div>
   <div class='ocr_carea' id='block_1_18' title="bbox 444 1678 2030 1749">
    <p class='ocr_par' dir='ltr' id='par_1_18' title="bbox 444 1678 2030 1749">
     <span class='ocr_line' id='line_1_18' title="bbox 444 1678 2030 1749; baseline 0.002 -19"><span class='ocrx_word' id='word_1_105' title='bbox 444 1692 545 1732; x_wconf 80' lang='lat' dir='ltr'><strong>vos</strong></span> <span class='ocrx_word' id='word_1_106' title='bbox 582 1693 747 1732; x_wconf 90' lang='lat' dir='ltr'><strong>omne</strong></span> <span class='ocrx_word' id='word_1_107' title='bbox 780 1678 1049 1748; x_wconf 87' lang='lat' dir='ltr'><strong>quidquid</strong></span> <span class='ocrx_word' id='word_1_108' title='bbox 1086 1678 1141 1733; x_wconf 93' lang='lat' dir='ltr'><strong>in</strong></span> <span class='ocrx_word' id='word_1_109' title='bbox 1182 1688 1432 1748; x_wconf 91' lang='lat' dir='ltr'><strong>tempore</strong></span> <span class='ocrx_word' id='word_1_110' title='bbox 1471 1678 1735 1749; x_wconf 77' lang='lat' dir='ltr'><strong>gignitur,</strong></span> <span class='ocrx_word' id='word_1_111' title='bbox 1780 1686 2030 1747; x_wconf 86' lang='lat' dir='ltr'><strong>tempore</strong></span> 
     </span>
    </p>
   </div>
   <div class='ocr_carea' id='block_1_19' title="bbox 445 1770 2026 1842">
    <p class='ocr_par' dir='ltr' id='par_1_19' title="bbox 445 1770 2026 1842">
     <span class='ocr_line' id='line_1_19' title="bbox 445 1770 2026 1842; baseline 0.001 -19"><span class='ocrx_word' id='word_1_112' title='bbox 445 1784 665 1839; x_wconf 83' lang='lat' dir='ltr'><strong>quoque</strong></span> <span class='ocrx_word' id='word_1_113' title='bbox 714 1770 963 1842; x_wconf 85' lang='lat' dir='ltr'><strong>indigere</strong></span> <span class='ocrx_word' id='word_1_114' title='bbox 1013 1770 1083 1826; x_wconf 90' lang='lat' dir='ltr'><strong>ad</strong></span> <span class='ocrx_word' id='word_1_115' title='bbox 1131 1772 1414 1842; x_wconf 88' lang='lat' dir='ltr'><strong>propriam</strong></span> <span class='ocrx_word' id='word_1_116' title='bbox 1463 1770 1862 1841; x_wconf 85' lang='lat' dir='ltr'><strong>perfectionem</strong></span> <span class='ocrx_word' id='word_1_117' title='bbox 1916 1777 2026 1824; x_wconf 88' lang='lat' dir='ltr'><strong>tam</strong></span> 
     </span>
    </p>
   </div>
   <div class='ocr_carea' id='block_1_20' title="bbox 448 1861 2030 1933">
    <p class='ocr_par' dir='ltr' id='par_1_20' title="bbox 448 1861 2030 1933">
     <span class='ocr_line' id='line_1_20' title="bbox 448 1861 2030 1933; baseline 0.002 -18"><span class='ocrx_word' id='word_1_118' title='bbox 448 1861 856 1919; x_wconf 85' lang='lat' dir='ltr'><strong>inconsiderate</strong></span> <span class='ocrx_word' id='word_1_119' title='bbox 883 1862 1187 1927; x_wconf 79' lang='lat' dir='ltr'><strong>aﬂirmatis,</strong></span> <span class='ocrx_word' id='word_1_120' title='bbox 1237 1878 1342 1919; x_wconf 89' lang='lat' dir='ltr'><strong>nec</strong></span> <span class='ocrx_word' id='word_1_121' title='bbox 1379 1863 1844 1927; x_wconf 89' lang='lat' dir='ltr'><strong>animadvertitis,</strong></span> <span class='ocrx_word' id='word_1_122' title='bbox 1885 1879 2030 1933; x_wconf 71' lang='lat' dir='ltr'><strong>saape</strong></span> 
     </span>
    </p>
   </div>
   <div class='ocr_carea' id='block_1_21' title="bbox 445 1955 2031 2030">
    <p class='ocr_par' dir='ltr' id='par_1_21' title="bbox 445 1955 2031 2030">
     <span class='ocr_line' id='line_1_21' title="bbox 445 1955 2031 2030; baseline 0.004 -22"><span class='ocrx_word' id='word_1_123' title='bbox 445 1955 671 2025; x_wconf 87' lang='lat' dir='ltr'><strong>quidem</strong></span> <span class='ocrx_word' id='word_1_124' title='bbox 711 1956 978 2028; x_wconf 87' lang='lat' dir='ltr'><strong>indigere,</strong></span> <span class='ocrx_word' id='word_1_125' title='bbox 1016 1973 1126 2013; x_wconf 89' lang='lat' dir='ltr'><strong>non</strong></span> <span class='ocrx_word' id='word_1_126' title='bbox 1158 1967 1342 2013; x_wconf 87' lang='lat' dir='ltr'><strong>autem</strong></span> <span class='ocrx_word' id='word_1_127' title='bbox 1379 1959 1675 2029; x_wconf 76' lang='lat' dir='ltr'><strong>primario,</strong></span> <span class='ocrx_word' id='word_1_128' title='bbox 1717 1958 1812 2015; x_wconf 90' lang='lat' dir='ltr'><strong>sed</strong></span> <span class='ocrx_word' id='word_1_129' title='bbox 1847 1959 2031 2030; x_wconf 88' lang='lat' dir='ltr'><strong>aliqua</strong></span> 
     </span>
    </p>
   </div>
   <div class='ocr_carea' id='block_1_22' title="bbox 444 2050 2030 2122">
    <p class='ocr_par' dir='ltr' id='par_1_22' title="bbox 444 2050 2030 2122">
     <span class='ocr_line' id='line_1_22' title="bbox 444 2050 2030 2122; baseline 0.001 -17"><span class='ocrx_word' id='word_1_130' title='bbox 444 2066 512 2105; x_wconf 80' lang='lat' dir='ltr'><strong>ex</strong></span> <span class='ocrx_word' id='word_1_131' title='bbox 535 2050 702 2105; x_wconf 87' lang='lat' dir='ltr'><strong>rebus</strong></span> <span class='ocrx_word' id='word_1_132' title='bbox 728 2051 832 2105; x_wconf 86' lang='lat' dir='ltr'><strong>sibi</strong></span> <span class='ocrx_word' id='word_1_133' title='bbox 870 2060 1063 2120; x_wconf 84' lang='lat' dir='ltr'><strong>utpote</strong></span> <span class='ocrx_word' id='word_1_134' title='bbox 1095 2052 1150 2105; x_wconf 91' lang='lat' dir='ltr'><strong>in</strong></span> <span class='ocrx_word' id='word_1_135' title='bbox 1187 2059 1437 2121; x_wconf 87' lang='lat' dir='ltr'><strong>tempore</strong></span> <span class='ocrx_word' id='word_1_136' title='bbox 1466 2052 1681 2122; x_wconf 62' lang='lat' dir='ltr'><strong>genita),</strong></span> <span class='ocrx_word' id='word_1_137' title='bbox 1714 2066 2030 2107; x_wconf 85' lang='lat' dir='ltr'><strong>accommo-</strong></span> 
     </span>
    </p>
   </div>
   <div class='ocr_carea' id='block_1_23' title="bbox 446 2143 2030 2201">
    <p class='ocr_par' dir='ltr' id='par_1_23' title="bbox 446 2143 2030 2201">
     <span class='ocr_line' id='line_1_23' title="bbox 446 2143 2030 2201; baseline 0.003 -4"><span class='ocrx_word' id='word_1_138' title='bbox 446 2143 590 2199; x_wconf 81' lang='lat' dir='ltr'><strong>datis</strong></span> <span class='ocrx_word' id='word_1_139' title='bbox 635 2151 691 2198; x_wconf 90' lang='lat' dir='ltr'><strong>ct</strong></span> <span class='ocrx_word' id='word_1_140' title='bbox 737 2144 1043 2200; x_wconf 87' lang='lat' dir='ltr'><strong>secundum</strong></span> <span class='ocrx_word' id='word_1_141' title='bbox 1099 2152 1355 2198; x_wconf 84' lang='lat' dir='ltr'><strong>naturam</strong></span> <span class='ocrx_word' id='word_1_142' title='bbox 1414 2144 1921 2200; x_wconf 80' lang='lat' dir='ltr'><strong>coexsistentibus?</strong></span> <span class='ocrx_word' id='word_1_143' title='bbox 1972 2145 2030 2201; x_wconf 88' lang='lat' dir='ltr'><strong>Si</strong></span> 
     </span>
    </p>
   </div>
   <div class='ocr_carea' id='block_1_24' title="bbox 441 2235 2029 2306">
    <p class='ocr_par' dir='ltr' id='par_1_24' title="bbox 441 2235 2029 2306">
     <span class='ocr_line' id='line_1_24' title="bbox 441 2235 2029 2306; baseline 0.003 -17"><span class='ocrx_word' id='word_1_144' title='bbox 441 2235 592 2289; x_wconf 77' lang='lat' dir='ltr'><strong>enim</strong></span> <span class='ocrx_word' id='word_1_145' title='bbox 623 2251 729 2293; x_wconf 89' lang='lat' dir='ltr'><strong>nec</strong></span> <span class='ocrx_word' id='word_1_146' title='bbox 748 2235 863 2306; x_wconf 91' lang='lat' dir='ltr'><strong>ipsa</strong></span> <span class='ocrx_word' id='word_1_147' title='bbox 892 2236 1076 2291; x_wconf 90' lang='lat' dir='ltr'><strong>anima</strong></span> <span class='ocrx_word' id='word_1_148' title='bbox 1096 2236 1206 2292; x_wconf 88' lang='lat' dir='ltr'><strong>hoc</strong></span> <span class='ocrx_word' id='word_1_149' title='bbox 1242 2246 1492 2292; x_wconf 90' lang='lat' dir='ltr'><strong>vestrum</strong></span> <span class='ocrx_word' id='word_1_150' title='bbox 1531 2236 1774 2291; x_wconf 88' lang='lat' dir='ltr'><strong>admittit</strong></span> <span class='ocrx_word' id='word_1_151' title='bbox 1803 2238 2029 2293; x_wconf 89' lang='lat' dir='ltr'><strong>ratioci-</strong></span> 
     </span>
    </p>
   </div>
   <div class='ocr_carea' id='block_1_25' title="bbox 394 2328 2031 2401">
    <p class='ocr_par' dir='ltr' id='par_1_25' title="bbox 394 2328 2031 2401">
     <span class='ocr_line' id='line_1_25' title="bbox 394 2328 2031 2401; baseline 0 -18"><span class='ocrx_word' id='word_1_152' title='bbox 394 2391 409 2401; x_wconf 47' lang='lat'><em>.</em></span> <span class='ocrx_word' id='word_1_153' title='bbox 440 2328 618 2393; x_wconf 81' lang='lat' dir='ltr'><strong>nium,</strong></span> <span class='ocrx_word' id='word_1_154' title='bbox 651 2336 859 2398; x_wconf 88' lang='lat' dir='ltr'><strong>quanto</strong></span> <span class='ocrx_word' id='word_1_155' title='bbox 903 2329 1078 2400; x_wconf 90' lang='lat' dir='ltr'><strong>magis</strong></span> <span class='ocrx_word' id='word_1_156' title='bbox 1115 2338 1267 2385; x_wconf 89' lang='lat' dir='ltr'><strong>certe</strong></span> <span class='ocrx_word' id='word_1_157' title='bbox 1314 2328 1482 2395; x_wconf 87' lang='lat' dir='ltr'><strong>Deus,</strong></span> <span class='ocrx_word' id='word_1_158' title='bbox 1530 2330 1622 2400; x_wconf 91' lang='lat' dir='ltr'><strong>qui</strong></span> <span class='ocrx_word' id='word_1_159' title='bbox 1668 2346 1780 2385; x_wconf 91' lang='lat' dir='ltr'><strong>non</strong></span> <span class='ocrx_word' id='word_1_160' title='bbox 1826 2330 2031 2400; x_wconf 90' lang='lat' dir='ltr'><strong>incepit</strong></span> 
     </span>
    </p>
   </div>
   <div class='ocr_carea' id='block_1_26' title="bbox 440 2422 2028 2493">
    <p class='ocr_par' dir='ltr' id='par_1_26' title="bbox 440 2422 2028 2493">
     <span class='ocr_line' id='line_1_26' title="bbox 440 2422 2028 2493; baseline 0.001 -18"><span class='ocrx_word' id='word_1_161' title='bbox 440 2422 729 2482; x_wconf 72' lang='lat' dir='ltr'><strong>exsistere.</strong></span> <span class='ocrx_word' id='word_1_162' title='bbox 759 2423 856 2477; x_wconf 86' lang='lat' dir='ltr'><strong>sed</strong></span> <span class='ocrx_word' id='word_1_163' title='bbox 888 2431 1103 2477; x_wconf 91' lang='lat' dir='ltr'><strong>tantum</strong></span> <span class='ocrx_word' id='word_1_164' title='bbox 1132 2423 1228 2479; x_wconf 87' lang='lat' dir='ltr'><strong>tali</strong></span> <span class='ocrx_word' id='word_1_165' title='bbox 1274 2424 1439 2479; x_wconf 91' lang='lat' dir='ltr'><strong>modo</strong></span> <span class='ocrx_word' id='word_1_166' title='bbox 1484 2423 1540 2478; x_wconf 90' lang='lat' dir='ltr'><strong>in</strong></span> <span class='ocrx_word' id='word_1_167' title='bbox 1583 2432 1834 2493; x_wconf 89' lang='lat' dir='ltr'><strong>tempore</strong></span> <span class='ocrx_word' id='word_1_168' title='bbox 1878 2424 2028 2479; x_wconf 79' lang='lat' dir='ltr'><strong>exsi-</strong></span> 
     </span>
    </p>
   </div>
   <div class='ocr_carea' id='block_1_27' title="bbox 442 2514 2029 2586">
    <p class='ocr_par' dir='ltr' id='par_1_27' title="bbox 442 2514 2029 2586">
     <span class='ocr_line' id='line_1_27' title="bbox 442 2514 2029 2586; baseline 0.004 -19"><span class='ocrx_word' id='word_1_169' title='bbox 442 2524 587 2567; x_wconf 83' lang='lat' dir='ltr'><strong>stere</strong></span> <span class='ocrx_word' id='word_1_170' title='bbox 618 2514 891 2569; x_wconf 79' lang='lat' dir='ltr'><strong>admittit!</strong></span> <span class='ocrx_word' id='word_1_171' title='bbox 928 2515 1055 2569; x_wconf 69' lang='lat' dir='ltr'><strong>Haec</strong></span> <span class='ocrx_word' id='word_1_172' title='bbox 1083 2516 1233 2570; x_wconf 91' lang='lat' dir='ltr'><strong>enim</strong></span> <span class='ocrx_word' id='word_1_173' title='bbox 1273 2523 1457 2571; x_wconf 88' lang='lat' dir='ltr'><strong>vestra</strong></span> <span class='ocrx_word' id='word_1_174' title='bbox 1496 2516 1833 2586; x_wconf 88' lang='lat' dir='ltr'><strong>loquacitate</strong></span> <span class='ocrx_word' id='word_1_175' title='bbox 1868 2516 2029 2573; x_wconf 90' lang='lat' dir='ltr'><strong>nobis</strong></span> 
     </span>
    </p>
   </div>
   <div class='ocr_carea' id='block_1_28' title="bbox 440 2604 2025 2677">
    <p class='ocr_par' dir='ltr' id='par_1_28' title="bbox 440 2604 2025 2677">
     <span class='ocr_line' id='line_1_28' title="bbox 440 2604 2025 2677; baseline 0.004 -20"><span class='ocrx_word' id='word_1_176' title='bbox 440 2604 771 2659; x_wconf 79' lang='lat' dir='ltr'><strong>cffutientes</strong></span> <span class='ocrx_word' id='word_1_177' title='bbox 802 2605 939 2660; x_wconf 87' lang='lat' dir='ltr'><strong>nihil</strong></span> <span class='ocrx_word' id='word_1_178' title='bbox 974 2606 1150 2677; x_wconf 80' lang='lat' dir='ltr'><strong>agetis</strong></span> <span class='ocrx_word' id='word_1_179' title='bbox 1176 2623 1191 2673; x_wconf 89' lang='lat'><strong>;</strong></span> <span class='ocrx_word' id='word_1_180' title='bbox 1218 2621 1323 2661; x_wconf 91' lang='lat' dir='ltr'><strong>nec</strong></span> <span class='ocrx_word' id='word_1_181' title='bbox 1358 2622 1491 2662; x_wconf 88' lang='lat' dir='ltr'><strong>sana</strong></span> <span class='ocrx_word' id='word_1_182' title='bbox 1522 2614 1708 2662; x_wconf 86' lang='lat' dir='ltr'><strong>mente</strong></span> <span class='ocrx_word' id='word_1_183' title='bbox 1732 2608 2025 2664; x_wconf 88' lang='lat' dir='ltr'><strong>ducimini.</strong></span> 
     </span>
    </p>
   </div>
   <div class='ocr_carea' id='block_1_29' title="bbox 1046 2740 1436 2797">
    <p class='ocr_par' dir='ltr' id='par_1_29' title="bbox 1046 2740 1436 2797">
     <span class='ocr_line' id='line_1_29' title="bbox 1046 2740 1436 2797; baseline 0 0"><span class='ocrx_word' id='word_1_184' title='bbox 1046 2740 1197 2797; x_wconf 87' lang='lat' dir='ltr'><strong>CAP.</strong></span> <span class='ocrx_word' id='word_1_185' title='bbox 1242 2740 1436 2797; x_wconf 80' lang='lat' dir='ltr'><strong>XXIII.</strong></span> 
     </span>
    </p>
   </div>
   <div class='ocr_carea' id='block_1_30' title="bbox 511 2872 2027 2947">
    <p class='ocr_par' dir='ltr' id='par_1_30' title="bbox 511 2872 2027 2947">
     <span class='ocr_line' id='line_1_30' title="bbox 511 2872 2027 2947; baseline 0.002 -19"><span class='ocrx_word' id='word_1_186' title='bbox 511 2872 568 2929; x_wconf 90' lang='lat' dir='ltr'><strong>Si</strong></span> <span class='ocrx_word' id='word_1_187' title='bbox 610 2872 707 2928; x_wconf 85' lang='lat' dir='ltr'><strong>ubi</strong></span> <span class='ocrx_word' id='word_1_188' title='bbox 756 2872 902 2929; x_wconf 85' lang='lat' dir='ltr'><strong>Deus</strong></span> <span class='ocrx_word' id='word_1_189' title='bbox 936 2874 1203 2939; x_wconf 82' lang='lat' dir='ltr'><strong>Verbum,</strong></span> <span class='ocrx_word' id='word_1_190' title='bbox 1229 2876 1304 2931; x_wconf 92' lang='lat' dir='ltr'><strong>ibi</strong></span> <span class='ocrx_word' id='word_1_191' title='bbox 1340 2878 1503 2932; x_wconf 87' lang='lat' dir='ltr'><strong>Pater</strong></span> <span class='ocrx_word' id='word_1_192' title='bbox 1527 2886 1584 2932; x_wconf 89' lang='lat' dir='ltr'><strong>et</strong></span> <span class='ocrx_word' id='word_1_193' title='bbox 1614 2876 1853 2947; x_wconf 89' lang='lat' dir='ltr'><strong>Spiritus</strong></span> <span class='ocrx_word' id='word_1_194' title='bbox 1897 2895 2027 2934; x_wconf 87' lang='lat' dir='ltr'><strong>san-</strong></span> 
     </span>
    </p>
   </div>
   <div class='ocr_carea' id='block_1_31' title="bbox 442 2966 2029 3035">
    <p class='ocr_par' dir='ltr' id='par_1_31' title="bbox 442 2966 2029 3035">
     <span class='ocr_line' id='line_1_31' title="bbox 442 2966 2029 3035; baseline 0.004 -16"><span class='ocrx_word' id='word_1_195' title='bbox 442 2974 588 3031; x_wconf 79' lang='lat' dir='ltr'><strong>ctus,</strong></span> <span class='ocrx_word' id='word_1_196' title='bbox 640 2974 870 3035; x_wconf 90' lang='lat' dir='ltr'><strong>propter</strong></span> <span class='ocrx_word' id='word_1_197' title='bbox 909 2966 1234 3023; x_wconf 62' lang='lat' dir='ltr'><strong>substantia</strong></span> <span class='ocrx_word' id='word_1_198' title='bbox 1268 2968 1717 3025; x_wconf 84' lang='lat' dir='ltr'><strong>individuilatem</strong></span> <span class='ocrx_word' id='word_1_199' title='bbox 1756 2974 1898 3024; x_wconf 85' lang='lat' dir='ltr'><strong>(erat</strong></span> <span class='ocrx_word' id='word_1_200' title='bbox 1928 2986 2029 3025; x_wconf 84' lang='lat' dir='ltr'><strong>au-</strong></span> 
     </span>
    </p>
   </div>
   <div class='ocr_carea' id='block_1_32' title="bbox 446 3057 2026 3130">
    <p class='ocr_par' dir='ltr' id='par_1_32' title="bbox 446 3057 2026 3130">
     <span class='ocr_line' id='line_1_32' title="bbox 446 3057 2026 3130; baseline 0.005 -20"><span class='ocrx_word' id='word_1_201' title='bbox 446 3066 555 3112; x_wconf 87' lang='lat' dir='ltr'><strong>tem</strong></span> <span class='ocrx_word' id='word_1_202' title='bbox 602 3057 655 3111; x_wconf 91' lang='lat' dir='ltr'><strong>in</strong></span> <span class='ocrx_word' id='word_1_203' title='bbox 702 3065 896 3110; x_wconf 90' lang='lat' dir='ltr'><strong>ventre</strong></span> <span class='ocrx_word' id='word_1_204' title='bbox 947 3057 1208 3130; x_wconf 82' lang='lat' dir='ltr'><strong>Virginis,</strong></span> <span class='ocrx_word' id='word_1_205' title='bbox 1242 3060 1399 3130; x_wconf 79' lang='lat' dir='ltr'><strong>juxta</strong></span> <span class='ocrx_word' id='word_1_206' title='bbox 1435 3075 1558 3126; x_wconf 88' lang='lat' dir='ltr'><strong>vos,</strong></span> <span class='ocrx_word' id='word_1_207' title='bbox 1594 3063 1741 3117; x_wconf 88' lang='lat' dir='ltr'><strong>Deus</strong></span> <span class='ocrx_word' id='word_1_208' title='bbox 1782 3062 2026 3118; x_wconf 79' lang='lat' dir='ltr'><strong>Verbum</strong></span> 
     </span>
    </p>
   </div>
   <div class='ocr_carea' id='block_1_33' title="bbox 2129 577 3718 651">
    <p class='ocr_par' dir='ltr' id='par_1_33' title="bbox 2129 577 3718 651">
     <span class='ocr_line' id='line_1_33' title="bbox 2129 577 3718 651; baseline -0.001 -21"><span class='ocrx_word' id='word_1_209' title='bbox 2129 580 2433 645; x_wconf 77' lang='grc' dir='ltr'><strong>τελείωσιν,</strong></span> <span class='ocrx_word' id='word_1_210' title='bbox 2489 578 2626 632; x_wconf 84' lang='grc' dir='ltr'><strong>ἀλλά</strong></span> <span class='ocrx_word' id='word_1_211' title='bbox 2673 578 2736 632; x_wconf 82' lang='grc' dir='ltr'><strong>τδ</strong></span> <span class='ocrx_word' id='word_1_212' title='bbox 2782 580 2993 651; x_wconf 80' lang='grc' dir='ltr'><strong>ταύτης</strong></span> <span class='ocrx_word' id='word_1_213' title='bbox 3044 579 3277 649; x_wconf 79' lang='grc' dir='ltr'>φυσικὸν</span> <span class='ocrx_word' id='word_1_214' title='bbox 3323 579 3557 649; x_wconf 71' lang='grc' dir='ltr'>ὄργανον</span> <span class='ocrx_word' id='word_1_215' title='bbox 3618 577 3718 629; x_wconf 72' lang='grc' dir='ltr'>καὶ</span> 
     </span>
    </p>
   </div>
   <div class='ocr_carea' id='block_1_34' title="bbox 2126 669 3716 744">
    <p class='ocr_par' dir='ltr' id='par_1_34' title="bbox 2126 669 3716 744">
     <span class='ocr_line' id='line_1_34' title="bbox 2126 669 3716 744; baseline -0.003 -20"><span class='ocrx_word' id='word_1_216' title='bbox 2126 672 2448 743; x_wconf 84' lang='grc' dir='ltr'><strong>οἰκητήριον</strong></span> <span class='ocrx_word' id='word_1_217' title='bbox 2478 670 2760 736; x_wconf 77' lang='grc' dir='ltr'><strong>οὐσιῶδες.</strong></span> <span class='ocrx_word' id='word_1_218' title='bbox 2819 672 2983 727; x_wconf 86' lang='grc' dir='ltr'>Ὅθεν</span> <span class='ocrx_word' id='word_1_219' title='bbox 3038 673 3132 727; x_wconf 75' lang='grc' dir='ltr'>καὶ</span> <span class='ocrx_word' id='word_1_220' title='bbox 3168 670 3305 744; x_wconf 89' lang='grc' dir='ltr'><strong>μετά</strong></span> <span class='ocrx_word' id='word_1_221' title='bbox 3341 670 3441 742; x_wconf 74' lang='grc' dir='ltr'>τὴν</span> <span class='ocrx_word' id='word_1_222' title='bbox 3481 669 3716 738; x_wconf 83' lang='grc' dir='ltr'>νεότητα</span> 
     </span>
    </p>
   </div>
   <div class='ocr_carea' id='block_1_35' title="bbox 2126 761 3719 835">
    <p class='ocr_par' dir='ltr' id='par_1_35' title="bbox 2126 761 3719 835">
     <span class='ocr_line' id='line_1_35' title="bbox 2126 761 3719 835; baseline -0.003 -17"><span class='ocrx_word' id='word_1_223' title='bbox 2126 764 2224 818; x_wconf 91' lang='grc' dir='ltr'><strong>τοῦ</strong></span> <span class='ocrx_word' id='word_1_224' title='bbox 2278 763 2440 828; x_wconf 80' lang='grc' dir='ltr'>ζώου,</span> <span class='ocrx_word' id='word_1_225' title='bbox 2481 764 2577 817; x_wconf 76' lang='grc' dir='ltr'>καὶ</span> <span class='ocrx_word' id='word_1_226' title='bbox 2611 764 3011 828; x_wconf 79' lang='grc' dir='ltr'><strong>πλεονάσαντος</strong></span> <span class='ocrx_word' id='word_1_227' title='bbox 3070 764 3167 819; x_wconf 90' lang='grc' dir='ltr'><strong>τοῦ</strong></span> <span class='ocrx_word' id='word_1_228' title='bbox 3206 763 3435 835; x_wconf 76' lang='grc' dir='ltr'><strong>χρόνου⁸</strong></span> <span class='ocrx_word' id='word_1_229' title='bbox 3482 762 3606 816; x_wconf 78' lang='grc' dir='ltr'>ἐπεὶ</span> <span class='ocrx_word' id='word_1_230' title='bbox 3650 761 3719 814; x_wconf 77' lang='grc' dir='ltr'>τὸ</span> 
     </span>
    </p>
   </div>
   <div class='ocr_carea' id='block_1_36' title="bbox 2128 853 3716 929">
    <p class='ocr_par' dir='ltr' id='par_1_36' title="bbox 2128 853 3716 929">
     <span class='ocr_line' id='line_1_36' title="bbox 2128 853 3716 929; baseline -0.004 -18"><span class='ocrx_word' id='word_1_231' title='bbox 2128 858 2366 927; x_wconf 83' lang='grc' dir='ltr'>δργανον</span> <span class='ocrx_word' id='word_1_232' title='bbox 2433 858 2945 929; x_wconf 87' lang='grc' dir='ltr'>ἀνεπιτηδειότερον</span> <span class='ocrx_word' id='word_1_233' title='bbox 3013 858 3179 912; x_wconf 80' lang='grc' dir='ltr'>πάλιν</span> <span class='ocrx_word' id='word_1_234' title='bbox 3200 856 3339 926; x_wconf 75' lang='grc' dir='ltr'>αὐτῇ</span> <span class='ocrx_word' id='word_1_235' title='bbox 3385 853 3716 908; x_wconf 77' lang='grc' dir='ltr'><strong>καθίσταται</strong></span> 
     </span>
    </p>
   </div>
   <div class='ocr_carea' id='block_1_37' title="bbox 2127 942 3718 1021">
    <p class='ocr_par' dir='ltr' id='par_1_37' title="bbox 2127 942 3718 1021">
     <span class='ocr_line' id='line_1_37' title="bbox 2127 942 3718 1021; baseline -0.004 -20"><span class='ocrx_word' id='word_1_236' title='bbox 2127 950 2268 1021; x_wconf 75' lang='grc' dir='ltr'>πρὸς</span> <span class='ocrx_word' id='word_1_237' title='bbox 2300 949 2400 1019; x_wconf 81' lang='grc' dir='ltr'><strong>τὴν</strong></span> <span class='ocrx_word' id='word_1_238' title='bbox 2430 948 2735 1015; x_wconf 80' lang='grc' dir='ltr'><strong>ὑπουργίαν</strong></span> <span class='ocrx_word' id='word_1_239' title='bbox 2762 948 2853 1019; x_wconf 86' lang='grc' dir='ltr'>(τά</span> <span class='ocrx_word' id='word_1_240' title='bbox 2886 949 2996 1019; x_wconf 79' lang='grc' dir='ltr'>γὰρ</span> <span class='ocrx_word' id='word_1_241' title='bbox 3048 946 3227 1020; x_wconf 81' lang='grc' dir='ltr'>χρόνῳ</span> <span class='ocrx_word' id='word_1_242' title='bbox 3263 947 3589 1017; x_wconf 79' lang='grc' dir='ltr'>ἀκμάσαντα</span> <span class='ocrx_word' id='word_1_243' title='bbox 3618 942 3718 996; x_wconf 76' lang='grc' dir='ltr'>καὶ</span> 
     </span>
    </p>
   </div>
   <div class='ocr_carea' id='block_1_38' title="bbox 2126 1035 3718 1111">
    <p class='ocr_par' dir='ltr' id='par_1_38' title="bbox 2126 1035 3718 1111">
     <span class='ocr_line' id='line_1_38' title="bbox 2126 1035 3718 1111; baseline -0.004 -19"><span class='ocrx_word' id='word_1_244' title='bbox 2126 1040 2307 1111; x_wconf 89' lang='grc' dir='ltr'>χρόνῳ</span> <span class='ocrx_word' id='word_1_245' title='bbox 2352 1040 2761 1111; x_wconf 75' lang='grc' dir='ltr'>παρακμάζει)’</span> <span class='ocrx_word' id='word_1_246' title='bbox 2808 1040 3123 1094; x_wconf 86' lang='grc' dir='ltr'>τούναντίον</span> <span class='ocrx_word' id='word_1_247' title='bbox 3176 1039 3212 1109; x_wconf 71' lang='grc' dir='ltr'><strong>ἡ</strong></span> <span class='ocrx_word' id='word_1_248' title='bbox 3261 1055 3395 1108; x_wconf 81' lang='grc' dir='ltr'>φατε</span> <span class='ocrx_word' id='word_1_249' title='bbox 3428 1037 3487 1090; x_wconf 79' lang='grc' dir='ltr'><strong>ἑν</strong></span> <span class='ocrx_word' id='word_1_250' title='bbox 3536 1035 3718 1107; x_wconf 80' lang='grc' dir='ltr'><strong>χρόνῳ</strong></span> 
     </span>
    </p>
   </div>
   <div class='ocr_carea' id='block_1_39' title="bbox 2130 1129 3714 1203">
    <p class='ocr_par' dir='ltr' id='par_1_39' title="bbox 2130 1129 3714 1203">
     <span class='ocr_line' id='line_1_39' title="bbox 2130 1129 3714 1203; baseline -0.004 -18"><span class='ocrx_word' id='word_1_251' title='bbox 2130 1132 2321 1201; x_wconf 86' lang='grc' dir='ltr'>ὑφίησι</span> <span class='ocrx_word' id='word_1_252' title='bbox 2344 1132 2511 1187; x_wconf 86' lang='grc' dir='ltr'>πάλιν</span> <span class='ocrx_word' id='word_1_253' title='bbox 2538 1132 2644 1186; x_wconf 84' lang='grc' dir='ltr'><strong>τῶν</strong></span> <span class='ocrx_word' id='word_1_254' title='bbox 2677 1132 2877 1203; x_wconf 78' lang='grc' dir='ltr'>ἑαυτῆς</span> <span class='ocrx_word' id='word_1_255' title='bbox 2902 1131 3193 1203; x_wconf 77' lang='grc' dir='ltr'><strong>ἐνεργειῶν</strong></span> <span class='ocrx_word' id='word_1_256' title='bbox 3224 1131 3319 1184; x_wconf 76' lang='grc' dir='ltr'>καὶ</span> <span class='ocrx_word' id='word_1_257' title='bbox 3347 1129 3675 1184; x_wconf 73' lang='grc' dir='ltr'>τελειώσεων</span> <span class='ocrx_word' id='word_1_258' title='bbox 3695 1142 3714 1159; x_wconf 90' lang='grc'><strong>·</strong></span> 
     </span>
    </p>
   </div>
   <div class='ocr_carea' id='block_1_40' title="bbox 2132 1218 3717 1296">
    <p class='ocr_par' dir='ltr' id='par_1_40' title="bbox 2132 1218 3717 1296">
     <span class='ocr_line' id='line_1_40' title="bbox 2132 1218 3717 1296; baseline -0.004 -18"><span class='ocrx_word' id='word_1_259' title='bbox 2132 1223 2269 1295; x_wconf 80' lang='grc' dir='ltr'>μηδὲ</span> <span class='ocrx_word' id='word_1_260' title='bbox 2301 1224 2488 1296; x_wconf 75' lang='grc' dir='ltr'>ὁρῶσα</span> <span class='ocrx_word' id='word_1_261' title='bbox 2516 1224 2832 1295; x_wconf 81' lang='grc' dir='ltr'>ώσαύτωςῆ</span> <span class='ocrx_word' id='word_1_262' title='bbox 2866 1224 3162 1286; x_wconf 81' lang='grc' dir='ltr'>ἀκούουσα,</span> <span class='ocrx_word' id='word_1_263' title='bbox 3223 1223 3281 1276; x_wconf 83' lang='grc' dir='ltr'><strong>ὲν</strong></span> <span class='ocrx_word' id='word_1_264' title='bbox 3328 1218 3717 1290; x_wconf 78' lang='grc' dir='ltr'>ὲκατονταετίᾳ</span> 
     </span>
    </p>
   </div>
   <div class='ocr_carea' id='block_1_41' title="bbox 2129 1311 3716 1387">
    <p class='ocr_par' dir='ltr' id='par_1_41' title="bbox 2129 1311 3716 1387">
     <span class='ocr_line' id='line_1_41' title="bbox 2129 1311 3716 1387; baseline -0.004 -17"><span class='ocrx_word' id='word_1_265' title='bbox 2129 1315 2314 1386; x_wconf 82' lang='grc' dir='ltr'>τυχὸν,</span> <span class='ocrx_word' id='word_1_266' title='bbox 2347 1316 2422 1379; x_wconf 83' lang='grc' dir='ltr'>ὡς</span> <span class='ocrx_word' id='word_1_267' title='bbox 2442 1316 2582 1386; x_wconf 81' lang='grc' dir='ltr'>ὲντῇ</span> <span class='ocrx_word' id='word_1_268' title='bbox 2614 1315 3066 1387; x_wconf 81' lang='grc' dir='ltr'>τριακονταετίᾳ·</span> <span class='ocrx_word' id='word_1_269' title='bbox 3098 1314 3193 1367; x_wconf 76' lang='grc' dir='ltr'>καὶ</span> <span class='ocrx_word' id='word_1_270' title='bbox 3222 1312 3462 1367; x_wconf 88' lang='grc' dir='ltr'>δείκνυσι</span> <span class='ocrx_word' id='word_1_271' title='bbox 3500 1311 3716 1379; x_wconf 82' lang='grc' dir='ltr'>σαφῶς,</span> 
     </span>
    </p>
   </div>
   <div class='ocr_carea' id='block_1_42' title="bbox 2132 1394 3717 1477">
    <p class='ocr_par' dir='ltr' id='par_1_42' title="bbox 2132 1394 3717 1477">
     <span class='ocr_line' id='line_1_42' title="bbox 2132 1394 3717 1477; baseline -0.007 -17"><span class='ocrx_word' id='word_1_272' title='bbox 2132 1407 2204 1470; x_wconf 74' lang='grc' dir='ltr'>ὡς</span> <span class='ocrx_word' id='word_1_273' title='bbox 2239 1406 2339 1477; x_wconf 79' lang='grc' dir='ltr'><strong>οὐχ</strong></span> <span class='ocrx_word' id='word_1_274' title='bbox 2393 1405 2619 1476; x_wconf 77' lang='grc' dir='ltr'>ἑαυτῆς,</span> <span class='ocrx_word' id='word_1_275' title='bbox 2677 1404 2816 1459; x_wconf 86' lang='grc' dir='ltr'>ἀλλὰ</span> <span class='ocrx_word' id='word_1_276' title='bbox 2844 1403 2941 1457; x_wconf 86' lang='grc' dir='ltr'><strong>τοῦ</strong></span> <span class='ocrx_word' id='word_1_277' title='bbox 2972 1403 3211 1476; x_wconf 82' lang='grc' dir='ltr'><strong>ὀργάνου</strong></span> <span class='ocrx_word' id='word_1_278' title='bbox 3231 1394 3300 1473; x_wconf 77' lang='grc' dir='ltr'><strong>ἦν</strong></span> <span class='ocrx_word' id='word_1_279' title='bbox 3328 1400 3391 1454; x_wconf 80' lang='grc' dir='ltr'>τὸ</span> <span class='ocrx_word' id='word_1_280' title='bbox 3446 1398 3553 1454; x_wconf 80' lang='grc' dir='ltr'>ἀπὸ</span> <span class='ocrx_word' id='word_1_281' title='bbox 3614 1395 3717 1450; x_wconf 86' lang='grc' dir='ltr'><strong>τοῦ</strong></span> 
     </span>
    </p>
   </div>
   <div class='ocr_carea' id='block_1_43' title="bbox 2131 1490 3714 1568">
    <p class='ocr_par' dir='ltr' id='par_1_43' title="bbox 2131 1490 3714 1568">
     <span class='ocr_line' id='line_1_43' title="bbox 2131 1490 3714 1568; baseline -0.006 -17"><span class='ocrx_word' id='word_1_282' title='bbox 2131 1497 2327 1568; x_wconf 82' lang='grc' dir='ltr'>χρόνου</span> <span class='ocrx_word' id='word_1_283' title='bbox 2371 1498 2643 1568; x_wconf 84' lang='grc' dir='ltr'>χρήσιμον</span> <span class='ocrx_word' id='word_1_284' title='bbox 2704 1496 2801 1550; x_wconf 79' lang='grc' dir='ltr'>καὶ</span> <span class='ocrx_word' id='word_1_285' title='bbox 2840 1496 3156 1567; x_wconf 84' lang='grc' dir='ltr'>ἀχρήσιμον</span> <span class='ocrx_word' id='word_1_286' title='bbox 3208 1492 3351 1563; x_wconf 78' lang='grc' dir='ltr'>πρὸς</span> <span class='ocrx_word' id='word_1_287' title='bbox 3395 1490 3714 1544; x_wconf 79' lang='grc' dir='ltr'><strong>τελείωσιν·</strong></span> 
     </span>
    </p>
   </div>
   <div class='ocr_carea' id='block_1_44' title="bbox 2130 1578 3721 1658">
    <p class='ocr_par' dir='ltr' id='par_1_44' title="bbox 2130 1578 3721 1658">
     <span class='ocr_line' id='line_1_44' title="bbox 2130 1578 3721 1658; baseline -0.006 -16"><span class='ocrx_word' id='word_1_288' title='bbox 2130 1590 2317 1643; x_wconf 86' lang='grc' dir='ltr'>λοιπὸν</span> <span class='ocrx_word' id='word_1_289' title='bbox 2354 1588 2413 1642; x_wconf 80' lang='grc' dir='ltr'>δὲ</span> <span class='ocrx_word' id='word_1_290' title='bbox 2442 1589 2536 1642; x_wconf 75' lang='grc' dir='ltr'>καὶ</span> <span class='ocrx_word' id='word_1_291' title='bbox 2566 1588 2763 1657; x_wconf 81' lang='grc' dir='ltr'>αὐτῆς,</span> <span class='ocrx_word' id='word_1_292' title='bbox 2802 1586 2892 1641; x_wconf 85' lang='grc' dir='ltr'>διὰ</span> <span class='ocrx_word' id='word_1_293' title='bbox 2924 1587 3092 1658; x_wconf 83' lang='grc' dir='ltr'>μέσου</span> <span class='ocrx_word' id='word_1_294' title='bbox 3124 1585 3308 1657; x_wconf 72' lang='grc' dir='ltr'>μέντοι</span> <span class='ocrx_word' id='word_1_295' title='bbox 3347 1582 3565 1636; x_wconf 83' lang='grc' dir='ltr'>τοῦτου.</span> <span class='ocrx_word' id='word_1_296' title='bbox 3587 1578 3721 1642; x_wconf 84' lang='grc' dir='ltr'>Πῶς</span> 
     </span>
    </p>
   </div>
   <div class='ocr_carea' id='block_1_45' title="bbox 2131 1670 3719 1749">
    <p class='ocr_par' dir='ltr' id='par_1_45' title="bbox 2131 1670 3719 1749">
     <span class='ocr_line' id='line_1_45' title="bbox 2131 1670 3719 1749; baseline -0.005 -18"><span class='ocrx_word' id='word_1_297' title='bbox 2131 1678 2226 1732; x_wconf 85' lang='grc' dir='ltr'>οῦν</span> <span class='ocrx_word' id='word_1_298' title='bbox 2256 1678 2418 1749; x_wconf 80' lang='grc' dir='ltr'><strong>ὑμεῖς</strong></span> <span class='ocrx_word' id='word_1_299' title='bbox 2449 1679 2561 1731; x_wconf 79' lang='grc' dir='ltr'><strong>πᾶν</strong></span> <span class='ocrx_word' id='word_1_300' title='bbox 2589 1678 2651 1733; x_wconf 83' lang='grc' dir='ltr'>τὸ</span> <span class='ocrx_word' id='word_1_301' title='bbox 2677 1680 2736 1731; x_wconf 76' lang='grc' dir='ltr'><strong>ὲν</strong></span> <span class='ocrx_word' id='word_1_302' title='bbox 2769 1677 2948 1749; x_wconf 85' lang='grc' dir='ltr'>χρόνῳ</span> <span class='ocrx_word' id='word_1_303' title='bbox 2994 1676 3336 1747; x_wconf 80' lang='grc' dir='ltr'><strong>τικτόμενον,</strong></span> <span class='ocrx_word' id='word_1_304' title='bbox 3370 1673 3563 1745; x_wconf 89' lang='grc' dir='ltr'>χρόνου</span> <span class='ocrx_word' id='word_1_305' title='bbox 3603 1670 3719 1724; x_wconf 75' lang='grc' dir='ltr'><strong>δεῖ⁶</strong></span> 
     </span>
    </p>
   </div>
   <div class='ocr_carea' id='block_1_46' title="bbox 2134 1764 3723 1842">
    <p class='ocr_par' dir='ltr' id='par_1_46' title="bbox 2134 1764 3723 1842">
     <span class='ocr_line' id='line_1_46' title="bbox 2134 1764 3723 1842; baseline -0.006 -18"><span class='ocrx_word' id='word_1_306' title='bbox 2134 1770 2260 1824; x_wconf 85' lang='grc' dir='ltr'>σθαι</span> <span class='ocrx_word' id='word_1_307' title='bbox 2291 1772 2429 1842; x_wconf 72' lang='grc' dir='ltr'>πρὸς</span> <span class='ocrx_word' id='word_1_308' title='bbox 2471 1771 2753 1825; x_wconf 75' lang='grc' dir='ltr'>τελείωσιν</span> <span class='ocrx_word' id='word_1_309' title='bbox 2808 1768 3039 1835; x_wconf 81' lang='grc' dir='ltr'>οἰκείαν,</span> <span class='ocrx_word' id='word_1_310' title='bbox 3081 1766 3257 1831; x_wconf 72' lang='grc' dir='ltr'>οὕτως</span> <span class='ocrx_word' id='word_1_311' title='bbox 3293 1764 3723 1836; x_wconf 76' lang='grc' dir='ltr'>ἀπερισκέπτως</span> 
     </span>
    </p>
   </div>
   <div class='ocr_carea' id='block_1_47' title="bbox 2134 1854 3726 1934">
    <p class='ocr_par' dir='ltr' id='par_1_47' title="bbox 2134 1854 3726 1934">
     <span class='ocr_line' id='line_1_47' title="bbox 2134 1854 3726 1934; baseline -0.006 -17"><span class='ocrx_word' id='word_1_312' title='bbox 2134 1864 2309 1933; x_wconf 83' lang='grc' dir='ltr'>φατέ;</span> <span class='ocrx_word' id='word_1_313' title='bbox 2340 1864 2437 1917; x_wconf 79' lang='grc' dir='ltr'>καὶ</span> <span class='ocrx_word' id='word_1_314' title='bbox 2459 1863 2557 1934; x_wconf 81' lang='grc' dir='ltr'><strong>οὐχ</strong></span> <span class='ocrx_word' id='word_1_315' title='bbox 2589 1863 2674 1917; x_wconf 84' lang='grc' dir='ltr'>ὅτι</span> <span class='ocrx_word' id='word_1_316' title='bbox 2706 1861 2969 1924; x_wconf 78' lang='grc' dir='ltr'>πολλάκις</span> <span class='ocrx_word' id='word_1_317' title='bbox 2994 1860 3097 1915; x_wconf 82' lang='grc' dir='ltr'><strong>οὐκ</strong></span> <span class='ocrx_word' id='word_1_318' title='bbox 3124 1858 3259 1914; x_wconf 78' lang='grc' dir='ltr'>αὐτὸ</span> <span class='ocrx_word' id='word_1_319' title='bbox 3297 1855 3552 1928; x_wconf 83' lang='grc' dir='ltr'>πρώτως,</span> <span class='ocrx_word' id='word_1_320' title='bbox 3582 1854 3726 1908; x_wconf 80' lang='grc' dir='ltr'><strong>ἀλλά</strong></span> 
     </span>
    </p>
   </div>
   <div class='ocr_carea' id='block_1_48' title="bbox 2131 1945 3721 2022">
    <p class='ocr_par' dir='ltr' id='par_1_48' title="bbox 2131 1945 3721 2022">
     <span class='ocr_line' id='line_1_48' title="bbox 2131 1945 3721 2022; baseline -0.007 -15"><span class='ocrx_word' id='word_1_321' title='bbox 2131 1971 2187 2007; x_wconf 86' lang='grc' dir='ltr'><strong>τι</strong></span> <span class='ocrx_word' id='word_1_322' title='bbox 2222 1951 2334 2007; x_wconf 84' lang='grc' dir='ltr'>τῶν</span> <span class='ocrx_word' id='word_1_323' title='bbox 2353 1952 2747 2007; x_wconf 82' lang='grc' dir='ltr'>οἰκειωθέντων</span> <span class='ocrx_word' id='word_1_324' title='bbox 2774 1951 2924 2022; x_wconf 83' lang='grc' dir='ltr'><strong>αὐτῷ</strong></span> <span class='ocrx_word' id='word_1_325' title='bbox 2942 1948 3021 2021; x_wconf 85' lang='grc' dir='ltr'><strong>τῷ</strong></span> <span class='ocrx_word' id='word_1_326' title='bbox 3068 1949 3345 2019; x_wconf 72' lang='grc' dir='ltr'>ὲγχρόνως</span> <span class='ocrx_word' id='word_1_327' title='bbox 3388 1945 3721 2016; x_wconf 84' lang='grc' dir='ltr'>τικτομένῳ,</span> 
     </span>
    </p>
   </div>
   <div class='ocr_carea' id='block_1_49' title="bbox 2132 2035 3724 2116">
    <p class='ocr_par' dir='ltr' id='par_1_49' title="bbox 2132 2035 3724 2116">
     <span class='ocr_line' id='line_1_49' title="bbox 2132 2035 3724 2116; baseline -0.007 -16"><span class='ocrx_word' id='word_1_328' title='bbox 2132 2046 2228 2100; x_wconf 53' lang='grc' dir='ltr'><strong>καὶ⁸</strong></span> <span class='ocrx_word' id='word_1_329' title='bbox 2266 2046 2407 2099; x_wconf 86' lang='grc' dir='ltr'>κατὰ</span> <span class='ocrx_word' id='word_1_330' title='bbox 2465 2044 2627 2116; x_wconf 80' lang='grc' dir='ltr'>φύσιν</span> <span class='ocrx_word' id='word_1_331' title='bbox 2653 2044 3104 2115; x_wconf 85' lang='grc' dir='ltr'>συνουσιωμένων</span> <span class='ocrx_word' id='word_1_332' title='bbox 3142 2040 3296 2095; x_wconf 81' lang='grc' dir='ltr'>τοῦδε</span> <span class='ocrx_word' id='word_1_333' title='bbox 3347 2040 3539 2101; x_wconf 82' lang='grc' dir='ltr'>δεῖται,</span> <span class='ocrx_word' id='word_1_334' title='bbox 3582 2035 3724 2090; x_wconf 85' lang='grc' dir='ltr'>καθ-</span> 
     </span>
    </p>
   </div>
   <div class='ocr_carea' id='block_1_50' title="bbox 2134 2130 3724 2210">
    <p class='ocr_par' dir='ltr' id='par_1_50' title="bbox 2134 2130 3724 2210">
     <span class='ocr_line' id='line_1_50' title="bbox 2134 2130 3724 2210; baseline -0.005 -17"><span class='ocrx_word' id='word_1_335' title='bbox 2134 2141 2299 2210; x_wconf 79' lang='grc' dir='ltr'>ορᾶτε</span> <span class='ocrx_word' id='word_1_336' title='bbox 2325 2155 2339 2205; x_wconf 90' lang='lat'><strong>;</strong></span> <span class='ocrx_word' id='word_1_337' title='bbox 2370 2139 2433 2192; x_wconf 89' lang='grc' dir='ltr'>Εί</span> <span class='ocrx_word' id='word_1_338' title='bbox 2462 2139 2573 2209; x_wconf 85' lang='grc' dir='ltr'>γὰρ</span> <span class='ocrx_word' id='word_1_339' title='bbox 2603 2136 2740 2208; x_wconf 74' lang='grc' dir='ltr'>μηδὲ</span> <span class='ocrx_word' id='word_1_340' title='bbox 2772 2135 2922 2207; x_wconf 79' lang='grc' dir='ltr'>ψυχὴ</span> <span class='ocrx_word' id='word_1_341' title='bbox 2953 2135 3143 2189; x_wconf 81' lang='grc' dir='ltr'>τοῦτον</span> <span class='ocrx_word' id='word_1_342' title='bbox 3175 2134 3331 2205; x_wconf 82' lang='grc' dir='ltr'>ὑμῶν</span> <span class='ocrx_word' id='word_1_343' title='bbox 3360 2130 3724 2199; x_wconf 80' lang='grc' dir='ltr'>καταδέχεται</span> 
     </span>
    </p>
   </div>
   <div class='ocr_carea' id='block_1_51' title="bbox 2134 2222 3726 2300">
    <p class='ocr_par' dir='ltr' id='par_1_51' title="bbox 2134 2222 3726 2300">
     <span class='ocr_line' id='line_1_51' title="bbox 2134 2222 3726 2300; baseline -0.008 -15"><span class='ocrx_word' id='word_1_344' title='bbox 2134 2232 2224 2284; x_wconf 81' lang='grc' dir='ltr'><strong>τὸν</strong></span> <span class='ocrx_word' id='word_1_345' title='bbox 2252 2231 2430 2299; x_wconf 88' lang='grc' dir='ltr'>λόγον,</span> <span class='ocrx_word' id='word_1_346' title='bbox 2464 2230 2616 2300; x_wconf 83' lang='grc' dir='ltr'>πόσῳ</span> <span class='ocrx_word' id='word_1_347' title='bbox 2656 2246 2721 2298; x_wconf 86' lang='grc' dir='ltr'><strong>γε</strong></span> <span class='ocrx_word' id='word_1_348' title='bbox 2762 2228 2963 2299; x_wconf 81' lang='grc' dir='ltr'>μᾶλλον</span> <span class='ocrx_word' id='word_1_349' title='bbox 3010 2226 3166 2292; x_wconf 80' lang='grc' dir='ltr'>Θεὸς,</span> <span class='ocrx_word' id='word_1_350' title='bbox 3208 2225 3267 2290; x_wconf 84' lang='grc' dir='ltr'><strong>δς</strong></span> <span class='ocrx_word' id='word_1_351' title='bbox 3330 2224 3468 2296; x_wconf 80' lang='grc' dir='ltr'>μηδὲ</span> <span class='ocrx_word' id='word_1_352' title='bbox 3513 2222 3726 2293; x_wconf 70' lang='grc' dir='ltr'>ἦρξατο</span> 
     </span>
    </p>
   </div>
   <div class='ocr_carea' id='block_1_52' title="bbox 2133 2310 3724 2392">
    <p class='ocr_par' dir='ltr' id='par_1_52' title="bbox 2133 2310 3724 2392">
     <span class='ocr_line' id='line_1_52' title="bbox 2133 2310 3724 2392; baseline -0.009 -14"><span class='ocrx_word' id='word_1_353' title='bbox 2133 2323 2230 2377; x_wconf 89' lang='grc' dir='ltr'><strong>τοῦ</strong></span> <span class='ocrx_word' id='word_1_354' title='bbox 2279 2318 2442 2386; x_wconf 78' lang='grc' dir='ltr'>εἶναι,</span> <span class='ocrx_word' id='word_1_355' title='bbox 2497 2320 2635 2375; x_wconf 81' lang='grc' dir='ltr'>ἀλλὰ</span> <span class='ocrx_word' id='word_1_356' title='bbox 2679 2320 2841 2392; x_wconf 87' lang='grc' dir='ltr'>μόνον</span> <span class='ocrx_word' id='word_1_357' title='bbox 2881 2319 2945 2373; x_wconf 78' lang='grc' dir='ltr'>τὸ</span> <span class='ocrx_word' id='word_1_358' title='bbox 2984 2317 3212 2373; x_wconf 79' lang='grc' dir='ltr'>τοιῶσδε</span> <span class='ocrx_word' id='word_1_359' title='bbox 3258 2312 3397 2369; x_wconf 81' lang='grc' dir='ltr'>εῐναι</span> <span class='ocrx_word' id='word_1_360' title='bbox 3448 2310 3724 2384; x_wconf 82' lang='grc' dir='ltr'>χρονικῶς</span> 
     </span>
    </p>
   </div>
   <div class='ocr_carea' id='block_1_53' title="bbox 2134 2403 3723 2481">
    <p class='ocr_par' dir='ltr' id='par_1_53' title="bbox 2134 2403 3723 2481">
     <span class='ocr_line' id='line_1_53' title="bbox 2134 2403 3723 2481; baseline -0.008 -13"><span class='ocrx_word' id='word_1_361' title='bbox 2134 2412 2489 2477; x_wconf 78' lang='grc' dir='ltr'>κατεδέξατοί</span> <span class='ocrx_word' id='word_1_362' title='bbox 2516 2410 2691 2467; x_wconf 87' lang='grc' dir='ltr'>ταῦτα</span> <span class='ocrx_word' id='word_1_363' title='bbox 2719 2407 2813 2465; x_wconf 83' lang='grc' dir='ltr'>οὖν</span> <span class='ocrx_word' id='word_1_364' title='bbox 2840 2412 2899 2477; x_wconf 72' lang='grc' dir='ltr'><strong>ἐξ</strong></span> <span class='ocrx_word' id='word_1_365' title='bbox 2922 2407 3329 2481; x_wconf 81' lang='grc' dir='ltr'>ἀθυροστομίας</span> <span class='ocrx_word' id='word_1_366' title='bbox 3356 2407 3488 2477; x_wconf 77' lang='grc' dir='ltr'><strong>ἡμῖν</strong></span> <span class='ocrx_word' id='word_1_367' title='bbox 3518 2403 3723 2474; x_wconf 86' lang='grc' dir='ltr'>βαττο-</span> 
     </span>
    </p>
   </div>
   <div class='ocr_carea' id='block_1_54' title="bbox 2130 2491 3725 2573">
    <p class='ocr_par' dir='ltr' id='par_1_54' title="bbox 2130 2491 3725 2573">
     <span class='ocr_line' id='line_1_54' title="bbox 2130 2491 3725 2573; baseline -0.008 -16"><span class='ocrx_word' id='word_1_368' title='bbox 2130 2504 2440 2573; x_wconf 85' lang='grc' dir='ltr'>λογοῦντες,</span> <span class='ocrx_word' id='word_1_369' title='bbox 2466 2501 2913 2573; x_wconf 71' lang='grc' dir='ltr'>ἐπιτριϐήσεσθι,</span> <span class='ocrx_word' id='word_1_370' title='bbox 2930 2501 3027 2555; x_wconf 82' lang='grc' dir='ltr'>καὶ</span> <span class='ocrx_word' id='word_1_371' title='bbox 3053 2500 3154 2554; x_wconf 80' lang='grc' dir='ltr'><strong>οὐκ</strong></span> <span class='ocrx_word' id='word_1_372' title='bbox 3173 2497 3282 2551; x_wconf 77' lang='grc' dir='ltr'>ἀπὸ</span> <span class='ocrx_word' id='word_1_373' title='bbox 3299 2493 3575 2565; x_wconf 72' lang='grc' dir='ltr'><strong>νηφούσης</strong></span> <span class='ocrx_word' id='word_1_374' title='bbox 3600 2491 3725 2546; x_wconf 74' lang='grc' dir='ltr'>δια-</span> 
     </span>
    </p>
   </div>
   <div class='ocr_carea' id='block_1_55' title="bbox 2130 2594 2643 2661">
    <p class='ocr_par' dir='ltr' id='par_1_55' title="bbox 2130 2594 2643 2661">
     <span class='ocr_line' id='line_1_55' title="bbox 2130 2594 2643 2661; baseline -0.006 -9"><span class='ocrx_word' id='word_1_375' title='bbox 2130 2596 2279 2661; x_wconf 84' lang='grc' dir='ltr'>νοίας</span> <span class='ocrx_word' id='word_1_376' title='bbox 2300 2594 2643 2650; x_wconf 74' lang='grc' dir='ltr'>ὑποτίθεσθε.</span> 
     </span>
    </p>
   </div>
   <div class='ocr_carea' id='block_1_56' title="bbox 2708 2728 3143 2785">
    <p class='ocr_par' dir='ltr' id='par_1_56' title="bbox 2708 2728 3143 2785">
     <span class='ocr_line' id='line_1_56' title="bbox 2708 2728 3143 2785; baseline -0.009 0"><span class='ocrx_word' id='word_1_377' title='bbox 2708 2730 2963 2785; x_wconf 70' lang='grc' dir='ltr'>ΚΕΦΛΔ.</span> <span class='ocrx_word' id='word_1_378' title='bbox 3016 2728 3143 2783; x_wconf 77' lang='lat' dir='ltr'><strong>Kl&quot;.</strong></span> 
     </span>
    </p>
   </div>
   <div class='ocr_carea' id='block_1_57' title="bbox 2207 2857 3728 2933">
    <p class='ocr_par' dir='ltr' id='par_1_57' title="bbox 2207 2857 3728 2933">
     <span class='ocr_line' id='line_1_57' title="bbox 2207 2857 3728 2933; baseline -0.005 -12"><span class='ocrx_word' id='word_1_379' title='bbox 2207 2869 2269 2921; x_wconf 76' lang='lat' dir='ltr'><strong>Et</strong></span> <span class='ocrx_word' id='word_1_380' title='bbox 2326 2868 2455 2921; x_wconf 73' lang='grc' dir='ltr'>ἔνθα</span> <span class='ocrx_word' id='word_1_381' title='bbox 2512 2868 2543 2921; x_wconf 98' lang='lat'><strong>6</strong></span> <span class='ocrx_word' id='word_1_382' title='bbox 2590 2866 2726 2930; x_wconf 79' lang='grc' dir='ltr'>Θεὸς</span> <span class='ocrx_word' id='word_1_383' title='bbox 2766 2865 2965 2933; x_wconf 88' lang='grc' dir='ltr'>Λόγος,</span> <span class='ocrx_word' id='word_1_384' title='bbox 3020 2865 3141 2919; x_wconf 73' lang='grc' dir='ltr'>ἐκεῖ</span> <span class='ocrx_word' id='word_1_385' title='bbox 3193 2863 3222 2919; x_wconf 90' lang='lat'><strong>6</strong></span> <span class='ocrx_word' id='word_1_386' title='bbox 3260 2860 3475 2932; x_wconf 81' lang='grc' dir='ltr'>Πατὴρ,</span> <span class='ocrx_word' id='word_1_387' title='bbox 3514 2858 3611 2914; x_wconf 73' lang='grc' dir='ltr'><strong>καὶ</strong></span> <span class='ocrx_word' id='word_1_388' title='bbox 3658 2857 3728 2913; x_wconf 79' lang='grc' dir='ltr'>τὸ</span> 
     </span>
    </p>
   </div>
   <div class='ocr_carea' id='block_1_58' title="bbox 2131 2945 3725 3027">
    <p class='ocr_par' dir='ltr' id='par_1_58' title="bbox 2131 2945 3725 3027">
     <span class='ocr_line' id='line_1_58' title="bbox 2131 2945 3725 3027; baseline -0.007 -15"><span class='ocrx_word' id='word_1_389' title='bbox 2131 2958 2356 3027; x_wconf 82' lang='grc' dir='ltr'>Πνεῦμα</span> <span class='ocrx_word' id='word_1_390' title='bbox 2380 2958 2441 3011; x_wconf 87' lang='grc' dir='ltr'><strong>τδ</strong></span> <span class='ocrx_word' id='word_1_391' title='bbox 2472 2956 2650 3025; x_wconf 75' lang='grc' dir='ltr'>ἅγιον,</span> <span class='ocrx_word' id='word_1_392' title='bbox 2669 2955 2836 3009; x_wconf 80' lang='grc' dir='ltr'>διὰτὸ</span> <span class='ocrx_word' id='word_1_393' title='bbox 2863 2958 2961 3027; x_wconf 76' lang='grc' dir='ltr'>τῆς</span> <span class='ocrx_word' id='word_1_394' title='bbox 2989 2954 3179 3017; x_wconf 82' lang='grc' dir='ltr'>οὐσίας</span> <span class='ocrx_word' id='word_1_395' title='bbox 3207 2952 3541 3022; x_wconf 86' lang='grc' dir='ltr'>ἀδιαίρετον,</span> <span class='ocrx_word' id='word_1_396' title='bbox 3567 2945 3637 3021; x_wconf 76' lang='grc' dir='ltr'><strong>ἦν</strong></span> <span class='ocrx_word' id='word_1_397' title='bbox 3663 2948 3725 3001; x_wconf 77' lang='grc' dir='ltr'>δὲ</span> 
     </span>
    </p>
   </div>
   <div class='ocr_carea' id='block_1_59' title="bbox 2131 3041 3725 3121">
    <p class='ocr_par' dir='ltr' id='par_1_59' title="bbox 2131 3041 3725 3121">
     <span class='ocr_line' id='line_1_59' title="bbox 2131 3041 3725 3121; baseline -0.007 -18"><span class='ocrx_word' id='word_1_398' title='bbox 2131 3053 2191 3103; x_wconf 80' lang='grc' dir='ltr'>ἐν</span> <span class='ocrx_word' id='word_1_399' title='bbox 2217 3053 2283 3121; x_wconf 83' lang='grc' dir='ltr'>τῇ</span> <span class='ocrx_word' id='word_1_400' title='bbox 2313 3049 2513 3119; x_wconf 77' lang='grc' dir='ltr'>γαστρὶ</span> <span class='ocrx_word' id='word_1_401' title='bbox 2538 3049 2640 3117; x_wconf 82' lang='grc' dir='ltr'>τῆς</span> <span class='ocrx_word' id='word_1_402' title='bbox 2685 3045 2964 3117; x_wconf 84' lang='grc' dir='ltr'>Παρθένου</span> <span class='ocrx_word' id='word_1_403' title='bbox 3007 3046 3131 3099; x_wconf 88' lang='grc' dir='ltr'>καθ’</span> <span class='ocrx_word' id='word_1_404' title='bbox 3162 3044 3307 3114; x_wconf 83' lang='grc' dir='ltr'>ὑμᾶς</span> <span class='ocrx_word' id='word_1_405' title='bbox 3328 3046 3356 3097; x_wconf 88' lang='lat'><strong>6</strong></span> <span class='ocrx_word' id='word_1_406' title='bbox 3389 3042 3522 3105; x_wconf 74' lang='grc' dir='ltr'>Θεὸς</span> <span class='ocrx_word' id='word_1_407' title='bbox 3544 3041 3725 3109; x_wconf 83' lang='grc' dir='ltr'>Λόγος</span> 
     </span>
    </p>
   </div>
   <div class='ocr_carea' id='block_1_60' title="bbox 447 3133 2028 3240">
    <p class='ocr_par' dir='ltr' id='par_1_60' title="bbox 447 3151 2023 3223">
     <span class='ocr_line' id='line_1_60' title="bbox 447 3151 2023 3223; baseline 0.003 -19"><span class='ocrx_word' id='word_1_408' title='bbox 447 3151 753 3207; x_wconf 71' lang='lat' dir='ltr'><strong>secundum</strong></span> <span class='ocrx_word' id='word_1_409' title='bbox 778 3152 1186 3221; x_wconf 88' lang='lat' dir='ltr'><strong>substantiam),</strong></span> <span class='ocrx_word' id='word_1_410' title='bbox 1209 3168 1342 3223; x_wconf 86' lang='lat' dir='ltr'><strong>ergo</strong></span> <span class='ocrx_word' id='word_1_411' title='bbox 1362 3162 1482 3207; x_wconf 89' lang='lat' dir='ltr'><strong>erat</strong></span> <span class='ocrx_word' id='word_1_412' title='bbox 1504 3152 1750 3208; x_wconf 85' lang='lat' dir='ltr'><strong>Trinitas</strong></span> <span class='ocrx_word' id='word_1_413' title='bbox 1776 3154 1832 3208; x_wconf 87' lang='lat' dir='ltr'><strong>in</strong></span> <span class='ocrx_word' id='word_1_414' title='bbox 1862 3164 2023 3209; x_wconf 81' lang='lat' dir='ltr'><strong>utero</strong></span> 
     </span>
    </p>
   </div>
   <div class='ocr_carea' id='block_1_61' title="bbox 2133 3133 3727 3240">
    <p class='ocr_par' dir='ltr' id='par_1_61' title="bbox 2135 3133 3727 3213">
     <span class='ocr_line' id='line_1_61' title="bbox 2135 3133 3727 3213; baseline -0.009 -14"><span class='ocrx_word' id='word_1_415' title='bbox 2135 3145 2254 3199; x_wconf 75' lang='grc' dir='ltr'>κατ’</span> <span class='ocrx_word' id='word_1_416' title='bbox 2276 3143 2484 3207; x_wconf 86' lang='grc' dir='ltr'>οὐσίαν,</span> <span class='ocrx_word' id='word_1_417' title='bbox 2532 3137 2601 3212; x_wconf 83' lang='grc' dir='ltr'><strong>ἦν</strong></span> <span class='ocrx_word' id='word_1_418' title='bbox 2625 3141 2732 3212; x_wconf 79' lang='grc' dir='ltr'>ἄρα</span> <span class='ocrx_word' id='word_1_419' title='bbox 2757 3142 2790 3213; x_wconf 83' lang='grc' dir='ltr'><strong>ή</strong></span> <span class='ocrx_word' id='word_1_420' title='bbox 2815 3137 2986 3213; x_wconf 76' lang='grc' dir='ltr'>Τριὰς</span> <span class='ocrx_word' id='word_1_421' title='bbox 3010 3140 3067 3193; x_wconf 78' lang='grc' dir='ltr'><strong>ὲν</strong></span> <span class='ocrx_word' id='word_1_422' title='bbox 3086 3139 3153 3209; x_wconf 73' lang='grc' dir='ltr'><strong>τῇ</strong></span> <span class='ocrx_word' id='word_1_423' title='bbox 3171 3138 3371 3205; x_wconf 80' lang='grc' dir='ltr'>γαστρὶ</span> <span class='ocrx_word' id='word_1_424' title='bbox 3388 3135 3487 3205; x_wconf 81' lang='grc' dir='ltr'>τῆς</span> <span class='ocrx_word' id='word_1_425' title='bbox 3504 3133 3727 3205; x_wconf 78' lang='grc' dir='ltr'>Παρθέο</span> 
     </span>
    </p>
   </div>
   <div class='ocr_carea' id='block_1_62' title="bbox 444 3240 2025 3314">
    <p class='ocr_par' dir='ltr' id='par_1_62' title="bbox 444 3240 2025 3314">
     <span class='ocr_line' id='line_1_62' title="bbox 444 3240 2025 3314; baseline 0.003 -18"><span class='ocrx_word' id='word_1_426' title='bbox 444 3240 711 3314; x_wconf 67' lang='lat' dir='ltr'><strong>Virginis.</strong></span> <span class='ocrx_word' id='word_1_427' title='bbox 737 3276 807 3286; x_wconf 89' lang='lat'><strong>——</strong></span> <span class='ocrx_word' id='word_1_428' title='bbox 828 3245 873 3301; x_wconf 88' lang='grc' dir='ltr'><strong>Ο</strong></span> <span class='ocrx_word' id='word_1_429' title='bbox 910 3246 1091 3299; x_wconf 87' lang='lat' dir='ltr'><strong>omnis</strong></span> <span class='ocrx_word' id='word_1_430' title='bbox 1134 3245 1436 3314; x_wconf 81' lang='lat' dir='ltr'><strong>impietatis</strong></span> <span class='ocrx_word' id='word_1_431' title='bbox 1471 3245 1682 3301; x_wconf 90' lang='lat' dir='ltr'><strong>semina</strong></span> <span class='ocrx_word' id='word_1_432' title='bbox 1714 3262 2025 3301; x_wconf 89' lang='lat' dir='ltr'><strong>accommo-</strong></span> 
     </span>
    </p>
   </div>
   <div class='ocr_carea' id='block_1_63' title="bbox 444 3332 2031 3407">
    <p class='ocr_par' dir='ltr' id='par_1_63' title="bbox 444 3332 2031 3407">
     <span class='ocr_line' id='line_1_63' title="bbox 444 3332 2031 3407; baseline 0.003 -20"><span class='ocrx_word' id='word_1_433' title='bbox 444 3332 658 3397; x_wconf 77' lang='lat' dir='ltr'><strong>dantes,</strong></span> <span class='ocrx_word' id='word_1_434' title='bbox 714 3342 775 3389; x_wconf 92' lang='lat' dir='ltr'><strong>ut</strong></span> <span class='ocrx_word' id='word_1_435' title='bbox 812 3344 1053 3391; x_wconf 85' lang='lat' dir='ltr'><strong>vestram</strong></span> <span class='ocrx_word' id='word_1_436' title='bbox 1100 3336 1501 3407; x_wconf 87' lang='lat' dir='ltr'><strong>blasphemiam</strong></span> <span class='ocrx_word' id='word_1_437' title='bbox 1546 3336 1837 3402; x_wconf 90' lang='lat' dir='ltr'><strong>nulriatis,</strong></span> <span class='ocrx_word' id='word_1_438' title='bbox 1895 3336 2031 3407; x_wconf 89' lang='lat' dir='ltr'><strong>quid</strong></span> 
     </span>
    </p>
   </div>
   <div class='ocr_carea' id='block_1_64' title="bbox 444 3423 2032 3498">
    <p class='ocr_par' dir='ltr' id='par_1_64' title="bbox 444 3423 2032 3498">
     <span class='ocr_line' id='line_1_64' title="bbox 444 3423 2032 3498; baseline 0.002 -20"><span class='ocrx_word' id='word_1_439' title='bbox 444 3423 663 3480; x_wconf 83' lang='lat' dir='ltr'><strong>dicitis?</strong></span> <span class='ocrx_word' id='word_1_440' title='bbox 689 3424 921 3497; x_wconf 86' lang='lat' dir='ltr'><strong>Oportet</strong></span> <span class='ocrx_word' id='word_1_441' title='bbox 944 3426 1093 3481; x_wconf 92' lang='lat' dir='ltr'><strong>enim</strong></span> <span class='ocrx_word' id='word_1_442' title='bbox 1123 3441 1242 3490; x_wconf 88' lang='lat' dir='ltr'><strong>vos,</strong></span> <span class='ocrx_word' id='word_1_443' title='bbox 1286 3441 1412 3480; x_wconf 90' lang='lat' dir='ltr'><strong>cum</strong></span> <span class='ocrx_word' id='word_1_444' title='bbox 1442 3427 1689 3495; x_wconf 84' lang='lat' dir='ltr'><strong>perversi</strong></span> <span class='ocrx_word' id='word_1_445' title='bbox 1734 3426 1877 3490; x_wconf 88' lang='lat' dir='ltr'><strong>sitis,</strong></span> <span class='ocrx_word' id='word_1_446' title='bbox 1909 3443 2032 3498; x_wconf 76' lang='lat' dir='ltr'><strong>per-</strong></span> 
     </span>
    </p>
   </div>
   <div class='ocr_carea' id='block_1_65' title="bbox 446 3516 2033 3585">
    <p class='ocr_par' dir='ltr' id='par_1_65' title="bbox 446 3516 2033 3585">
     <span class='ocr_line' id='line_1_65' title="bbox 446 3516 2033 3585; baseline 0.005 -17"><span class='ocrx_word' id='word_1_447' title='bbox 446 3524 689 3579; x_wconf 83' lang='lat' dir='ltr'><strong>vertere,</strong></span> <span class='ocrx_word' id='word_1_448' title='bbox 719 3517 1025 3571; x_wconf 89' lang='lat' dir='ltr'><strong>secundum</strong></span> <span class='ocrx_word' id='word_1_449' title='bbox 1070 3517 1417 3571; x_wconf 86' lang='lat' dir='ltr'><strong>Psalmistam</strong></span> <span class='ocrx_word' id='word_1_450' title='bbox 1465 3526 1517 3571; x_wconf 71' lang='grc' dir='ltr'><strong>γ.</strong></span> <span class='ocrx_word' id='word_1_451' title='bbox 1564 3517 1703 3585; x_wconf 85' lang='lat' dir='ltr'><strong>Quia</strong></span> <span class='ocrx_word' id='word_1_452' title='bbox 1736 3516 1910 3575; x_wconf 89' lang='lat' dir='ltr'><strong>Filius</strong></span> <span class='ocrx_word' id='word_1_453' title='bbox 1947 3530 2033 3575; x_wconf 85' lang='lat' dir='ltr'><strong>est</strong></span> 
     </span>
    </p>
   </div>
   <div class='ocr_carea' id='block_1_66' title="bbox 447 3603 2032 3678">
    <p class='ocr_par' dir='ltr' id='par_1_66' title="bbox 447 3603 2032 3678">
     <span class='ocr_line' id='line_1_66' title="bbox 447 3603 2032 3678; baseline 0.005 -20"><span class='ocrx_word' id='word_1_454' title='bbox 447 3603 506 3659; x_wconf 83' lang='lat' dir='ltr'><strong>in</strong></span> <span class='ocrx_word' id='word_1_455' title='bbox 543 3605 668 3659; x_wconf 89' lang='lat' dir='ltr'><strong>sinu</strong></span> <span class='ocrx_word' id='word_1_456' title='bbox 714 3605 919 3671; x_wconf 88' lang='lat' dir='ltr'><strong>Patris,</strong></span> <span class='ocrx_word' id='word_1_457' title='bbox 960 3606 1093 3662; x_wconf 88' lang='lat' dir='ltr'><strong>hinc</strong></span> <span class='ocrx_word' id='word_1_458' title='bbox 1121 3607 1288 3662; x_wconf 88' lang='lat' dir='ltr'><strong>habet</strong></span> <span class='ocrx_word' id='word_1_459' title='bbox 1327 3608 1506 3664; x_wconf 88' lang='lat' dir='ltr'><strong>Patris</strong></span> <span class='ocrx_word' id='word_1_460' title='bbox 1536 3608 1591 3663; x_wconf 91' lang='lat' dir='ltr'><strong>in</strong></span> <span class='ocrx_word' id='word_1_461' title='bbox 1625 3624 1736 3678; x_wconf 93' lang='lat' dir='ltr'><strong>quo</strong></span> <span class='ocrx_word' id='word_1_462' title='bbox 1762 3619 1866 3674; x_wconf 91' lang='lat' dir='ltr'><strong>cst,</strong></span> <span class='ocrx_word' id='word_1_463' title='bbox 1904 3610 2032 3666; x_wconf 90' lang='lat' dir='ltr'><strong>inde</strong></span> 
     </span>
    </p>
   </div>
   <div class='ocr_carea' id='block_1_67' title="bbox 447 3696 2032 3769">
    <p class='ocr_par' dir='ltr' id='par_1_67' title="bbox 447 3696 2032 3769">
     <span class='ocr_line' id='line_1_67' title="bbox 447 3696 2032 3769; baseline 0.004 -20"><span class='ocrx_word' id='word_1_464' title='bbox 447 3704 532 3749; x_wconf 85' lang='lat' dir='ltr'><strong>est</strong></span> <span class='ocrx_word' id='word_1_465' title='bbox 583 3696 837 3764; x_wconf 87' lang='lat' dir='ltr'><strong>ipsemet.</strong></span> <span class='ocrx_word' id='word_1_466' title='bbox 897 3696 1201 3753; x_wconf 88' lang='lat' dir='ltr'><strong>secundum</strong></span> <span class='ocrx_word' id='word_1_467' title='bbox 1237 3712 1358 3751; x_wconf 91' lang='lat' dir='ltr'><strong>vos.</strong></span> <span class='ocrx_word' id='word_1_468' title='bbox 1407 3697 1516 3753; x_wconf 90' lang='lat' dir='ltr'><strong>Sed</strong></span> <span class='ocrx_word' id='word_1_469' title='bbox 1568 3707 1624 3752; x_wconf 89' lang='lat' dir='ltr'><strong>et</strong></span> <span class='ocrx_word' id='word_1_470' title='bbox 1664 3699 1848 3764; x_wconf 90' lang='lat' dir='ltr'><strong>aliter,</strong></span> <span class='ocrx_word' id='word_1_471' title='bbox 1903 3699 2032 3769; x_wconf 90' lang='lat' dir='ltr'><strong>quia</strong></span> 
     </span>
    </p>
   </div>
   <div class='ocr_carea' id='block_1_68' title="bbox 450 3786 2033 3858">
    <p class='ocr_par' dir='ltr' id='par_1_68' title="bbox 450 3786 2033 3858">
     <span class='ocr_line' id='line_1_68' title="bbox 450 3786 2033 3858; baseline 0.004 -19"><span class='ocrx_word' id='word_1_472' title='bbox 450 3786 541 3841; x_wconf 91' lang='lat' dir='ltr'><strong>ubi</strong></span> <span class='ocrx_word' id='word_1_473' title='bbox 567 3787 752 3852; x_wconf 89' lang='lat' dir='ltr'><strong>Pater,</strong></span> <span class='ocrx_word' id='word_1_474' title='bbox 790 3787 1057 3842; x_wconf 85' lang='lat' dir='ltr'><strong>ibiFilius</strong></span> <span class='ocrx_word' id='word_1_475' title='bbox 1081 3797 1138 3843; x_wconf 90' lang='lat' dir='ltr'><strong>et</strong></span> <span class='ocrx_word' id='word_1_476' title='bbox 1163 3787 1403 3858; x_wconf 90' lang='lat' dir='ltr'><strong>Spiritus</strong></span> <span class='ocrx_word' id='word_1_477' title='bbox 1436 3799 1664 3844; x_wconf 84' lang='lat' dir='ltr'><strong>sanctus</strong></span> <span class='ocrx_word' id='word_1_478' title='bbox 1696 3800 1802 3854; x_wconf 91' lang='lat' dir='ltr'><strong>est,</strong></span> <span class='ocrx_word' id='word_1_479' title='bbox 1835 3789 1888 3844; x_wconf 93' lang='lat' dir='ltr'><strong>in</strong></span> <span class='ocrx_word' id='word_1_480' title='bbox 1909 3791 2033 3846; x_wconf 92' lang='lat' dir='ltr'><strong>sinu</strong></span> 
     </span>
    </p>
   </div>
   <div class='ocr_carea' id='block_1_69' title="bbox 449 3874 2035 3951">
    <p class='ocr_par' dir='ltr' id='par_1_69' title="bbox 449 3874 2035 3951">
     <span class='ocr_line' id='line_1_69' title="bbox 449 3874 2035 3951; baseline 0.003 -20"><span class='ocrx_word' id='word_1_481' title='bbox 449 3884 632 3931; x_wconf 89' lang='lat' dir='ltr'><strong>autem</strong></span> <span class='ocrx_word' id='word_1_482' title='bbox 664 3878 842 3933; x_wconf 88' lang='lat' dir='ltr'><strong>Patris</strong></span> <span class='ocrx_word' id='word_1_483' title='bbox 863 3888 947 3933; x_wconf 90' lang='lat' dir='ltr'><strong>est</strong></span> <span class='ocrx_word' id='word_1_484' title='bbox 978 3879 1169 3947; x_wconf 89' lang='lat' dir='ltr'><strong>Filius,</strong></span> <span class='ocrx_word' id='word_1_485' title='bbox 1188 3879 1355 3951; x_wconf 87' lang='lat' dir='ltr'><strong>igitur</strong></span> <span class='ocrx_word' id='word_1_486' title='bbox 1380 3889 1436 3934; x_wconf 89' lang='lat' dir='ltr'><strong>et</strong></span> <span class='ocrx_word' id='word_1_487' title='bbox 1463 3880 1517 3934; x_wconf 92' lang='lat' dir='ltr'><strong>in</strong></span> <span class='ocrx_word' id='word_1_488' title='bbox 1551 3874 1778 3950; x_wconf 86' lang='lat' dir='ltr'><strong>proprio</strong></span> <span class='ocrx_word' id='word_1_489' title='bbox 1803 3881 1929 3935; x_wconf 91' lang='lat' dir='ltr'><strong>sinu</strong></span> <span class='ocrx_word' id='word_1_490' title='bbox 1950 3890 2035 3937; x_wconf 92' lang='lat' dir='ltr'><strong>est</strong></span> 
     </span>
    </p>
   </div>
   <div class='ocr_carea' id='block_1_70' title="bbox 455 3970 2034 4041">
    <p class='ocr_par' dir='ltr' id='par_1_70' title="bbox 455 3970 2034 4041">
     <span class='ocr_line' id='line_1_70' title="bbox 455 3970 2034 4041; baseline 0.003 -18"><span class='ocrx_word' id='word_1_491' title='bbox 455 3971 645 4035; x_wconf 80' lang='lat' dir='ltr'><strong>Filius,</strong></span> <span class='ocrx_word' id='word_1_492' title='bbox 686 3970 849 4024; x_wconf 91' lang='lat' dir='ltr'><strong>simul</strong></span> <span class='ocrx_word' id='word_1_493' title='bbox 887 3988 1010 4025; x_wconf 91' lang='lat' dir='ltr'><strong>cum</strong></span> <span class='ocrx_word' id='word_1_494' title='bbox 1040 3972 1199 4026; x_wconf 84' lang='lat' dir='ltr'><strong>Patre</strong></span> <span class='ocrx_word' id='word_1_495' title='bbox 1235 3979 1292 4025; x_wconf 90' lang='lat' dir='ltr'><strong>et</strong></span> <span class='ocrx_word' id='word_1_496' title='bbox 1315 3971 1525 4041; x_wconf 89' lang='lat' dir='ltr'><strong>Spiritu</strong></span> <span class='ocrx_word' id='word_1_497' title='bbox 1559 3979 1773 4026; x_wconf 89' lang='lat' dir='ltr'><strong>sancto.</strong></span> <span class='ocrx_word' id='word_1_498' title='bbox 1803 3971 1872 4025; x_wconf 84' lang='lat' dir='ltr'><strong>Et</strong></span> <span class='ocrx_word' id='word_1_499' title='bbox 1907 3987 2034 4028; x_wconf 92' lang='lat' dir='ltr'><strong>cum</strong></span> 
     </span>
    </p>
   </div>
   <div class='ocr_carea' id='block_1_71' title="bbox 450 4054 2038 4125">
    <p class='ocr_par' dir='ltr' id='par_1_71' title="bbox 450 4054 2038 4125">
     <span class='ocr_line' id='line_1_71' title="bbox 450 4054 2038 4125; baseline 0.003 -20"><span class='ocrx_word' id='word_1_500' title='bbox 450 4054 690 4122; x_wconf 81' lang='lat' dir='ltr'><strong>Spiritus</strong></span> <span class='ocrx_word' id='word_1_501' title='bbox 714 4063 941 4109; x_wconf 87' lang='lat' dir='ltr'><strong>sanctus</strong></span> <span class='ocrx_word' id='word_1_502' title='bbox 975 4063 1234 4125; x_wconf 87' lang='lat' dir='ltr'><strong>tanquam</strong></span> <span class='ocrx_word' id='word_1_503' title='bbox 1258 4056 1515 4109; x_wconf 87' lang='lat' dir='ltr'><strong>columba</strong></span> <span class='ocrx_word' id='word_1_504' title='bbox 1542 4055 1822 4110; x_wconf 86' lang='lat' dir='ltr'><strong>devolavit</strong></span> <span class='ocrx_word' id='word_1_505' title='bbox 1847 4056 1902 4109; x_wconf 88' lang='lat' dir='ltr'><strong>in</strong></span> <span class='ocrx_word' id='word_1_506' title='bbox 1930 4056 2038 4110; x_wconf 82' lang='lat' dir='ltr'><strong>Do—</strong></span> 
     </span>
    </p>
   </div>
   <div class='ocr_carea' id='block_1_72' title="bbox 449 4143 2034 4217">
    <p class='ocr_par' dir='ltr' id='par_1_72' title="bbox 449 4143 2034 4217">
     <span class='ocr_line' id='line_1_72' title="bbox 449 4143 2034 4217; baseline 0.003 -20"><span class='ocrx_word' id='word_1_507' title='bbox 449 4143 657 4197; x_wconf 78' lang='lat' dir='ltr'><strong>minum</strong></span> <span class='ocrx_word' id='word_1_508' title='bbox 678 4144 1016 4215; x_wconf 88' lang='lat' dir='ltr'><strong>baptizatum</strong></span> <span class='ocrx_word' id='word_1_509' title='bbox 1050 4145 1105 4199; x_wconf 93' lang='lat' dir='ltr'><strong>in</strong></span> <span class='ocrx_word' id='word_1_510' title='bbox 1134 4144 1397 4212; x_wconf 71' lang='lat' dir='ltr'><strong>Iordane,</strong></span> <span class='ocrx_word' id='word_1_511' title='bbox 1418 4146 1586 4217; x_wconf 85' lang='lat' dir='ltr'><strong>igitur</strong></span> <span class='ocrx_word' id='word_1_512' title='bbox 1610 4148 1842 4203; x_wconf 88' lang='lat' dir='ltr'><strong>etPater</strong></span> <span class='ocrx_word' id='word_1_513' title='bbox 1864 4148 2034 4203; x_wconf 83' lang='lat' dir='ltr'><strong>devo-</strong></span> 
     </span>
    </p>
   </div>
   <div class='ocr_carea' id='block_1_73' title="bbox 448 4236 2036 4310">
    <p class='ocr_par' dir='ltr' id='par_1_73' title="bbox 448 4236 2036 4310">
     <span class='ocr_line' id='line_1_73' title="bbox 448 4236 2036 4310; baseline 0.004 -21"><span class='ocrx_word' id='word_1_514' title='bbox 448 4236 602 4290; x_wconf 85' lang='lat' dir='ltr'><strong>lavit.</strong></span> <span class='ocrx_word' id='word_1_515' title='bbox 633 4237 689 4292; x_wconf 90' lang='lat' dir='ltr'><strong>Si</strong></span> <span class='ocrx_word' id='word_1_516' title='bbox 706 4247 888 4293; x_wconf 87' lang='lat' dir='ltr'><strong>autem</strong></span> <span class='ocrx_word' id='word_1_517' title='bbox 911 4238 1016 4292; x_wconf 91' lang='lat' dir='ltr'><strong>hoc</strong></span> <span class='ocrx_word' id='word_1_518' title='bbox 1036 4238 1333 4294; x_wconf 86' lang='lat' dir='ltr'><strong>transferre</strong></span> <span class='ocrx_word' id='word_1_519' title='bbox 1350 4241 1419 4294; x_wconf 87' lang='lat' dir='ltr'><strong>ab</strong></span> <span class='ocrx_word' id='word_1_520' title='bbox 1438 4256 1546 4295; x_wconf 87' lang='lat' dir='ltr'><strong>una</strong></span> <span class='ocrx_word' id='word_1_521' title='bbox 1564 4256 1797 4310; x_wconf 89' lang='lat' dir='ltr'><strong>persona</strong></span> <span class='ocrx_word' id='word_1_522' title='bbox 1824 4240 1878 4295; x_wconf 90' lang='lat' dir='ltr'><strong>in</strong></span> <span class='ocrx_word' id='word_1_523' title='bbox 1898 4242 2036 4296; x_wconf 90' lang='lat' dir='ltr'><strong>alias</strong></span> 
     </span>
    </p>
   </div>
   <div class='ocr_carea' id='block_1_74' title="bbox 446 4328 2035 4403">
    <p class='ocr_par' dir='ltr' id='par_1_74' title="bbox 446 4328 2035 4403">
     <span class='ocr_line' id='line_1_74' title="bbox 446 4328 2035 4403; baseline 0.003 -21"><span class='ocrx_word' id='word_1_524' title='bbox 446 4328 948 4385; x_wconf 82' lang='lat' dir='ltr'><strong>eonsubstantiales</strong></span> <span class='ocrx_word' id='word_1_525' title='bbox 966 4331 1291 4402; x_wconf 84' lang='lat' dir='ltr'><strong>hypostases</strong></span> <span class='ocrx_word' id='word_1_526' title='bbox 1308 4347 1415 4385; x_wconf 91' lang='lat' dir='ltr'><strong>non</strong></span> <span class='ocrx_word' id='word_1_527' title='bbox 1441 4333 1654 4402; x_wconf 89' lang='lat' dir='ltr'><strong>patitur</strong></span> <span class='ocrx_word' id='word_1_528' title='bbox 1671 4333 1896 4403; x_wconf 87' lang='lat' dir='ltr'><strong>pietatis</strong></span> <span class='ocrx_word' id='word_1_529' title='bbox 1912 4349 2035 4388; x_wconf 90' lang='lat' dir='ltr'><strong>ser-</strong></span> 
     </span>
    </p>
   </div>
   <div class='ocr_carea' id='block_1_75' title="bbox 449 4422 2035 4498">
    <p class='ocr_par' dir='ltr' id='par_1_75' title="bbox 449 4422 2035 4498">
     <span class='ocr_line' id='line_1_75' title="bbox 449 4422 2035 4498; baseline 0.006 -26"><span class='ocrx_word' id='word_1_530' title='bbox 449 4436 558 4485; x_wconf 91' lang='lat' dir='ltr'><strong>mo,</strong></span> <span class='ocrx_word' id='word_1_531' title='bbox 585 4422 670 4476; x_wconf 86' lang='lat' dir='ltr'><strong>vel</strong></span> <span class='ocrx_word' id='word_1_532' title='bbox 695 4423 839 4477; x_wconf 87' lang='lat' dir='ltr'><strong>idem</strong></span> <span class='ocrx_word' id='word_1_533' title='bbox 863 4423 1067 4479; x_wconf 90' lang='lat' dir='ltr'><strong>sentire</strong></span> <span class='ocrx_word' id='word_1_534' title='bbox 1085 4424 1154 4480; x_wconf 84' lang='lat' dir='ltr'><strong>de</strong></span> <span class='ocrx_word' id='word_1_535' title='bbox 1180 4436 1376 4480; x_wconf 90' lang='lat' dir='ltr'><strong>sancto</strong></span> <span class='ocrx_word' id='word_1_536' title='bbox 1401 4425 1569 4481; x_wconf 80' lang='lat' dir='ltr'><strong>Verbi</strong></span> <span class='ocrx_word' id='word_1_537' title='bbox 1604 4434 1765 4496; x_wconf 89' lang='lat' dir='ltr'><strong>partu</strong></span> <span class='ocrx_word' id='word_1_538' title='bbox 1789 4428 2035 4498; x_wconf 85' lang='lat' dir='ltr'><strong>cogemi-</strong></span> 
     </span>
    </p>
   </div>
   <div class='ocr_carea' id='block_1_76' title="bbox 2134 3227 3728 3304">
    <p class='ocr_par' dir='ltr' id='par_1_76' title="bbox 2134 3227 3728 3304">
     <span class='ocr_line' id='line_1_76' title="bbox 2134 3227 3728 3304; baseline -0.006 -14"><span class='ocrx_word' id='word_1_539' title='bbox 2134 3254 2247 3290; x_wconf 91' lang='grc' dir='ltr'>νου.</span> <span class='ocrx_word' id='word_1_540' title='bbox 2281 3237 2346 3289; x_wconf 88' lang='grc' dir='ltr'>Οί</span> <span class='ocrx_word' id='word_1_541' title='bbox 2388 3236 2570 3304; x_wconf 67' lang='grc' dir='ltr'>πάσης</span> <span class='ocrx_word' id='word_1_542' title='bbox 2607 3232 2864 3297; x_wconf 81' lang='grc' dir='ltr'>ἀσεϐείας</span> <span class='ocrx_word' id='word_1_543' title='bbox 2894 3230 3265 3303; x_wconf 74' lang='grc' dir='ltr'>ὲρανιζόμενοι</span> <span class='ocrx_word' id='word_1_544' title='bbox 3291 3231 3601 3301; x_wconf 86' lang='grc' dir='ltr'>σπέρματα,</span> <span class='ocrx_word' id='word_1_545' title='bbox 3634 3227 3728 3281; x_wconf 82' lang='grc' dir='ltr'><strong>ἵνα</strong></span> 
     </span>
    </p>
   </div>
   <div class='ocr_carea' id='block_1_77' title="bbox 2132 3320 3729 3403">
    <p class='ocr_par' dir='ltr' id='par_1_77' title="bbox 2132 3320 3729 3403">
     <span class='ocr_line' id='line_1_77' title="bbox 2132 3320 3729 3403; baseline -0.008 -18"><span class='ocrx_word' id='word_1_546' title='bbox 2132 3332 2229 3403; x_wconf 82' lang='grc' dir='ltr'><strong>τὴν</strong></span> <span class='ocrx_word' id='word_1_547' title='bbox 2270 3331 2476 3383; x_wconf 77' lang='grc' dir='ltr'>οἰκείαν</span> <span class='ocrx_word' id='word_1_548' title='bbox 2504 3328 2859 3400; x_wconf 80' lang='grc' dir='ltr'>βλασφημίαν</span> <span class='ocrx_word' id='word_1_549' title='bbox 2905 3325 3284 3397; x_wconf 76' lang='grc' dir='ltr'>ὑποτρέφοιτε,</span> <span class='ocrx_word' id='word_1_550' title='bbox 3315 3320 3366 3375; x_wconf 90' lang='grc' dir='ltr'><strong>τί</strong></span> <span class='ocrx_word' id='word_1_551' title='bbox 3389 3338 3525 3391; x_wconf 83' lang='grc' dir='ltr'>φατε</span> <span class='ocrx_word' id='word_1_552' title='bbox 3550 3339 3563 3386; x_wconf 91' lang='grc'>;</span> <span class='ocrx_word' id='word_1_553' title='bbox 3590 3320 3729 3374; x_wconf 81' lang='grc' dir='ltr'>Δέον</span> 
     </span>
    </p>
   </div>
   <div class='ocr_carea' id='block_1_78' title="bbox 2136 3411 3728 3493">
    <p class='ocr_par' dir='ltr' id='par_1_78' title="bbox 2136 3411 3728 3493">
     <span class='ocr_line' id='line_1_78' title="bbox 2136 3411 3728 3493; baseline -0.007 -17"><span class='ocrx_word' id='word_1_554' title='bbox 2136 3423 2240 3493; x_wconf 81' lang='grc' dir='ltr'>γὰρ</span> <span class='ocrx_word' id='word_1_555' title='bbox 2279 3423 2424 3492; x_wconf 83' lang='grc' dir='ltr'>ὑμᾶς</span> <span class='ocrx_word' id='word_1_556' title='bbox 2452 3419 2916 3492; x_wconf 75' lang='grc' dir='ltr'>στρεϐλουμένους</span> <span class='ocrx_word' id='word_1_557' title='bbox 2948 3420 3081 3488; x_wconf 81' lang='grc' dir='ltr'>ἡμῖν</span> <span class='ocrx_word' id='word_1_558' title='bbox 3108 3416 3435 3487; x_wconf 70' lang='grc' dir='ltr'>διαπρέψαι</span> <span class='ocrx_word' id='word_1_559' title='bbox 3462 3413 3609 3468; x_wconf 82' lang='grc' dir='ltr'>κατὰ</span> <span class='ocrx_word' id='word_1_560' title='bbox 3628 3411 3728 3466; x_wconf 71' lang='grc' dir='ltr'><strong>τὸν</strong></span> 
     </span>
    </p>
   </div>
   <div class='ocr_carea' id='block_1_79' title="bbox 2139 3504 3727 3583">
    <p class='ocr_par' dir='ltr' id='par_1_79' title="bbox 2139 3504 3727 3583">
     <span class='ocr_line' id='line_1_79' title="bbox 2139 3504 3727 3583; baseline -0.006 -17"><span class='ocrx_word' id='word_1_561' title='bbox 2139 3513 2473 3583; x_wconf 77' lang='grc' dir='ltr'>Ψαλμῳδόν.</span> <span class='ocrx_word' id='word_1_562' title='bbox 2520 3512 2676 3565; x_wconf 73' lang='grc' dir='ltr'>Ἐπεὶ</span> <span class='ocrx_word' id='word_1_563' title='bbox 2705 3513 2733 3564; x_wconf 89' lang='lat'><strong>6</strong></span> <span class='ocrx_word' id='word_1_564' title='bbox 2763 3510 2893 3572; x_wconf 77' lang='grc' dir='ltr'>Υἱὸς</span> <span class='ocrx_word' id='word_1_565' title='bbox 2922 3512 2980 3562; x_wconf 82' lang='grc' dir='ltr'><strong>ὲν</strong></span> <span class='ocrx_word' id='word_1_566' title='bbox 3027 3508 3103 3580; x_wconf 81' lang='grc' dir='ltr'>τῷ</span> <span class='ocrx_word' id='word_1_567' title='bbox 3132 3508 3318 3579; x_wconf 88' lang='grc' dir='ltr'>κόλπῳ</span> <span class='ocrx_word' id='word_1_568' title='bbox 3361 3506 3456 3561; x_wconf 90' lang='grc' dir='ltr'><strong>τοῦ</strong></span> <span class='ocrx_word' id='word_1_569' title='bbox 3508 3504 3727 3575; x_wconf 81' lang='grc' dir='ltr'>Πατρός</span> 
     </span>
    </p>
   </div>
   <div class='ocr_carea' id='block_1_80' title="bbox 2134 3591 3729 3673">
    <p class='ocr_par' dir='ltr' id='par_1_80' title="bbox 2134 3591 3729 3673">
     <span class='ocr_line' id='line_1_80' title="bbox 2134 3591 3729 3673; baseline -0.006 -16"><span class='ocrx_word' id='word_1_570' title='bbox 2134 3605 2273 3668; x_wconf 75' lang='grc' dir='ltr'>ἐστι,</span> <span class='ocrx_word' id='word_1_571' title='bbox 2308 3605 2403 3656; x_wconf 69' lang='grc' dir='ltr'>καὶ</span> <span class='ocrx_word' id='word_1_572' title='bbox 2470 3603 2532 3655; x_wconf 82' lang='grc' dir='ltr'>τὸ</span> <span class='ocrx_word' id='word_1_573' title='bbox 2575 3602 2679 3673; x_wconf 76' lang='grc' dir='ltr'>μὲν</span> <span class='ocrx_word' id='word_1_574' title='bbox 2715 3600 2810 3653; x_wconf 86' lang='grc' dir='ltr'><strong>τοῦ</strong></span> <span class='ocrx_word' id='word_1_575' title='bbox 2846 3600 3064 3668; x_wconf 88' lang='grc' dir='ltr'>Πατρός</span> <span class='ocrx_word' id='word_1_576' title='bbox 3111 3600 3265 3653; x_wconf 77' lang='grc' dir='ltr'>ἐστιν</span> <span class='ocrx_word' id='word_1_577' title='bbox 3308 3600 3367 3651; x_wconf 83' lang='grc' dir='ltr'><strong>ὲν</strong></span> <span class='ocrx_word' id='word_1_578' title='bbox 3403 3591 3448 3666; x_wconf 81' lang='grc' dir='ltr'>ᾧ</span> <span class='ocrx_word' id='word_1_579' title='bbox 3478 3598 3629 3650; x_wconf 79' lang='grc' dir='ltr'>ἐστι’</span> <span class='ocrx_word' id='word_1_580' title='bbox 3663 3593 3729 3647; x_wconf 83' lang='grc' dir='ltr'>τὸ</span> 
     </span>
    </p>
   </div>
   <div class='ocr_carea' id='block_1_81' title="bbox 2135 3687 3729 3762">
    <p class='ocr_par' dir='ltr' id='par_1_81' title="bbox 2135 3687 3729 3762">
     <span class='ocr_line' id='line_1_81' title="bbox 2135 3687 3729 3762; baseline -0.007 -12"><span class='ocrx_word' id='word_1_581' title='bbox 2135 3696 2193 3750; x_wconf 75' lang='grc' dir='ltr'>δὲ</span> <span class='ocrx_word' id='word_1_582' title='bbox 2224 3695 2388 3759; x_wconf 84' lang='grc' dir='ltr'>αὐτός</span> <span class='ocrx_word' id='word_1_583' title='bbox 2446 3696 2564 3749; x_wconf 76' lang='grc' dir='ltr'>ἐστι</span> <span class='ocrx_word' id='word_1_584' title='bbox 2617 3694 2740 3747; x_wconf 82' lang='grc' dir='ltr'>καθ’</span> <span class='ocrx_word' id='word_1_585' title='bbox 2789 3694 2958 3762; x_wconf 83' lang='grc' dir='ltr'>ὑμᾶς,</span> <span class='ocrx_word' id='word_1_586' title='bbox 3013 3692 3149 3748; x_wconf 73' lang='grc' dir='ltr'>ἀλλὰ</span> <span class='ocrx_word' id='word_1_587' title='bbox 3208 3692 3303 3746; x_wconf 72' lang='grc' dir='ltr'>καὶ</span> <span class='ocrx_word' id='word_1_588' title='bbox 3330 3690 3555 3761; x_wconf 77' lang='grc' dir='ltr'>ἑτέρως,</span> <span class='ocrx_word' id='word_1_589' title='bbox 3599 3687 3729 3740; x_wconf 74' lang='grc' dir='ltr'>ἐπεὶ</span> 
     </span>
    </p>
   </div>
   <div class='ocr_carea' id='block_1_82' title="bbox 2134 3782 3725 3857">
    <p class='ocr_par' dir='ltr' id='par_1_82' title="bbox 2134 3782 3725 3857">
     <span class='ocr_line' id='line_1_82' title="bbox 2134 3782 3725 3857; baseline -0.006 -15"><span class='ocrx_word' id='word_1_590' title='bbox 2134 3789 2268 3843; x_wconf 82' lang='grc' dir='ltr'>ὅπου</span> <span class='ocrx_word' id='word_1_591' title='bbox 2302 3790 2331 3842; x_wconf 89' lang='lat'><strong>6</strong></span> <span class='ocrx_word' id='word_1_592' title='bbox 2355 3788 2566 3857; x_wconf 83' lang='grc' dir='ltr'>Πατὴρ,</span> <span class='ocrx_word' id='word_1_593' title='bbox 2594 3788 2713 3841; x_wconf 75' lang='grc' dir='ltr'>ἐκεῖ</span> <span class='ocrx_word' id='word_1_594' title='bbox 2742 3786 2836 3839; x_wconf 79' lang='grc' dir='ltr'><strong>καὶ</strong></span> <span class='ocrx_word' id='word_1_595' title='bbox 2864 3788 2893 3840; x_wconf 89' lang='lat'><strong>6</strong></span> <span class='ocrx_word' id='word_1_596' title='bbox 2920 3786 3049 3850; x_wconf 78' lang='grc' dir='ltr'><strong>Υἱὸς</strong></span> <span class='ocrx_word' id='word_1_597' title='bbox 3075 3784 3171 3840; x_wconf 74' lang='grc' dir='ltr'><strong>καὶ</strong></span> <span class='ocrx_word' id='word_1_598' title='bbox 3198 3786 3260 3838; x_wconf 83' lang='grc' dir='ltr'>τὸ</span> <span class='ocrx_word' id='word_1_599' title='bbox 3288 3782 3516 3853; x_wconf 86' lang='grc' dir='ltr'>Πνεῦμά</span> <span class='ocrx_word' id='word_1_600' title='bbox 3551 3783 3725 3843; x_wconf 79' lang='grc' dir='ltr'>ἐστιν,</span> 
     </span>
    </p>
   </div>
   <div class='ocr_carea' id='block_1_83' title="bbox 2141 3870 3728 3951">
    <p class='ocr_par' dir='ltr' id='par_1_83' title="bbox 2141 3870 3728 3951">
     <span class='ocr_line' id='line_1_83' title="bbox 2141 3870 3728 3951; baseline -0.006 -19"><span class='ocrx_word' id='word_1_601' title='bbox 2141 3881 2200 3933; x_wconf 85' lang='grc' dir='ltr'><strong>ὲν</strong></span> <span class='ocrx_word' id='word_1_602' title='bbox 2220 3880 2278 3932; x_wconf 83' lang='grc' dir='ltr'>δὲ</span> <span class='ocrx_word' id='word_1_603' title='bbox 2308 3879 2387 3951; x_wconf 81' lang='grc' dir='ltr'><strong>τῷ</strong></span> <span class='ocrx_word' id='word_1_604' title='bbox 2414 3878 2508 3932; x_wconf 89' lang='grc' dir='ltr'><strong>τοῦ</strong></span> <span class='ocrx_word' id='word_1_605' title='bbox 2556 3879 2773 3949; x_wconf 82' lang='grc' dir='ltr'>Πατρὸς</span> <span class='ocrx_word' id='word_1_606' title='bbox 2811 3876 2999 3949; x_wconf 87' lang='grc' dir='ltr'>κόλπῳ</span> <span class='ocrx_word' id='word_1_607' title='bbox 3030 3879 3059 3929; x_wconf 88' lang='lat'><strong>6</strong></span> <span class='ocrx_word' id='word_1_608' title='bbox 3100 3876 3250 3942; x_wconf 76' lang='grc' dir='ltr'>Υίδς,</span> <span class='ocrx_word' id='word_1_609' title='bbox 3285 3872 3484 3928; x_wconf 86' lang='grc' dir='ltr'>οὐκοῦν</span> <span class='ocrx_word' id='word_1_610' title='bbox 3528 3870 3628 3926; x_wconf 79' lang='grc' dir='ltr'>καὶ</span> <span class='ocrx_word' id='word_1_611' title='bbox 3667 3871 3728 3924; x_wconf 87' lang='grc' dir='ltr'><strong>ὲν</strong></span> 
     </span>
    </p>
   </div>
   <div class='ocr_carea' id='block_1_84' title="bbox 2136 3964 3727 4042">
    <p class='ocr_par' dir='ltr' id='par_1_84' title="bbox 2136 3964 3727 4042">
     <span class='ocr_line' id='line_1_84' title="bbox 2136 3964 3727 4042; baseline -0.006 -17"><span class='ocrx_word' id='word_1_612' title='bbox 2136 3970 2216 4041; x_wconf 88' lang='grc' dir='ltr'>τῷ</span> <span class='ocrx_word' id='word_1_613' title='bbox 2249 3970 2363 4042; x_wconf 88' lang='grc' dir='ltr'>ίδίῳ</span> <span class='ocrx_word' id='word_1_614' title='bbox 2386 3970 2576 4040; x_wconf 87' lang='grc' dir='ltr'>κόλπῳ</span> <span class='ocrx_word' id='word_1_615' title='bbox 2605 3972 2634 4024; x_wconf 91' lang='lat'><strong>6</strong></span> <span class='ocrx_word' id='word_1_616' title='bbox 2667 3968 2798 4033; x_wconf 82' lang='grc' dir='ltr'>Υἰὸς</span> <span class='ocrx_word' id='word_1_617' title='bbox 2825 3970 2942 4040; x_wconf 77' lang='grc' dir='ltr'>ἃμα</span> <span class='ocrx_word' id='word_1_618' title='bbox 2986 3968 3064 4039; x_wconf 84' lang='grc' dir='ltr'><strong>τῷ</strong></span> <span class='ocrx_word' id='word_1_619' title='bbox 3096 3966 3271 4038; x_wconf 82' lang='grc' dir='ltr'>Πατρὶ</span> <span class='ocrx_word' id='word_1_620' title='bbox 3312 3967 3409 4020; x_wconf 74' lang='grc' dir='ltr'>καὶ</span> <span class='ocrx_word' id='word_1_621' title='bbox 3439 3964 3517 4037; x_wconf 82' lang='grc' dir='ltr'><strong>τῷ</strong></span> <span class='ocrx_word' id='word_1_622' title='bbox 3547 3964 3727 4017; x_wconf 84' lang='grc' dir='ltr'>Πνεῦ-</span> 
     </span>
    </p>
   </div>
   <div class='ocr_carea' id='block_1_85' title="bbox 2142 4055 3728 4134">
    <p class='ocr_par' dir='ltr' id='par_1_85' title="bbox 2142 4055 3728 4134">
     <span class='ocr_line' id='line_1_85' title="bbox 2142 4055 3728 4134; baseline -0.005 -18"><span class='ocrx_word' id='word_1_623' title='bbox 2142 4078 2273 4133; x_wconf 87' lang='grc' dir='ltr'>ματι</span> <span class='ocrx_word' id='word_1_624' title='bbox 2304 4061 2381 4134; x_wconf 82' lang='grc' dir='ltr'><strong>τῷ</strong></span> <span class='ocrx_word' id='word_1_625' title='bbox 2443 4059 2623 4132; x_wconf 86' lang='grc' dir='ltr'>ἀγίῳ·</span> <span class='ocrx_word' id='word_1_626' title='bbox 2682 4060 2779 4114; x_wconf 63' lang='grc' dir='ltr'><strong>καὶ¹</strong></span> <span class='ocrx_word' id='word_1_627' title='bbox 2840 4060 3031 4130; x_wconf 73' lang='grc' dir='ltr'>ἐπειδὴ</span> <span class='ocrx_word' id='word_1_628' title='bbox 3091 4059 3152 4112; x_wconf 78' lang='grc' dir='ltr'>τὸ</span> <span class='ocrx_word' id='word_1_629' title='bbox 3201 4058 3358 4126; x_wconf 75' lang='grc' dir='ltr'>ἅγιον</span> <span class='ocrx_word' id='word_1_630' title='bbox 3386 4055 3613 4126; x_wconf 78' lang='grc' dir='ltr'>Πνεῦμα</span> <span class='ocrx_word' id='word_1_631' title='bbox 3649 4056 3728 4117; x_wconf 84' lang='grc' dir='ltr'>ὡς</span> 
     </span>
    </p>
   </div>
   <div class='ocr_carea' id='block_1_86' title="bbox 2140 4146 3728 4226">
    <p class='ocr_par' dir='ltr' id='par_1_86' title="bbox 2140 4146 3728 4226">
     <span class='ocr_line' id='line_1_86' title="bbox 2140 4146 3728 4226; baseline -0.006 -18"><span class='ocrx_word' id='word_1_632' title='bbox 2140 4153 2446 4226; x_wconf 85' lang='grc' dir='ltr'>περιστερά</span> <span class='ocrx_word' id='word_1_633' title='bbox 2500 4154 2714 4223; x_wconf 78' lang='grc' dir='ltr'>ὲπέπτη</span> <span class='ocrx_word' id='word_1_634' title='bbox 2765 4154 2825 4207; x_wconf 82' lang='grc' dir='ltr'><strong>έν</strong></span> <span class='ocrx_word' id='word_1_635' title='bbox 2873 4150 3114 4224; x_wconf 81' lang='grc' dir='ltr'><strong>Ἰορδάνῃ</strong></span> <span class='ocrx_word' id='word_1_636' title='bbox 3174 4148 3577 4221; x_wconf 80' lang='grc' dir='ltr'>βαπτιζομένου</span> <span class='ocrx_word' id='word_1_637' title='bbox 3624 4146 3728 4200; x_wconf 87' lang='grc' dir='ltr'><strong>τοῦ</strong></span> 
     </span>
    </p>
   </div>
   <div class='ocr_carea' id='block_1_87' title="bbox 2143 4234 3728 4315">
    <p class='ocr_par' dir='ltr' id='par_1_87' title="bbox 2143 4234 3728 4315">
     <span class='ocr_line' id='line_1_87' title="bbox 2143 4234 3728 4315; baseline -0.006 -17"><span class='ocrx_word' id='word_1_638' title='bbox 2143 4244 2377 4315; x_wconf 80' lang='grc' dir='ltr'>Κυρίου,</span> <span class='ocrx_word' id='word_1_639' title='bbox 2430 4244 2540 4315; x_wconf 81' lang='grc' dir='ltr'>ἄρα</span> <span class='ocrx_word' id='word_1_640' title='bbox 2593 4243 2693 4297; x_wconf 72' lang='grc' dir='ltr'>καὶ</span> <span class='ocrx_word' id='word_1_641' title='bbox 2721 4245 2750 4296; x_wconf 89' lang='lat'><strong>6</strong></span> <span class='ocrx_word' id='word_1_642' title='bbox 2778 4242 2971 4314; x_wconf 75' lang='grc' dir='ltr'>Πατὴρ</span> <span class='ocrx_word' id='word_1_643' title='bbox 3003 4242 3291 4310; x_wconf 80' lang='grc' dir='ltr'>ὲφίπτατο.</span> <span class='ocrx_word' id='word_1_644' title='bbox 3334 4240 3398 4293; x_wconf 75' lang='lat' dir='ltr'><strong>Et</strong></span> <span class='ocrx_word' id='word_1_645' title='bbox 3451 4238 3507 4291; x_wconf 79' lang='grc' dir='ltr'>δὲ</span> <span class='ocrx_word' id='word_1_646' title='bbox 3550 4234 3728 4291; x_wconf 82' lang='grc' dir='ltr'>ταῦτα</span> 
     </span>
    </p>
   </div>
   <div class='ocr_carea' id='block_1_88' title="bbox 2142 4330 3727 4407">
    <p class='ocr_par' dir='ltr' id='par_1_88' title="bbox 2142 4330 3727 4407">
     <span class='ocr_line' id='line_1_88' title="bbox 2142 4330 3727 4407; baseline -0.006 -16"><span class='ocrx_word' id='word_1_647' title='bbox 2142 4337 2401 4407; x_wconf 86' lang='grc' dir='ltr'>μετάγειν</span> <span class='ocrx_word' id='word_1_648' title='bbox 2426 4336 2489 4390; x_wconf 77' lang='grc' dir='ltr'>ἐκ</span> <span class='ocrx_word' id='word_1_649' title='bbox 2519 4334 2615 4389; x_wconf 89' lang='grc' dir='ltr'><strong>τοῦ</strong></span> <span class='ocrx_word' id='word_1_650' title='bbox 2654 4334 2774 4399; x_wconf 78' lang='grc' dir='ltr'>ἑνὸς</span> <span class='ocrx_word' id='word_1_651' title='bbox 2802 4332 3100 4405; x_wconf 85' lang='grc' dir='ltr'>προσώπου</span> <span class='ocrx_word' id='word_1_652' title='bbox 3134 4333 3230 4387; x_wconf 72' lang='grc' dir='ltr'>καὶ</span> <span class='ocrx_word' id='word_1_653' title='bbox 3259 4332 3351 4385; x_wconf 72' lang='grc' dir='ltr'><strong>ἐπὶ</strong></span> <span class='ocrx_word' id='word_1_654' title='bbox 3385 4331 3486 4393; x_wconf 76' lang='grc' dir='ltr'><strong>τὰς</strong></span> <span class='ocrx_word' id='word_1_655' title='bbox 3527 4330 3727 4400; x_wconf 82' lang='grc' dir='ltr'>ἑτέρας</span> 
     </span>
    </p>
   </div>
   <div class='ocr_carea' id='block_1_89' title="bbox 2137 4422 3726 4500">
    <p class='ocr_par' dir='ltr' id='par_1_89' title="bbox 2137 4422 3726 4500">
     <span class='ocr_line' id='line_1_89' title="bbox 2137 4422 3726 4500; baseline -0.005 -18"><span class='ocrx_word' id='word_1_656' title='bbox 2137 4429 2459 4500; x_wconf 89' lang='grc' dir='ltr'>όμοουσίους</span> <span class='ocrx_word' id='word_1_657' title='bbox 2490 4426 2844 4490; x_wconf 82' lang='grc' dir='ltr'>ὑποστάσεις,</span> <span class='ocrx_word' id='word_1_658' title='bbox 2880 4427 2908 4480; x_wconf 91' lang='lat'><strong>6</strong></span> <span class='ocrx_word' id='word_1_659' title='bbox 2941 4426 3041 4496; x_wconf 81' lang='grc' dir='ltr'>τῆς</span> <span class='ocrx_word' id='word_1_660' title='bbox 3064 4425 3349 4488; x_wconf 74' lang='grc' dir='ltr'>εὐσεϐείας</span> <span class='ocrx_word' id='word_1_661' title='bbox 3386 4424 3446 4476; x_wconf 86' lang='grc' dir='ltr'>οὐ</span> <span class='ocrx_word' id='word_1_662' title='bbox 3477 4422 3726 4494; x_wconf 77' lang='grc' dir='ltr'>βιάζεται</span> 
     </span>
    </p>
   </div>
   <div class='ocr_carea' id='block_1_90' title="bbox 445 4512 2028 4594">
    <p class='ocr_par' dir='ltr' id='par_1_90' title="bbox 445 4512 2028 4586">
     <span class='ocr_line' id='line_1_90' title="bbox 445 4512 2028 4586; baseline 0.004 -19"><span class='ocrx_word' id='word_1_663' title='bbox 445 4512 522 4577; x_wconf 77' lang='lat' dir='ltr'><strong>ni,</strong></span> <span class='ocrx_word' id='word_1_664' title='bbox 550 4515 633 4568; x_wconf 83' lang='lat' dir='ltr'><strong>vel</strong></span> <span class='ocrx_word' id='word_1_665' title='bbox 651 4524 799 4570; x_wconf 90' lang='lat' dir='ltr'><strong>sorte</strong></span> <span class='ocrx_word' id='word_1_666' title='bbox 825 4516 1112 4586; x_wconf 64' lang='lat' dir='ltr'><strong>prresentis</strong></span> <span class='ocrx_word' id='word_1_667' title='bbox 1129 4516 1299 4571; x_wconf 82' lang='lat' dir='ltr'><strong>vestri</strong></span> <span class='ocrx_word' id='word_1_668' title='bbox 1326 4517 1556 4583; x_wconf 84' lang='lat' dir='ltr'><strong>erroris,</strong></span> <span class='ocrx_word' id='word_1_669' title='bbox 1582 4518 1851 4573; x_wconf 87' lang='lat' dir='ltr'><strong>rationem</strong></span> <span class='ocrx_word' id='word_1_670' title='bbox 1872 4520 2028 4574; x_wconf 82' lang='lat' dir='ltr'><strong>exhi-</strong></span> 
     </span>
    </p>
   </div>
   <div class='ocr_carea' id='block_1_91' title="bbox 2133 4512 3727 4594">
    <p class='ocr_par' dir='ltr' id='par_1_91' title="bbox 2135 4512 3727 4594">
     <span class='ocr_line' id='line_1_91' title="bbox 2135 4512 3727 4594; baseline -0.006 -19"><span class='ocrx_word' id='word_1_671' title='bbox 2135 4522 2331 4594; x_wconf 52' lang='lat' dir='ltr'><strong>Myoc‘,</strong></span> <span class='ocrx_word' id='word_1_672' title='bbox 2384 4520 2419 4593; x_wconf 78' lang='grc' dir='ltr'><strong>ἢ</strong></span> <span class='ocrx_word' id='word_1_673' title='bbox 2454 4519 2517 4573; x_wconf 85' lang='grc' dir='ltr'><strong>τδ</strong></span> <span class='ocrx_word' id='word_1_674' title='bbox 2570 4517 2704 4572; x_wconf 86' lang='grc' dir='ltr'>αὑτδ</span> <span class='ocrx_word' id='word_1_675' title='bbox 2759 4519 2901 4571; x_wconf 87' lang='grc' dir='ltr'>νοεῖν</span> <span class='ocrx_word' id='word_1_676' title='bbox 2951 4518 3044 4570; x_wconf 72' lang='grc' dir='ltr'><strong>ἐπὶ</strong></span> <span class='ocrx_word' id='word_1_677' title='bbox 3085 4518 3188 4586; x_wconf 85' lang='grc' dir='ltr'><strong>τῆς</strong></span> <span class='ocrx_word' id='word_1_678' title='bbox 3223 4515 3390 4584; x_wconf 85' lang='grc' dir='ltr'>ἀγίας</span> <span class='ocrx_word' id='word_1_679' title='bbox 3426 4513 3520 4567; x_wconf 86' lang='grc' dir='ltr'><strong>τοῦ</strong></span> <span class='ocrx_word' id='word_1_680' title='bbox 3548 4512 3727 4580; x_wconf 82' lang='grc' dir='ltr'>Λόγου</span> 
     </span>
    </p>
   </div>
   <div class='ocr_carea' id='block_1_92' title="bbox 445 4608 2025 4679">
    <p class='ocr_par' dir='ltr' id='par_1_92' title="bbox 445 4608 2025 4679">
     <span class='ocr_line' id='line_1_92' title="bbox 445 4608 2025 4679; baseline 0.004 -18"><span class='ocrx_word' id='word_1_681' title='bbox 445 4608 591 4669; x_wconf 89' lang='lat' dir='ltr'><strong>bete,</strong></span> <span class='ocrx_word' id='word_1_682' title='bbox 641 4622 767 4661; x_wconf 90' lang='lat' dir='ltr'><strong>cum</strong></span> <span class='ocrx_word' id='word_1_683' title='bbox 814 4609 961 4662; x_wconf 91' lang='lat' dir='ltr'><strong>inter</strong></span> <span class='ocrx_word' id='word_1_684' title='bbox 998 4609 1117 4663; x_wconf 68' lang='lat' dir='ltr'><strong>haec</strong></span> <span class='ocrx_word' id='word_1_685' title='bbox 1148 4610 1497 4679; x_wconf 89' lang='lat' dir='ltr'><strong>agnoscenda</strong></span> <span class='ocrx_word' id='word_1_686' title='bbox 1549 4610 1623 4665; x_wconf 88' lang='lat' dir='ltr'><strong>sit</strong></span> <span class='ocrx_word' id='word_1_687' title='bbox 1670 4612 2025 4668; x_wconf 91' lang='lat' dir='ltr'><strong>similitudo:</strong></span> 
     </span>
    </p>
   </div>
   <div class='ocr_carea' id='block_1_93' title="bbox 441 4696 2025 4773">
    <p class='ocr_par' dir='ltr' id='par_1_93' title="bbox 441 4696 2025 4773">
     <span class='ocr_line' id='line_1_93' title="bbox 441 4696 2025 4773; baseline 0.007 -25"><span class='ocrx_word' id='word_1_688' title='bbox 441 4704 498 4749; x_wconf 71' lang='lat' dir='ltr'><strong>ut</strong></span> <span class='ocrx_word' id='word_1_689' title='bbox 538 4696 615 4749; x_wconf 89' lang='lat' dir='ltr'><strong>ita</strong></span> <span class='ocrx_word' id='word_1_690' title='bbox 658 4697 793 4752; x_wconf 75' lang='lat' dir='ltr'><strong>satis</strong></span> <span class='ocrx_word' id='word_1_691' title='bbox 841 4697 951 4753; x_wconf 87' lang='lat' dir='ltr'><strong>erit</strong></span> <span class='ocrx_word' id='word_1_692' title='bbox 974 4706 1035 4752; x_wconf 90' lang='lat' dir='ltr'><strong>ut</strong></span> <span class='ocrx_word' id='word_1_693' title='bbox 1065 4698 1226 4754; x_wconf 81' lang='lat' dir='ltr'><strong>vobis</strong></span> <span class='ocrx_word' id='word_1_694' title='bbox 1258 4715 1321 4754; x_wconf 90' lang='lat' dir='ltr'><strong>os</strong></span> <span class='ocrx_word' id='word_1_695' title='bbox 1364 4700 1434 4755; x_wconf 90' lang='lat' dir='ltr'><strong>de</strong></span> <span class='ocrx_word' id='word_1_696' title='bbox 1463 4701 1570 4757; x_wconf 90' lang='lat' dir='ltr'><strong>hoc</strong></span> <span class='ocrx_word' id='word_1_697' title='bbox 1621 4712 2025 4773; x_wconf 87' lang='lat' dir='ltr'><strong>compescatur.</strong></span> 
     </span>
    </p>
   </div>
   <div class='ocr_carea' id='block_1_94' title="bbox 441 4789 2029 4863">
    <p class='ocr_par' dir='ltr' id='par_1_94' title="bbox 441 4789 2029 4863">
     <span class='ocr_line' id='line_1_94' title="bbox 441 4789 2029 4863; baseline 0.007 -23"><span class='ocrx_word' id='word_1_698' title='bbox 441 4790 674 4858; x_wconf 84' lang='lat' dir='ltr'><strong>Oportet</strong></span> <span class='ocrx_word' id='word_1_699' title='bbox 728 4789 879 4844; x_wconf 87' lang='lat' dir='ltr'><strong>enim</strong></span> <span class='ocrx_word' id='word_1_700' title='bbox 933 4806 1034 4845; x_wconf 90' lang='lat' dir='ltr'><strong>vos</strong></span> <span class='ocrx_word' id='word_1_701' title='bbox 1086 4806 1351 4860; x_wconf 86' lang='lat' dir='ltr'><strong>perverse</strong></span> <span class='ocrx_word' id='word_1_702' title='bbox 1385 4803 1646 4863; x_wconf 87' lang='lat' dir='ltr'><strong>agentes,</strong></span> <span class='ocrx_word' id='word_1_703' title='bbox 1688 4804 1743 4850; x_wconf 90' lang='lat' dir='ltr'><strong>et</strong></span> <span class='ocrx_word' id='word_1_704' title='bbox 1796 4796 2029 4851; x_wconf 87' lang='lat' dir='ltr'><strong>aliarum</strong></span> 
     </span>
    </p>
   </div>
   <div class='ocr_carea' id='block_1_95' title="bbox 442 4880 2029 4959">
    <p class='ocr_par' dir='ltr' id='par_1_95' title="bbox 442 4880 2029 4959">
     <span class='ocr_line' id='line_1_95' title="bbox 442 4880 2029 4959; baseline 0.006 -25"><span class='ocrx_word' id='word_1_705' title='bbox 442 4880 713 4936; x_wconf 79' lang='lat' dir='ltr'><strong>lueresum</strong></span> <span class='ocrx_word' id='word_1_706' title='bbox 744 4882 969 4938; x_wconf 84' lang='lat' dir='ltr'><strong>inventa</strong></span> <span class='ocrx_word' id='word_1_707' title='bbox 1008 4885 1437 4954; x_wconf 79' lang='lat' dir='ltr'><strong>praetendentes,</strong></span> <span class='ocrx_word' id='word_1_708' title='bbox 1477 4902 1664 4957; x_wconf 85' lang='lat' dir='ltr'><strong>exque</strong></span> <span class='ocrx_word' id='word_1_709' title='bbox 1700 4888 1860 4943; x_wconf 90' lang='lat' dir='ltr'><strong>vobis</strong></span> <span class='ocrx_word' id='word_1_710' title='bbox 1896 4904 2029 4959; x_wconf 88' lang='lat' dir='ltr'><strong>pro-</strong></span> 
     </span>
    </p>
   </div>
   <div class='ocr_carea' id='block_1_96' title="bbox 442 4974 2024 5053">
    <p class='ocr_par' dir='ltr' id='par_1_96' title="bbox 442 4974 2024 5053">
     <span class='ocr_line' id='line_1_96' title="bbox 442 4974 2024 5053; baseline 0.006 -27"><span class='ocrx_word' id='word_1_711' title='bbox 442 4974 561 5043; x_wconf 85' lang='lat' dir='ltr'><strong>pria</strong></span> <span class='ocrx_word' id='word_1_712' title='bbox 592 4974 862 5032; x_wconf 87' lang='lat' dir='ltr'><strong>facientes</strong></span> <span class='ocrx_word' id='word_1_713' title='bbox 889 4978 1061 5049; x_wconf 89' lang='lat' dir='ltr'><strong>(aspis</strong></span> <span class='ocrx_word' id='word_1_714' title='bbox 1090 4994 1123 5033; x_wconf 89' lang='lat' dir='ltr'><strong>a</strong></span> <span class='ocrx_word' id='word_1_715' title='bbox 1150 4978 1342 5048; x_wconf 90' lang='lat' dir='ltr'><strong>vipera</strong></span> <span class='ocrx_word' id='word_1_716' title='bbox 1372 4995 1652 5035; x_wconf 90' lang='lat' dir='ltr'><strong>venenum</strong></span> <span class='ocrx_word' id='word_1_717' title='bbox 1693 4982 2024 5053; x_wconf 88' lang='lat' dir='ltr'><strong>mutuatur),</strong></span> 
     </span>
    </p>
   </div>
   <div class='ocr_carea' id='block_1_97' title="bbox 440 5067 2027 5143">
    <p class='ocr_par' dir='ltr' id='par_1_97' title="bbox 440 5067 2027 5143">
     <span class='ocr_line' id='line_1_97' title="bbox 440 5067 2027 5143; baseline 0.004 -23"><span class='ocrx_word' id='word_1_718' title='bbox 440 5067 596 5134; x_wconf 77' lang='lat' dir='ltr'><strong>quasi</strong></span> <span class='ocrx_word' id='word_1_719' title='bbox 641 5083 752 5122; x_wconf 90' lang='lat' dir='ltr'><strong>non</strong></span> <span class='ocrx_word' id='word_1_720' title='bbox 790 5068 1109 5125; x_wconf 73' lang='lat' dir='ltr'><strong>sufﬁcerent</strong></span> <span class='ocrx_word' id='word_1_721' title='bbox 1146 5069 1307 5126; x_wconf 91' lang='lat' dir='ltr'><strong>vobis</strong></span> <span class='ocrx_word' id='word_1_722' title='bbox 1347 5079 1533 5127; x_wconf 87' lang='lat' dir='ltr'><strong>vestra</strong></span> <span class='ocrx_word' id='word_1_723' title='bbox 1572 5072 1912 5143; x_wconf 86' lang='lat' dir='ltr'><strong>sophismata</strong></span> <span class='ocrx_word' id='word_1_724' title='bbox 1957 5072 2027 5127; x_wconf 91' lang='lat' dir='ltr'><strong>ad</strong></span> 
     </span>
    </p>
   </div>
   <div class='ocr_carea' id='block_1_98' title="bbox 440 5158 2027 5229">
    <p class='ocr_par' dir='ltr' id='par_1_98' title="bbox 440 5158 2027 5229">
     <span class='ocr_line' id='line_1_98' title="bbox 440 5158 2027 5229; baseline 0.006 -18"><span class='ocrx_word' id='word_1_725' title='bbox 440 5158 768 5228; x_wconf 82' lang='lat' dir='ltr'><strong>completam</strong></span> <span class='ocrx_word' id='word_1_726' title='bbox 796 5162 995 5217; x_wconf 88' lang='lat' dir='ltr'><strong>malam</strong></span> <span class='ocrx_word' id='word_1_727' title='bbox 1030 5161 1361 5229; x_wconf 87' lang='lat' dir='ltr'><strong>doctrinam,</strong></span> <span class='ocrx_word' id='word_1_728' title='bbox 1394 5178 1587 5219; x_wconf 91' lang='lat' dir='ltr'><strong>errore</strong></span> <span class='ocrx_word' id='word_1_729' title='bbox 1610 5178 1860 5219; x_wconf 82' lang='lat' dir='ltr'><strong>errorem</strong></span> <span class='ocrx_word' id='word_1_730' title='bbox 1889 5179 2027 5219; x_wconf 89' lang='lat' dir='ltr'><strong>con-</strong></span> 
     </span>
    </p>
   </div>
   <div class='ocr_carea' id='block_1_99' title="bbox 2140 4604 3728 4685">
    <p class='ocr_par' dir='ltr' id='par_1_99' title="bbox 2140 4604 3728 4685">
     <span class='ocr_line' id='line_1_99' title="bbox 2140 4604 3728 4685; baseline 0.009 -31"><span class='ocrx_word' id='word_1_731' title='bbox 2140 4614 2390 4685; x_wconf 75' lang='grc' dir='ltr'><strong>κυήσεως</strong></span> <span class='ocrx_word' id='word_1_732' title='bbox 2440 4608 2938 4681; x_wconf 76' lang='grc' dir='ltr'>εἰσπραχθήσεσθε,</span> <span class='ocrx_word' id='word_1_733' title='bbox 2991 4608 3025 4679; x_wconf 75' lang='grc' dir='ltr'><strong>ἢ</strong></span> <span class='ocrx_word' id='word_1_734' title='bbox 3073 4606 3462 4679; x_wconf 83' lang='grc' dir='ltr'>ἀποκληρώσει</span> <span class='ocrx_word' id='word_1_735' title='bbox 3505 4606 3596 4660; x_wconf 77' lang='grc' dir='ltr'><strong>τὸν</strong></span> <span class='ocrx_word' id='word_1_736' title='bbox 3623 4604 3728 4674; x_wconf 80' lang='grc' dir='ltr'>τῆς</span> 
     </span>
    </p>
   </div>
   <div class='ocr_carea' id='block_1_100' title="bbox 2140 4697 3726 4776">
    <p class='ocr_par' dir='ltr' id='par_1_100' title="bbox 2140 4697 3726 4776">
     <span class='ocr_line' id='line_1_100' title="bbox 2140 4697 3726 4776; baseline -0.008 -15"><span class='ocrx_word' id='word_1_737' title='bbox 2140 4702 2428 4776; x_wconf 80' lang='grc' dir='ltr'>παρούσης</span> <span class='ocrx_word' id='word_1_738' title='bbox 2455 4702 2613 4775; x_wconf 83' lang='grc' dir='ltr'>ὑμῶν</span> <span class='ocrx_word' id='word_1_739' title='bbox 2635 4701 2872 4771; x_wconf 80' lang='grc' dir='ltr'>ἀπορίας</span> <span class='ocrx_word' id='word_1_740' title='bbox 2892 4700 3052 4769; x_wconf 90' lang='grc' dir='ltr'>λόγον</span> <span class='ocrx_word' id='word_1_741' title='bbox 3086 4699 3382 4770; x_wconf 81' lang='grc' dir='ltr'>προάγετε,</span> <span class='ocrx_word' id='word_1_742' title='bbox 3413 4697 3515 4767; x_wconf 82' lang='grc' dir='ltr'>τῆς</span> <span class='ocrx_word' id='word_1_743' title='bbox 3541 4699 3726 4767; x_wconf 84' lang='grc' dir='ltr'>ὁμοιο-</span> 
     </span>
    </p>
   </div>
   <div class='ocr_carea' id='block_1_101' title="bbox 2136 4788 3729 4869">
    <p class='ocr_par' dir='ltr' id='par_1_101' title="bbox 2136 4788 3729 4869">
     <span class='ocr_line' id='line_1_101' title="bbox 2136 4788 3729 4869; baseline -0.007 -19"><span class='ocrx_word' id='word_1_744' title='bbox 2136 4796 2370 4869; x_wconf 85' lang='grc' dir='ltr'>τροπίας</span> <span class='ocrx_word' id='word_1_745' title='bbox 2408 4795 2761 4866; x_wconf 85' lang='grc' dir='ltr'>συνωμολογη</span> <span class='ocrx_word' id='word_1_746' title='bbox 2772 4793 2940 4865; x_wconf 84' lang='grc' dir='ltr'>μένης</span> <span class='ocrx_word' id='word_1_747' title='bbox 2963 4794 3058 4845; x_wconf 79' lang='grc' dir='ltr'>καὶ</span> <span class='ocrx_word' id='word_1_748' title='bbox 3079 4792 3173 4845; x_wconf 72' lang='grc' dir='ltr'><strong>ἐπὶ</strong></span> <span class='ocrx_word' id='word_1_749' title='bbox 3190 4791 3357 4847; x_wconf 84' lang='grc' dir='ltr'>τῶνδε</span> <span class='ocrx_word' id='word_1_750' title='bbox 3379 4807 3393 4820; x_wconf 91' lang='grc'><strong>·</strong></span> <span class='ocrx_word' id='word_1_751' title='bbox 3434 4788 3531 4843; x_wconf 76' lang='grc' dir='ltr'>καὶ</span> <span class='ocrx_word' id='word_1_752' title='bbox 3562 4788 3729 4857; x_wconf 84' lang='grc' dir='ltr'>ἀρκέ-</span> 
     </span>
    </p>
   </div>
   <div class='ocr_carea' id='block_1_102' title="bbox 2138 4877 3726 4961">
    <p class='ocr_par' dir='ltr' id='par_1_102' title="bbox 2138 4877 3726 4961">
     <span class='ocr_line' id='line_1_102' title="bbox 2138 4877 3726 4961; baseline -0.011 -16"><span class='ocrx_word' id='word_1_753' title='bbox 2138 4908 2224 4945; x_wconf 88' lang='grc' dir='ltr'><strong>σει</strong></span> <span class='ocrx_word' id='word_1_754' title='bbox 2255 4890 2386 4961; x_wconf 82' lang='grc' dir='ltr'>ὑμϊν</span> <span class='ocrx_word' id='word_1_755' title='bbox 2412 4887 2589 4951; x_wconf 80' lang='grc' dir='ltr'>οὑτως</span> <span class='ocrx_word' id='word_1_756' title='bbox 2614 4884 2859 4955; x_wconf 74' lang='grc' dir='ltr'>καὶπερὶ</span> <span class='ocrx_word' id='word_1_757' title='bbox 2884 4883 3041 4937; x_wconf 76' lang='grc' dir='ltr'>τοῦδε</span> <span class='ocrx_word' id='word_1_758' title='bbox 3073 4880 3546 4953; x_wconf 76' lang='grc' dir='ltr'>ἐπιστομίζεσθαι.</span> <span class='ocrx_word' id='word_1_759' title='bbox 3593 4877 3726 4930; x_wconf 88' lang='grc' dir='ltr'>Δέον</span> 
     </span>
    </p>
   </div>
   <div class='ocr_carea' id='block_1_103' title="bbox 2138 4971 3727 5053">
    <p class='ocr_par' dir='ltr' id='par_1_103' title="bbox 2138 4971 3727 5053">
     <span class='ocr_line' id='line_1_103' title="bbox 2138 4971 3727 5053; baseline -0.009 -17"><span class='ocrx_word' id='word_1_760' title='bbox 2138 4982 2247 5053; x_wconf 82' lang='grc' dir='ltr'><strong>γὰρ</strong></span> <span class='ocrx_word' id='word_1_761' title='bbox 2281 4980 2427 5051; x_wconf 81' lang='grc' dir='ltr'>ὑμᾶς</span> <span class='ocrx_word' id='word_1_762' title='bbox 2456 4975 2930 5048; x_wconf 79' lang='grc' dir='ltr'>κακουργοῦντας,</span> <span class='ocrx_word' id='word_1_763' title='bbox 2966 4974 3060 5027; x_wconf 73' lang='grc' dir='ltr'>καὶ</span> <span class='ocrx_word' id='word_1_764' title='bbox 3098 4973 3168 5026; x_wconf 85' lang='grc' dir='ltr'><strong>τά</strong></span> <span class='ocrx_word' id='word_1_765' title='bbox 3204 4973 3315 5027; x_wconf 85' lang='grc' dir='ltr'><strong>τῶν</strong></span> <span class='ocrx_word' id='word_1_766' title='bbox 3352 4971 3529 5026; x_wconf 82' lang='grc' dir='ltr'>ἀλλων</span> <span class='ocrx_word' id='word_1_767' title='bbox 3570 4971 3727 5041; x_wconf 75' lang='grc' dir='ltr'>αἶρέ-</span> 
     </span>
    </p>
   </div>
   <div class='ocr_carea' id='block_1_104' title="bbox 2138 5061 3727 5142">
    <p class='ocr_par' dir='ltr' id='par_1_104' title="bbox 2138 5061 3727 5142">
     <span class='ocr_line' id='line_1_104' title="bbox 2138 5061 3727 5142; baseline -0.006 -17"><span class='ocrx_word' id='word_1_768' title='bbox 2138 5088 2279 5125; x_wconf 91' lang='grc' dir='ltr'>σεων</span> <span class='ocrx_word' id='word_1_769' title='bbox 2325 5068 2803 5142; x_wconf 75' lang='grc' dir='ltr'>προϐαλλομένους</span> <span class='ocrx_word' id='word_1_770' title='bbox 2859 5066 3167 5135; x_wconf 83' lang='grc' dir='ltr'>εὑρέματα,</span> <span class='ocrx_word' id='word_1_771' title='bbox 3210 5064 3305 5117; x_wconf 79' lang='grc' dir='ltr'>καὶ</span> <span class='ocrx_word' id='word_1_772' title='bbox 3361 5063 3520 5118; x_wconf 86' lang='grc' dir='ltr'>τοῦτο</span> <span class='ocrx_word' id='word_1_773' title='bbox 3556 5062 3619 5133; x_wconf 85' lang='grc' dir='ltr'>δὴ</span> <span class='ocrx_word' id='word_1_774' title='bbox 3664 5061 3727 5115; x_wconf 77' lang='grc' dir='ltr'>τὸ</span> 
     </span>
    </p>
   </div>
   <div class='ocr_carea' id='block_1_105' title="bbox 2129 5156 3728 5232">
    <p class='ocr_par' dir='ltr' id='par_1_105' title="bbox 2129 5156 3728 5232">
     <span class='ocr_line' id='line_1_105' title="bbox 2129 5156 3728 5232; baseline -0.008 -14"><span class='ocrx_word' id='word_1_775' title='bbox 2129 5164 2225 5218; x_wconf 89' lang='grc' dir='ltr'><strong>τοῦ</strong></span> <span class='ocrx_word' id='word_1_776' title='bbox 2255 5164 2416 5232; x_wconf 90' lang='grc' dir='ltr'>λόγου</span> <span class='ocrx_word' id='word_1_777' title='bbox 2448 5159 2761 5223; x_wconf 89' lang='grc' dir='ltr'>ποιοῦντας,</span> <span class='ocrx_word' id='word_1_778' title='bbox 2787 5158 2985 5222; x_wconf 76' lang='grc' dir='ltr'>’Λσπὶς</span> <span class='ocrx_word' id='word_1_779' title='bbox 3020 5158 3153 5228; x_wconf 87' lang='grc' dir='ltr'>παρ’</span> <span class='ocrx_word' id='word_1_780' title='bbox 3188 5157 3404 5227; x_wconf 79' lang='grc' dir='ltr'>ἐχίδνης</span> <span class='ocrx_word' id='word_1_781' title='bbox 3427 5156 3728 5225; x_wconf 81' lang='grc' dir='ltr'>φάρμακον</span> 
     </span>
    </p>
   </div>
   <div class='ocr_carea' id='block_1_106' title="bbox 442 5244 2028 5320">
    <p class='ocr_par' dir='ltr' id='par_1_106' title="bbox 442 5250 2028 5317">
     <span class='ocr_line' id='line_1_106' title="bbox 442 5250 2028 5317; baseline 0.004 -15"><span class='ocrx_word' id='word_1_782' title='bbox 442 5250 684 5317; x_wconf 75' lang='lat' dir='ltr'><strong>firmare,</strong></span> <span class='ocrx_word' id='word_1_783' title='bbox 738 5254 1049 5308; x_wconf 88' lang='lat' dir='ltr'><strong>secundum</strong></span> <span class='ocrx_word' id='word_1_784' title='bbox 1096 5254 1317 5309; x_wconf 87' lang='lat' dir='ltr'><strong>Domini</strong></span> <span class='ocrx_word' id='word_1_785' title='bbox 1365 5254 1691 5310; x_wconf 90' lang='lat' dir='ltr'><strong>methodum</strong></span> <span class='ocrx_word' id='word_1_786' title='bbox 1727 5255 1795 5310; x_wconf 87' lang='lat' dir='ltr'><strong>ad</strong></span> <span class='ocrx_word' id='word_1_787' title='bbox 1837 5255 2028 5309; x_wconf 83' lang='lat' dir='ltr'><strong>Phari-</strong></span> 
     </span>
    </p>
   </div>
   <div class='ocr_carea' id='block_1_107' title="bbox 2133 5244 3729 5320">
    <p class='ocr_par' dir='ltr' id='par_1_107' title="bbox 2133 5244 3729 5320">
     <span class='ocr_line' id='line_1_107' title="bbox 2133 5244 3729 5320; baseline -0.009 -11"><span class='ocrx_word' id='word_1_788' title='bbox 2133 5254 2461 5320; x_wconf 78' lang='grc' dir='ltr'>δανείζεται·</span> <span class='ocrx_word' id='word_1_789' title='bbox 2495 5252 2572 5315; x_wconf 84' lang='grc' dir='ltr'><strong>ὡς</strong></span> <span class='ocrx_word' id='word_1_790' title='bbox 2625 5250 2734 5305; x_wconf 84' lang='grc' dir='ltr'>τῶν</span> <span class='ocrx_word' id='word_1_791' title='bbox 2774 5250 3059 5320; x_wconf 85' lang='grc' dir='ltr'>ὑμετέρων</span> <span class='ocrx_word' id='word_1_792' title='bbox 3111 5247 3212 5301; x_wconf 77' lang='grc' dir='ltr'>οὐκ</span> <span class='ocrx_word' id='word_1_793' title='bbox 3240 5247 3555 5319; x_wconf 85' lang='grc' dir='ltr'>ἀρκούντων</span> <span class='ocrx_word' id='word_1_794' title='bbox 3595 5244 3729 5313; x_wconf 80' lang='grc' dir='ltr'>ὑμῖν</span> 
     </span>
    </p>
   </div>
   <div class='ocr_carea' id='block_1_108' title="bbox 440 5344 2031 5417">
    <p class='ocr_par' dir='ltr' id='par_1_108' title="bbox 440 5344 2031 5417">
     <span class='ocr_line' id='line_1_108' title="bbox 440 5344 2031 5417; baseline 0.003 -21"><span class='ocrx_word' id='word_1_795' title='bbox 440 5357 677 5397; x_wconf 69' lang='lat' dir='ltr'><strong>smorum</strong></span> <span class='ocrx_word' id='word_1_796' title='bbox 740 5345 1033 5417; x_wconf 86' lang='lat' dir='ltr'><strong>malignam</strong></span> <span class='ocrx_word' id='word_1_797' title='bbox 1093 5344 1589 5416; x_wconf 83' lang='lat' dir='ltr'><strong>interrogationem</strong></span> <span class='ocrx_word' id='word_1_798' title='bbox 1638 5344 2031 5415; x_wconf 89' lang='lat' dir='ltr'><strong>respondenlis</strong></span> 
     </span>
    </p>
   </div>
   <div class='ocr_carea' id='block_1_109' title="bbox 439 5426 2027 5511">
    <p class='ocr_par' dir='ltr' id='par_1_109' title="bbox 439 5426 2027 5511">
     <span class='ocr_line' id='line_1_109' title="bbox 439 5426 2027 5511; baseline 0.004 -25"><span class='ocrx_word' id='word_1_799' title='bbox 439 5449 538 5502; x_wconf 86' lang='lat' dir='ltr'><strong>per</strong></span> <span class='ocrx_word' id='word_1_800' title='bbox 579 5435 923 5504; x_wconf 89' lang='lat' dir='ltr'><strong>reciprocam</strong></span> <span class='ocrx_word' id='word_1_801' title='bbox 956 5438 1457 5511; x_wconf 84' lang='lat' dir='ltr'><strong>interrogationem</strong></span> <span class='ocrx_word' id='word_1_802' title='bbox 1497 5426 1566 5493; x_wconf 84' lang='lat' dir='ltr'><strong>ad</strong></span> <span class='ocrx_word' id='word_1_803' title='bbox 1604 5440 1755 5509; x_wconf 89' lang='lat' dir='ltr'><strong>ipsos</strong></span> <span class='ocrx_word' id='word_1_804' title='bbox 1796 5439 1865 5494; x_wconf 88' lang='lat' dir='ltr'><strong>de</strong></span> <span class='ocrx_word' id='word_1_805' title='bbox 1930 5438 2027 5493; x_wconf 90' lang='lat' dir='ltr'><strong>ba-</strong></span> 
     </span>
    </p>
   </div>
   <div class='ocr_carea' id='block_1_110' title="bbox 438 5524 915 5592">
    <p class='ocr_par' dir='ltr' id='par_1_110' title="bbox 438 5524 915 5592">
     <span class='ocr_line' id='line_1_110' title="bbox 438 5524 915 5592; baseline 0 -14"><span class='ocrx_word' id='word_1_806' title='bbox 438 5524 647 5592; x_wconf 84' lang='lat' dir='ltr'><strong>ptismo</strong></span> <span class='ocrx_word' id='word_1_807' title='bbox 665 5525 915 5581; x_wconf 86' lang='lat' dir='ltr'><strong>Joannis.</strong></span> 
     </span>
    </p>
   </div>
   <div class='ocr_carea' id='block_1_111' title="bbox 2138 5336 3727 5414">
    <p class='ocr_par' dir='ltr' id='par_1_111' title="bbox 2138 5336 3727 5414">
     <span class='ocr_line' id='line_1_111' title="bbox 2138 5336 3727 5414; baseline -0.008 -14"><span class='ocrx_word' id='word_1_808' title='bbox 2138 5349 2221 5412; x_wconf 88' lang='grc' dir='ltr'><strong>είς</strong></span> <span class='ocrx_word' id='word_1_809' title='bbox 2255 5345 2496 5414; x_wconf 86' lang='grc' dir='ltr'>παντελῆ</span> <span class='ocrx_word' id='word_1_810' title='bbox 2562 5341 2885 5406; x_wconf 79' lang='grc' dir='ltr'>κακοδοξίαν</span> <span class='ocrx_word' id='word_1_811' title='bbox 2944 5340 3322 5412; x_wconf 81' lang='grc' dir='ltr'>σοφισμάτων,</span> <span class='ocrx_word' id='word_1_812' title='bbox 3375 5337 3569 5407; x_wconf 84' lang='grc' dir='ltr'>ἀπόρῳ</span> <span class='ocrx_word' id='word_1_813' title='bbox 3624 5336 3727 5407; x_wconf 82' lang='grc' dir='ltr'><strong>τὴν</strong></span> 
     </span>
    </p>
   </div>
   <div class='ocr_carea' id='block_1_112' title="bbox 2134 5428 3728 5509">
    <p class='ocr_par' dir='ltr' id='par_1_112' title="bbox 2134 5428 3728 5509">
     <span class='ocr_line' id='line_1_112' title="bbox 2134 5428 3728 5509; baseline -0.009 -14"><span class='ocrx_word' id='word_1_814' title='bbox 2134 5439 2375 5509; x_wconf 87' lang='grc' dir='ltr'>ἀπορίαν</span> <span class='ocrx_word' id='word_1_815' title='bbox 2398 5436 2758 5507; x_wconf 74' lang='grc' dir='ltr'>ἐλέγχεσθαι·</span> <span class='ocrx_word' id='word_1_816' title='bbox 2792 5433 2936 5488; x_wconf 88' lang='grc' dir='ltr'><strong>κατά</strong></span> <span class='ocrx_word' id='word_1_817' title='bbox 2964 5434 3065 5505; x_wconf 82' lang='grc' dir='ltr'><strong>τὴν</strong></span> <span class='ocrx_word' id='word_1_818' title='bbox 3102 5432 3403 5503; x_wconf 85' lang='grc' dir='ltr'>γενομένην</span> <span class='ocrx_word' id='word_1_819' title='bbox 3433 5428 3728 5500; x_wconf 68' lang='lat' dir='ltr'><strong>Rupta.th</strong></span> 
     </span>
    </p>
   </div>
   <div class='ocr_carea' id='block_1_113' title="bbox 2137 5521 3723 5603">
    <p class='ocr_par' dir='ltr' id='par_1_113' title="bbox 2137 5521 3723 5603">
     <span class='ocr_line' id='line_1_113' title="bbox 2137 5521 3723 5603; baseline -0.008 -17"><span class='ocrx_word' id='word_1_820' title='bbox 2137 5531 2359 5603; x_wconf 80' lang='grc' dir='ltr'>μέθοδον</span> <span class='ocrx_word' id='word_1_821' title='bbox 2397 5529 2537 5601; x_wconf 86' lang='grc' dir='ltr'>πρὸς</span> <span class='ocrx_word' id='word_1_822' title='bbox 2564 5529 2665 5599; x_wconf 85' lang='grc' dir='ltr'><strong>τὴν</strong></span> <span class='ocrx_word' id='word_1_823' title='bbox 2710 5526 2821 5580; x_wconf 88' lang='grc' dir='ltr'>τῶν</span> <span class='ocrx_word' id='word_1_824' title='bbox 2867 5526 3183 5598; x_wconf 74' lang='grc' dir='ltr'>Φαρισαίων</span> <span class='ocrx_word' id='word_1_825' title='bbox 3224 5523 3533 5598; x_wconf 87' lang='grc' dir='ltr'>πανοῦργον</span> <span class='ocrx_word' id='word_1_826' title='bbox 3583 5521 3723 5594; x_wconf 78' lang='grc' dir='ltr'>ἐρώ-</span> 
     </span>
    </p>
   </div>
   <div class='ocr_carea' id='block_1_114' title="bbox 440 5619 2952 5701">
    <p class='ocr_par' dir='ltr' id='par_1_114' title="bbox 440 5619 2952 5701">
     <span class='ocr_line' id='line_1_114' title="bbox 440 5619 2952 5701; baseline 0.007 -30"><span class='ocrx_word' id='word_1_827' title='bbox 440 5634 618 5690; x_wconf 80' lang='grc' dir='ltr'>τησιν,</span> <span class='ocrx_word' id='word_1_828' title='bbox 648 5619 738 5674; x_wconf 80' lang='grc' dir='ltr'>διὰ</span> <span class='ocrx_word' id='word_1_829' title='bbox 768 5623 873 5693; x_wconf 85' lang='grc' dir='ltr'>τῆς</span> <span class='ocrx_word' id='word_1_830' title='bbox 933 5625 1067 5696; x_wconf 74' lang='grc' dir='ltr'>περὶ</span> <span class='ocrx_word' id='word_1_831' title='bbox 1101 5624 1195 5680; x_wconf 89' lang='grc' dir='ltr'><strong>τοῦ</strong></span> <span class='ocrx_word' id='word_1_832' title='bbox 1263 5626 1643 5698; x_wconf 85' lang='grc' dir='ltr'>βαπτίσματος</span> <span class='ocrx_word' id='word_1_833' title='bbox 1694 5628 1943 5685; x_wconf 83' lang='grc' dir='ltr'>Ἰωάννου</span> <span class='ocrx_word' id='word_1_834' title='bbox 2010 5628 2147 5701; x_wconf 79' lang='grc' dir='ltr'>πρὸς</span> <span class='ocrx_word' id='word_1_835' title='bbox 2194 5630 2391 5693; x_wconf 75' lang='grc' dir='ltr'>αὐτοὺς</span> <span class='ocrx_word' id='word_1_836' title='bbox 2429 5625 2952 5699; x_wconf 78' lang='grc' dir='ltr'>ἁντεπερωτήσεωςο</span> 
     </span>
    </p>
   </div>
   <div class='ocr_carea' id='block_1_115' title="bbox 517 5820 1003 5892">
    <p class='ocr_par' dir='ltr' id='par_1_115' title="bbox 517 5820 1003 5892">
     <span class='ocr_line' id='line_1_115' title="bbox 517 5820 1003 5892; baseline 0.006 -20"><span class='ocrx_word' id='word_1_837' title='bbox 517 5827 550 5872; x_wconf 74' lang='grc'><strong><em>1</em></strong></span> <span class='ocrx_word' id='word_1_838' title='bbox 579 5820 699 5874; x_wconf 83' lang='lat' dir='ltr'><strong>Psal</strong></span> <span class='ocrx_word' id='word_1_839' title='bbox 752 5836 880 5892; x_wconf 78' lang='lat' dir='ltr'><strong>xvu,</strong></span> <span class='ocrx_word' id='word_1_840' title='bbox 910 5823 1003 5876; x_wconf 69' lang='lat'><strong>27.</strong></span> 
     </span>
    </p>
   </div>
  </div>
