4116 6470
405 423 541 492 1689

978 546 1028 599 K
1041 545 1238 599 ΕΦΔΛ.
1271 546 1394 600 ΚΔ’.
1422 538 1423 541 ¹

370 666 377 670 -
473 636 539 691 Εἰ
568 638 628 691 ἐν
656 640 722 708 τῇ
752 637 954 710 γαστρὶ
1002 639 1100 708 τῆς
1135 638 1416 709 Παρθένου
1456 640 1489 710 ἡ
1527 638 1699 711 Τριάς
1728 638 1849 693 κατ’
1894 638 1985 691 οὐ-

407 731 549 795 σίαν,
578 731 843 802 ἐγεννήθη
868 731 925 784 δέ
952 733 981 785 6
1010 732 1143 795 Θεὸς
1184 733 1357 803 Λόγος
1394 734 1515 788 κατ’
1548 734 1739 787 οὐσίαν
1771 735 1837 786 ἐκ
1885 730 1985 798 τῆς

406 822 710 895 Παρθένου,
767 825 801 893 ἠ
844 823 1017 894 Τριάς
1070 824 1178 895 ἄρα
1221 826 1485 897 ἐγεννήθη
1524 828 1589 880 ἐκ
1616 827 1717 896 τῆς
1769 822 1985 895 Παρθέ-

406 931 519 967 νου.
563 913 716 967 Ἐπεὶ
758 911 851 968 οῦν
888 917 917 968 6
948 915 1076 979 Υίδς
1114 918 1179 969 ἐκ
1224 915 1319 969 τοῦ
1363 918 1577 988 Πατρδς
1631 916 1982 985 γεγέννηται·

406 1005 714 1075 ἀδιαίρετος
745 1006 803 1058 δὲ
837 1006 936 1076 τῆς
961 1008 1126 1075 ἀγίας
1167 1008 1397 1078 Τριάδος
1435 1009 1468 1078 ἠ
1516 1008 1694 1069 οὐσία,
1745 1008 1852 1077 ἄρα
1893 1006 1986 1059 καὶ

406 1096 647 1169 ὁΠατὴρ
680 1098 843 1162 αὐτὸς
884 1099 979 1152 κα)⁸
1030 1099 1092 1151 τὸ
1152 1098 1309 1168 ἆγιον
1348 1100 1596 1170 Πνεῦμα,
1629 1100 1986 1170 γεγέννηνται

408 1189 533 1243 καθ’
562 1190 739 1258 ὑμᾶς’
766 1189 846 1242 ἔτι
875 1192 995 1242 ἐπεὶ
1026 1191 1055 1243 6
1089 1192 1276 1262 Πατὴρ
1298 1192 1358 1245 οὐ
1390 1191 1715 1262 γεγέννηται
1735 1190 1797 1243 ἔκ
1821 1207 1984 1252 τινος,

407 1277 528 1329 οὐδὲ
559 1278 983 1349 ἐκπεπόρευται,
1013 1280 1133 1332 οὐδὲ
1168 1282 1195 1333 6
1222 1280 1351 1343 Υἱὸς
1384 1280 1506 1333 οὐδὲ
1542 1280 1604 1333 :6
1624 1279 1850 1349 Πνεῦμα
1878 1281 1987 1349 ἀρα

408 1369 528 1421 καθ’
557 1369 702 1439 ὑμᾶς
731 1370 796 1423 ἐκ
817 1369 913 1423 τοῦ
945 1370 1157 1442 Πατρός
1186 1371 1355 1423 εἰσιν·
1405 1370 1713 1443 ἀδιαίρετος
1741 1371 1849 1442 γὰρ
1883 1372 1983 1425 αὐ-

408 1464 522 1524 τοῖς
560 1464 592 1530 ἡ
640 1462 831 1514 οὐσία·
881 1464 973 1515 ἐπὶ
1030 1462 1214 1516 πλεῖον
1257 1465 1355 1534 μὲν
1387 1460 1480 1517 οὗν
1518 1467 1641 1528 ταῖς
1689 1465 1989 1535 ὑμετέραις

412 1553 888 1623 συμπεριάγεσθαι
937 1554 1275 1624 δυσφημίαις
1312 1555 1746 1627 παραιτούμεθα,
1800 1556 1886 1608 ἵνα
1912 1555 1989 1625 μὴ

410 1644 548 1712 7:96;
578 1644 799 1714 ἔλεγχον
850 1644 1004 1714 ὐμῶν
1047 1645 1462 1715 ἀσχολούμενοι,
1509 1646 1646 1718 πρὸς
1681 1646 1987 1717 ἀθεσμολο-

408 1733 535 1801 γίαν
558 1735 785 1798 ἑαυτοὺς
815 1736 908 1787 καὶ
945 1736 1108 1805 ἡμεῖς
1154 1735 1542 1805 συνεθίζωμεν.
1598 1736 1737 1789 Ἀλλ’
1786 1735 1989 1790 οὑτωσὶ

414 1824 517 1894 μὲν
557 1825 695 1894 πρὸς
728 1824 791 1878 τὸ
830 1824 1008 1896 παρὸν
1033 1825 1292 1893 ἐφεκτέον
1324 1826 1779 1894 σκολιευομένους
1805 1828 1983 1897 ὑμᾶς·

1387 429 1782 491 ADVERSUS
1822 430 2371 491 NESTORIANOS.
2405 456 2473 467 -α-
2509 429 2653 489 LIB.
2696 430 2793 491 IV.

2011 555 2058 609 A

3522 417 3663 488 1690

2700 541 2850 597 CAP.
2875 538 3063 594 XXIV.

2157 639 2213 693 Si
2257 639 2311 693 in
2340 647 2501 693 utero
2527 635 2769 706 Virginis
2803 632 3046 687 Trinitas
3083 639 3171 687 est
3192 627 3499 685 secundum
3529 628 3663 683 sub-

2086 729 2367 793 stantiam,
2405 728 2624 798 genitus
2662 736 2747 781 est
2772 736 2955 780 autem
2983 726 3128 779 Deus
3164 722 3405 779 Verbum
3435 736 3503 774 ex
3539 721 3662 773 Vir-

2087 823 2213 894 gine
2247 821 2553 876 secundum
2587 817 2984 882 substantiam;
3023 830 3153 885 ergo
3190 813 3433 867 Trinitas
3478 810 3662 881 genita

2087 925 2170 969 est
2203 930 2269 967 ex
2294 910 2801 982 Virgine.—lgitur,
2826 923 2949 962 cum
2986 906 3160 960 Filius
3182 920 3248 958 ex
3262 904 3420 957 Patre
3444 902 3663 972 genitus

2089 1006 2178 1062 sit.
2209 1002 2442 1057 indivisa
2468 1010 2555 1054 est
2578 1008 2759 1054 autem
2784 1006 2987 1053 saneta:
3006 994 3297 1050 Trinitatis
3317 992 3659 1056 substantia;

2088 1112 2242 1166 ergo,
2273 1096 2427 1165 juxta
2461 1108 2579 1156 vos,
2610 1102 2665 1146 et
2697 1090 2812 1161 ipse
2840 1091 3000 1145 Pater
3042 1098 3098 1143 et
3149 1087 3388 1158 Spiritus
3435 1092 3662 1141 sanctus

2089 1188 2260 1259 geniti
2294 1195 2425 1241 sunt
2454 1202 2468 1251 ;
2493 1195 2549 1239 et
2571 1182 2817 1245 aliunde,
2858 1198 2985 1237 cum
3024 1181 3189 1235 Pater
3216 1196 3245 1233 a
3266 1179 3419 1232 nullo
3443 1178 3663 1248 genitus

2089 1281 2161 1335 sit
2190 1293 2291 1332 nec
2315 1275 2600 1347 procedat,
2633 1277 2787 1346 juxta
2815 1288 2915 1327 vos
2947 1287 3077 1342 ergo
3115 1286 3297 1340 neque
3348 1270 3520 1323 Filius
3567 1284 3667 1323 ne-

2089 1387 2198 1443 que
2248 1370 2490 1440 Spiritus
2528 1377 2753 1423 sanctus
2802 1382 2831 1420 a
2870 1366 3034 1420 Patre
3076 1372 3243 1418 sunt:
3291 1361 3527 1415 indivisa
3576 1368 3666 1415 est

2089 1466 2236 1520 enim
2287 1463 2393 1515 illis
2437 1459 2768 1516 substantia.
2812 1457 3064 1527 Amplius
3093 1465 3279 1510 autem
3320 1453 3520 1509 vestris
3563 1468 3664 1506 vo-

2089 1559 2304 1613 biscum
2358 1552 2654 1622 circumagi
2710 1549 3072 1619 blasphemiis
3111 1548 3419 1610 renuimus,
3462 1560 3555 1609 ne,
3607 1543 3663 1597 in

2088 1662 2328 1705 vestram
2362 1646 2795 1702 confutationem
2826 1643 3046 1706 intenti,
3088 1640 3155 1695 ad
3205 1639 3526 1709 illegitimas
3563 1652 3663 1690 vo-

2089 1758 2185 1797 ces
2223 1738 2329 1810 ipsi
2382 1754 2483 1793 nos
2520 1750 2924 1791 assuescamus.
2966 1731 3071 1788 Sed
3109 1730 3177 1786 ad
3220 1746 3463 1801 prmsens
3512 1727 3666 1782 sina-

2088 1843 2213 1882 mus
2240 1842 2340 1881 vos
2364 1840 2653 1895 perperam
2675 1823 2906 1878 sentire.
2937 1820 3080 1887 Quid
3111 1827 3293 1874 autem
3332 1818 3401 1872 de
3450 1818 3537 1872 his
3575 1816 3664 1870 di-

405 1893 499 1965 τδν
531 1893 752 1983 δὲίπερὶ
774 1893 941 1965 τῶνδε
968 1912 1126 1980 λόγον
1156 1913 1305 1975 ὅπως
1353 1929 1414 1965 τε
1442 1911 1661 1981 λέγεται
1716 1914 1810 1966 καὶ
1838 1893 1985 1977 δπως

2090 1918 2326 1975 cendum
2368 1917 2453 1972 vel
2480 1915 2831 1971 sentiendum
2861 1914 2955 1980 sit,
2984 1912 3097 1967 suis
3138 1911 3422 1981 prophetis
3458 1909 3665 1963 veritas

408 2006 634 2069 νοεῖται,
681 2006 793 2067 τοῖς
851 2004 1005 2069 ίδίοις
1059 2004 1369 2075 ὐποφήταις
1416 2005 1450 2074 ἡ
1482 2003 1712 2074 ἀλήθεια
1743 2004 1982 2071 ἔδειξεν·

407 2095 465 2147 ἐν
498 2088 576 2158 οἷς
600 2096 714 2157 τοϊς
739 2095 928 2159 κακῶς
970 2094 1241 2167 διαιροῦσι
1271 2096 1366 2149 καὶ
1417 2095 1641 2165 φαύλως
1693 2097 1985 2166 συγχέουσι

404 2187 501 2241 τὸν
527 2188 628 2260 τῆς
655 2188 816 2259 ἀγίας
833 2187 1157 2260 ὐπερουσίου
1189 2187 1421 2258 Τριάδος
1464 2187 1624 2258 λόγον
1665 2188 1982 2260 ἀπελέγχει.

986 2303 1238 2357 ΚΕΦΑΛ.
1266 2303 1398 2357 ΚΕ’.

475 2393 593 2457 Πᾶς
648 2392 808 2453 τόκος
838 2392 1184 2463 ἐγνωσμένος
1248 2393 1317 2462 τῇ
1361 2390 1486 2463 θείᾳ
1536 2392 1727 2463 Γραφῇ
1764 2394 1829 2447 ἐκ
1874 2391 1986 2445 τῶν

2088 2008 2513 2074 demonstravit,
2553 2008 2608 2061 in
2641 2008 2845 2077 quibus
2870 2006 3011 2059 male
3053 2003 3365 2058 dividentes
3406 2010 3499 2056 aut
3536 2017 3664 2071 per-

2085 2116 2243 2158 verse
2283 2098 2685 2156 confundentes
2715 2106 2917 2152 sanctae
2948 2090 3497 2164 supersubstantialis
3539 2088 3664 2143 'l‘ri-

2085 2192 2277 2250 nitatis
2307 2191 2581 2246 rationem
2608 2188 2883 2244 confutat.

2686 2300 2840 2356 CAP.
2890 2297 3059 2354 XXV.

2156 2396 2348 2453 Omnis
2379 2400 2569 2465 partus
2597 2392 2787 2447 divina
2820 2390 3104 2460 Scriptura
3142 2386 3416 2458 cognitus,
3451 2401 3517 2440 ex
3547 2400 3667 2438 om—

384 2489 582 2563 πάντη
616 2485 892 2556 ἀνομοίων
920 2484 1151 2555 ἀνόμοια
1179 2483 1404 2546 τίκτων.
1446 2484 1674 2537 ἐπαίνου
1707 2484 1768 2538 :6
1801 2484 1985 2537 τίκτον

2087 2490 2223 2544 nino
2275 2486 2644 2543 dissimilibus
2699 2483 2995 2539 dissimilia
3045 2480 3305 2551 gignens,
3358 2477 3519 2532 laude
3578 2476 3667 2529 vel

409 2579 628 2651 ἢψόγου
680 2578 954 2633 δείκνυσιν
986 2578 1169 2645 ἄξιον·
1225 2575 1449 2630 ἐπαίνου
1498 2577 1616 2647 μὲν,
1668 2576 1767 2641 ὡς,
1823 2596 1841 2628 ι
1887 2576 1986 2630 Διά

406 2674 497 2727 τὸν
524 2671 689 2742 φόϐον
724 2689 841 2733 σου,
875 2669 1073 2742 Κύριε,
1102 2670 1161 2723 ἐν
1191 2670 1393 2739 γαστρὶ
1421 2668 1689 2739 ἐλάϐομεν
1738 2669 1833 2721 καὶ
1870 2668 1988 2720 ἐτέ-

406 2781 603 2836 κομεν·
650 2785 669 2816 ι
702 2764 872 2834 ψόγου
898 2762 978 2828 δὲ,
1021 2762 1096 2826 ὡς
1116 2762 1200 2825 τὸ,
1234 2780 1253 2815 ι
1304 2762 1437 2815 Ἰδοὺ
1471 2761 1734 2831 ὼδίνησεν
1750 2758 1985 2825 ἀδικίαν,

408 2857 665 2910 συνέλαϐε
688 2857 869 2920 πόνον,
896 2854 989 2908 καὶ
1006 2853 1189 2907 ἔτεκεν
1213 2852 1465 2922 ἀνομίαν.
1497 2871 1515 2904 ι
1546 2853 1659 2905 Πᾶν
1673 2852 1729 2904 δὲ
1744 2851 1805 2903 τὸ
1829 2853 1988 2903 ἐπαι-

406 2947 668 3016 νούμενον
701 2947 734 3018 ἢ
756 2946 1061 3016 ψεγόμενον
1089 2947 1146 2998 ἐν
1175 2944 1255 3015 τῷ
1268 2944 1494 3004 τίκτειν,
1515 2944 1580 2996 ἐκ
1604 2943 1705 3013 τῆς
1724 2943 1988 3012 προαιρέ-

408 3056 548 3102 σεως
588 3039 682 3091 καὶ
721 3039 823 3091 οὐκ
862 3041 927 3091 ἐκ
951 3040 1050 3108 τῆς
1084 3036 1274 3099 οὐσίας
1314 3035 1376 3088 τὸ
1425 3034 1746 3103 τικτόμενον
1774 3032 1983 3086 τίκτει·

408 3130 519 3191 πᾶς
553 3127 662 3198 ἄρα
691 3128 850 3190 τόκος
872 3126 1279 3195 γινωσκόμενος
1297 3126 1364 3193 τῇ
1405 3123 1527 3193 θείᾳ
1556 3123 1746 3193 Γραφῇ
1783 3124 1848 3174 ὲκ
1876 3121 1987 3174 τῶν

2088 2579 2523 2651 reprehensione
2562 2578 2789 2649 dignum
2817 2575 3131 2646 gignentem
3177 2569 3457 2634 ostendit;
3502 2568 3664 2622 laude

2087 2674 2335 2744 quidem,
2367 2679 2430 2726 ut
2456 2688 2470 2725 :
2506 2690 2525 2724 ι
2555 2671 2790 2739 Propter
2817 2667 3073 2722 timorem
3110 2672 3287 2729 tuum,
3312 2662 3559 2724 Domine,
3608 2660 3665 2712 in

2088 2775 2248 2822 utero
2268 2766 2565 2819 habuimus
2590 2771 2647 2817 et
2667 2761 3065 2832 parturivimus
3089 2767 3111 2793 ³
3135 2776 3149 2821 ;
3180 2776 3200 2809 ι
3234 2753 3665 2825 reprehensione

2088 2875 2243 2924 vero,
2270 2866 2330 2912 ut
2358 2875 2373 2912 :
2410 2876 2429 2907 ι
2458 2855 2722 2911 Parturiit
2752 2852 3098 2924 iniustitiam,
3138 2848 3389 2917 concepit
3415 2847 3665 2900 dolorem

2087 2960 2144 3007 et
2181 2950 2396 3021 peperit
2437 2948 2789 3017 iniquitatem
2820 2958 2867 2998 ει.
2912 2965 2930 2997 ι
2960 2942 3245 3012 Quidquid
3272 2949 3456 2994 autem
3503 2940 3556 2992 in
3584 2937 3665 3007 gi-

2088 3042 2306 3113 gnendo
2350 3040 2611 3094 laudatur
2641 3038 2728 3092 vel
2776 3033 3231 3105 reprehenditur,
3271 3047 3341 3085 ex
3383 3029 3667 3084 voluntate

2088 3144 2144 3190 et
2195 3150 2302 3189 non
2348 3148 2416 3187 ex
2468 3130 2774 3185 substantia
2823 3125 2999 3198 gignit
3040 3126 3191 3195 quod
3231 3122 3423 3195 gignit.
3476 3119 3670 3176 Omnis

407 3220 582 3289 πάντη
606 3218 873 3290 ἀνομοίων
893 3218 1126 3288 ἀνόμοια
1149 3216 1374 3280 τίκτων,
1405 3216 1471 3268 ἐκ
1487 3214 1586 3284 τῆς
1612 3212 1985 3284 προαιρέσεως

2090 3241 2223 3296 ergo
2270 3232 2463 3295 partus
2493 3223 2681 3277 divina
2713 3221 3003 3290 Scriptura
3032 3216 3307 3288 cognitus,
3342 3228 3410 3267 ex
3443 3211 3669 3266 omnino

406 3313 502 3364 καὶ
531 3312 632 3392 οὐκ
665 3314 731 3365 ἐκ
762 3314 861 3381 τῆς
898 3309 1088 3373 οὐσίας
1117 3309 1294 3363 τίκτει
1337 3308 1399 3361 τὸ
1445 3308 1786 3376 τικτόμενον.
1819 3305 1985 3358 Ποίαν

2088 3316 2457 3373 dissimilibus
2488 3312 2777 3369 dissimilia
2807 3312 3057 3383 gignens,
3081 3325 3149 3364 ex
3175 3308 3458 3363 voluntate
3478 3310 3534 3359 et
3557 3318 3669 3357 non

406 3405 538 3474 ἡμῖν
561 3403 670 3473 ἄρα
691 3402 1054 3473 ἀνομοιότητα
1081 3399 1407 3454 ὑποτίθεσθε
1428 3398 1527 3470 τὴν
1562 3399 1681 3451 κατ’
1705 3396 1917 3461 οὐσίαν,
1951 3395 1984 3467 ἢ

2089 3424 2156 3463 ex
2209 3406 2518 3462 substantia
2576 3403 2751 3476 gignit
2793 3402 2943 3473 quod
2976 3400 3171 3474 gignit.
3200 3428 3271 3438 —
3300 3393 3668 3463 Quaarcndum

406 3492 551 3548 κατὰ
576 3511 631 3547 τι
660 3493 1034 3564 συμϐεϐηκὸς,
1070 3493 1164 3545 καλ⁵
1204 3490 1321 3553 πῶς
1341 3490 1493 3543 ἔσται
1518 3488 1717 3559 ἀληθὲς
1746 3488 1807 3541 τὸ
1832 3490 1985 3559 εἰρη-

2088 3499 2252 3555 nobis
2287 3507 2373 3553 est
2407 3496 2624 3566 qualem
2658 3493 3173 3549 dissimilitudinem
3220 3484 3546 3557 supponatis
3590 3498 3673 3537 se-

410 3586 571 3654 μένον
592 3586 742 3655 ὐμϊν,
769 3583 1102 3648 ἐξεταστέον.
1130 3581 1195 3634 Εί
1219 3582 1318 3651 μὲν
1342 3580 1451 3651 γὰρ
1474 3578 1615 3633 κατά
1628 3578 1726 3649 τὴν
1755 3577 1985 3645 οὐσιώδη

2090 3590 2333 3647 cundum
2380 3587 2747 3642 substantiam
2794 3594 2888 3639 aut
2917 3581 3222 3638 secundum
3257 3576 3477 3647 aliquod
3519 3573 3670 3629 acci-

406 3676 672 3746 διαφοράν
720 3674 796 3730 ὡς
854 3676 912 3729 ἐν
949 3674 1196 3744 ποιότητι
1246 3674 1451 3743 φυσικῇ
1486 3687 1645 3737 φατε,
1700 3669 1808 3723 ίδού
1841 3668 1905 3721 ἔκ
1931 3684 1985 3720 τε

2090 3683 2251 3745 dens,
2283 3691 2341 3735 et
2366 3678 2647 3749 quomodo
2677 3692 2871 3732 verum
2904 3677 2975 3731 sit
3000 3672 3147 3743 quod
3182 3670 3386 3725 dicitis.
3426 3666 3481 3722 Si
3522 3665 3671 3720 enim

406 3764 571 3818 λίθων
591 3764 685 3818 καὶ
709 3762 828 3829 σιδή
838 3778 945 3834 ρων
971 3762 1066 3815 καὶ
1087 3760 1259 3826 ξύλων
1280 3758 1632 3830 πυρεκϐόλων
1659 3756 1772 3828 πῦρ
1794 3757 1985 3824 γεννᾶ-

2091 3774 2402 3832 secundum
2469 3770 2889 3827 substantialem
2956 3764 3359 3825 differentiam,
3410 3756 3566 3829 quasi
3616 3757 3671 3811 in

368 3908 373 3911 .
398 3873 519 3947 ‘71:,
546 3855 605 3920 ἐξ
641 3854 911 3925 ἀνομοίων
956 3852 1016 3908 6v
1042 3853 1294 3923 ἀνόμοιον
1322 3852 1444 3905 κατ’
1483 3849 1674 3903 οὐσίαν
1694 3865 1708 3879 ο
1747 3849 1843 3901 καὶ
1866 3846 1985 3901 οὐτε

2092 3866 2357 3937 qualitate
2405 3864 2656 3935 physica,
2709 3861 2929 3925 dicitis,
2978 3860 3121 3914 Ecce
3175 3872 3243 3912 ex
3296 3853 3573 3924 lapidibus
3616 3858 3675 3905 et

407 3950 633 4003 ἐπαίνου
663 3946 789 4001 οὐτε
822 3946 992 4017 ψόγου
1021 3945 1296 4000 δείκνυσιν
1330 3944 1478 4009 ἀξιον
1505 3943 1567 3995 τὸ
1588 3944 1773 3995 τίκτον
1796 3958 1810 3973 ο
1843 3940 1907 3994 ἐκ
1932 3958 1985 3994 τε

2094 3954 2244 4009 ferro
2270 3960 2327 4007 et
2348 3950 2513 4022 lignis
2545 3948 2795 4020 igniferis
2824 3947 2967 4019 ignis
3001 3952 3318 4017 generatur,
3351 3958 3419 3997 ex
3440 3938 3679 3994 dissimi-

407 4043 682 4113 λαχάνων,
703 4041 941 4110 κάμπαι·
960 4038 1055 4093 καὶ
1070 4041 1134 4091 ἐκ
1158 4037 1329 4108 μυῶν,
1348 4035 1521 4090 εὐλαί·
1540 4034 1808 4105 ἀνομοίων
1824 4033 1985 4087 όντων

2093 4046 2244 4101 libus
2300 4059 2434 4099 sane
2484 4040 2771 4097 dissimilis
2816 4038 3123 4096 secundum
3166 4034 3557 4094 substantiam,
3618 4039 3676 4085 et

408 4135 518 4186 τῶν
537 4131 805 4186 τεκόντων
818 4128 961 4184 κατὰ
977 4128 1075 4199 τὴν
1098 4128 1285 4181 οὐσίαν
1305 4127 1489 4191 αὐτοῖς
1509 4141 1522 4155 ·
1543 4125 1639 4179 καὶ
1654 4122 1778 4177 οὐτε
1793 4123 1985 4195 ψεκτδν

2095 4153 2277 4206 neque
2302 4134 2467 4190 laude
2502 4147 2686 4203 neque
2708 4129 3140 4200 reprehensione
3172 4127 3401 4196 dignum
3430 4122 3678 4178 ostendit

408 4224 535 4278 οὐτε
564 4224 851 4279 ἐπαινετόν
873 4238 886 4252 ·
910 4221 1028 4277 ἀλλ’
1057 4222 1207 4292 ὅμως
1233 4222 1345 4282 τοῖς
1367 4217 1808 4289 παραδείγμασιν
1839 4215 1985 4286 ὑμῶν

2096 4231 2441 4301 gignentem.
2484 4226 2555 4280 Et
2578 4241 2646 4280 ex
2674 4221 3050 4293 leguminibus
3080 4234 3307 4288 campa‘,
3343 4226 3399 4272 et
3442 4232 3509 4270 ex
3556 4230 3678 4268 mu-

409 4316 825 4387 ἐπιστήσαντες,
887 4312 1087 4385 μᾶλλον
1129 4310 1227 4379 τὴν
1277 4309 1422 4363 κατά
1469 4308 1567 4377 τὴν
1638 4307 1873 4377 ὓπαρξιν
1904 4309 1985 4359 ἀν-

2097 4321 2255 4376 ribus
2303 4333 2543 4384 vermes,
2588 4315 2954 4371 dissimilibus
2994 4322 3142 4368 certe
3190 4308 3545 4381 gignentibus
3591 4321 3679 4361 se-

407 4409 709 4479 ομοιὸτητα
739 4404 1000 4475 λέγεσθαι
1036 4404 1066 4455 ὐ
1078 4404 1167 4471 μίν
1207 4402 1494 4471 νοήσομεν·
1529 4398 1624 4451 καὶ
1650 4397 1710 4450 τὸ
1742 4399 1985 4467 ἀνόμοιοι

2099 4411 2343 4466 cundum
2377 4407 2743 4463 substantiam
2784 4426 2797 4460 :
2844 4420 2947 4459 nec
2975 4412 3061 4458 est
3086 4402 3234 4456 laudi
3266 4401 3349 4454 vel
3374 4398 3680 4469 reprehen-

408 4502 471 4553 τὸ
524 4497 917 4568 ἐπαινούμενον
973 4495 1007 4564 ἢ
1062 4493 1399 4563 ψεγόμενον,
1465 4489 1540 4553 ὼς
1584 4489 1643 4553 ἐξ
1703 4488 1985 4559 ἀνθρώποι-

2100 4502 2245 4556 sioni
2314 4501 2492 4555 locus.
2569 4498 2676 4553 Sed
2752 4505 2935 4551 tamen
3002 4490 3397 4565 praetermissis
3479 4488 3683 4543 vestris

411 4591 512 4663 τὴν
541 4589 831 4659 ἀνομοίαν,
862 4588 895 4657 ἦ
928 4587 988 4639 τὸ
1042 4584 1266 4655 Πνεῦμα
1312 4583 1411 4653 τῆς
1440 4581 1713 4651 σωτηρίας
1744 4582 1985 4651 τικτόμε-

2099 4592 2388 4662 exemplis,
2428 4590 2615 4661 potius
2644 4585 3158 4643 dissimilitudinem
3198 4580 3504 4637 secundum
3539 4578 3685 4632 exsi-

394 4702 526 4739 -vov.
561 4682 719 4737 Ἐπεὶ
750 4676 845 4734 οὖν
881 4680 942 4733 τὸ
968 4678 1153 4731 τίκτον
1183 4676 1276 4729 ἐπὶ
1303 4675 1413 4730 τῶν
1460 4674 1730 4745 ἀνομοίων
1778 4673 1985 4737 πάντως

2098 4684 2356 4740 stentiam
2396 4698 2426 4736 a
2454 4682 2610 4736 vobis
2636 4680 2745 4735 dici
2784 4678 3127 4750 putabimus,
3162 4684 3221 4730 et
3260 4671 3531 4728 dissimile
3564 4670 3685 4723 lau-

413 4775 638 4829 ἐπαίνου
666 4773 701 4845 ἢ
728 4772 897 4843 ψόγου
928 4768 1164 4834 ἀξιοῦτε,
1193 4766 1492 4822 κάντεῦθεν
1525 4768 1592 4820 ἐκ
1622 4766 1985 4838 προαιρέσεως

2098 4777 2287 4831 datum
2318 4775 2403 4829 vel
2431 4773 2808 4842 vituperatum
2835 4781 3096 4840 tanquam
3124 4783 3192 4823 ex
3236 4764 3465 4819 homine
3510 4760 3680 4814 dissi-

413 4866 557 4923 εἶναι
589 4867 684 4920 τὸν
712 4866 872 4919 τόκον
902 4860 1290 4929 συλλογίζεσθε
1317 4875 1331 4890 ·
1367 4858 1455 4912 ἵνα
1486 4859 1582 4911 καλ⁸
1613 4860 1677 4911 ἐκ
1721 4858 1820 4927 τῆς
1846 4855 1985 4910 κατά

2096 4868 2494 4929 militudinem,
2522 4875 2579 4921 et
2602 4865 2859 4935 spiritum
2884 4862 3080 4918 salutis
3106 4859 3376 4931 genitum.
3407 4854 3546 4921 Quia
3578 4851 3681 4922 igi-

411 4962 507 5015 τὸν
537 4959 817 5026 Δεσπότην
873 4953 1265 5023 ἀνομοιότητος
1324 4951 1389 5002 ἐκ
1419 4947 1800 5020 προαιρέσεως
1837 4946 1985 5014 λέγει

2100 4968 2190 5015 tur
2213 4959 2359 5030 quod
2391 4959 2569 5030 gignit
2594 4958 2663 5012 de
2704 4956 3072 5012 dissimilibus
3121 4951 3348 5008 omnino
3380 4945 3562 5001 laudis
3595 4944 3682 4996 vel

416 5052 543 5106 σθαι
580 5049 679 5119 τὴν
699 5048 821 5102 κατ’
843 5044 1008 5100 αὐτὸν
1039 5043 1294 5113 γέννησιν
1322 5044 1387 5096 ἐκ
1415 5042 1514 5112 τῆς
1541 5044 1841 5113 Δεσποίνης
1877 5060 1985 5095 συν‹

2102 5052 2553 5123 reprehensionis
2597 5050 2824 5121 dignum
2867 5046 3152 5120 iudicatis,
3214 5040 3414 5099 exinde
3459 5051 3683 5108 quoque

394 5143 577 5213 ·ἀγετε
611 5142 773 5212 τάχα,
793 5138 1177 5211 ματαιολόγοι·
1219 5136 1439 5207 πρῶτον
1467 5136 1565 5205 μὲν
1596 5134 1898 5206 μνήσθητε,
1924 5134 1985 5198 ὡς

2098 5159 2168 5199 ex
2186 5144 2475 5199 voluntate
2501 5157 2621 5197 esse
2650 5148 2869 5210 partum
2905 5136 3160 5201 infertis;
3203 5141 3262 5188 et
3295 5148 3363 5187 ex
3391 5127 3684 5184 dissimili-

411 5232 726 5287 τούναντίον
759 5231 856 5285 καὶ
887 5229 1145 5301 ὁμοίωσιν
1176 5227 1254 5299 τῷ
1281 5224 1522 5296 Χριστῷ,
1547 5227 1596 5279 εί
1634 5225 1730 5278 καὶ
1754 5226 1829 5296 μὴ
1857 5224 1985 5278 κατὰ

2101 5236 2294 5292 tudine
2334 5235 2554 5290 Domini
2587 5233 2770 5289 statim
2801 5227 3139 5285 concluditis
3165 5241 3234 5280 ex
3258 5223 3545 5277 voluntate
3571 5219 3681 5273 dici

412 5323 475 5376 τὸ
505 5322 649 5386 ὅλον,
686 5322 824 5392 πρὸς
878 5319 978 5390 τὴν
1018 5318 1231 5388 μητέρα
1268 5316 1811 5387 μεμαρτυρήκαμεν·
1863 5315 1985 5367 ἀνο⁴

2095 5328 2220 5393 ejus
2260 5341 2328 5380 ex
2368 5324 2600 5379 Domina
2642 5321 3080 5393 generationem,
3136 5312 3441 5383 vaniloqui.
3493 5311 3681 5366 Primo

425 5416 527 5486 μία
549 5416 629 5484 δὲ,
665 5414 924 5485 οὐδεμίαν
973 5412 1087 5482 ἔχει
1132 5409 1365 5480 οὐσιῶδη
1410 5408 1670 5479 ὁμοίωσιν
1717 5408 1856 5477 πρὸς
1904 5407 1985 5460 τὸν

2097 5417 2323 5487 quidem
2374 5422 2715 5472 mementote
2766 5428 2870 5468 nos
2916 5426 2948 5466 e
2996 5416 3188 5465 contra
3235 5403 3681 5467 similitudinem,

414 5509 616 5580 ἄνομον
662 5506 784 5562 καθ’
831 5503 1102 5577 ὖπαρξινο
1155 5502 1408 5571 δεύτερον
1448 5503 1507 5557 δέ
1555 5504 1637 5556 ὅτι
1690 5503 1786 5556 καὶ
1838 5502 1899 5555 τὸ
1935 5503 1985 5555 ἐ)

2095 5510 2202 5565 etsi
2227 5524 2339 5563 non
2364 5508 2668 5564 secundum
2703 5514 2905 5571 totum,
2943 5500 3151 5557 Christi
3180 5498 3249 5554 ad
3290 5506 3521 5552 matrem
3567 5502 3680 5546 sla-

426 5600 627 5672 μέρους
657 5601 911 5672 ἀνόμοιον
957 5600 1095 5671 7:96;
1150 5598 1344 5669 αὐτὴν,
1391 5598 1454 5649 υύ
1507 5595 1764 5665 τοιαύτης
1806 5596 1985 5663 ὁρᾶται

2099 5600 2309 5666 tuisse;
2349 5598 2639 5654 dissimilia
2680 5597 2891 5651 nullam
2922 5592 3131 5648 habent
3157 5587 3573 5646 substantialem
3600 5584 3678 5638 si-

417 5694 804 5765 ἀνομοιότητος
822 5694 939 5747 οἵαν
958 5692 1053 5748 νῦν
1079 5692 1234 5762 ὐμείς
1254 5694 1314 5747 ἐν
1343 5690 1784 5761 παραδείγμασιν
1805 5689 1985 5745 ὐπέθε·

2100 5689 2471 5746 militudinem
2504 5689 2573 5747 ad
2594 5688 2888 5753 dissimile,
2923 5682 3229 5744 secundum
3260 5676 3627 5737 substantiam
3657 5691 3673 5729 :

482 5858 509 5890 ⁸
542 5849 648 5910 lsa.
673 5868 821 5920 xxvr,
850 5853 935 5908 l8.
1014 5848 1182 5908 αισι).
1214 5868 1305 5920 xv,
1342 5852 1434 5909 35.
