4116 6432
561 425 697 494 1691

1798 410 2109 475 LEONTII
2147 408 2549 472 BYZANTINI

3669 411 3789 481 1692

560 534 825 598 secundo,
863 528 1369 587 dissimilitudinem
1404 538 1511 595 qua
1560 537 1628 579 ex
1672 526 1829 591 parte
1876 518 2066 573 dill‘ert
2107 534 2133 572 a

2243 516 2335 569 σθε
2353 515 2663 584 ὑφεστῶτος
2681 514 2819 588 πρὸς
2840 515 3240 582 ἀνυπόστατον,
3263 514 3399 570 ἀλλὰ
3420 517 3609 588 μᾶλλον
3622 522 3787 589 οὐσίας

561 638 735 683 matre
761 643 871 681 non
897 641 1019 680 esse
1050 624 1213 677 talem
1242 615 1754 675 dissimilitudinem
1792 613 2009 683 qualem
2039 627 2139 666 vos

561 734 711 772 nunc
740 716 795 770 in
838 713 1109 783 exemplis
1154 708 1487 780 supponitis,
1532 704 1891 761 subsistentis
1926 701 2139 756 scilicet

562 811 789 865 relative
822 808 890 862 ad
925 822 1033 861 non
1056 804 1477 863 subsistentem,
1514 798 1611 855 sed
1638 797 1823 868 potius
1850 795 1974 850 talis
2003 794 2138 849 sub-

559 902 775 955 stantiae
819 899 887 953 ad
929 898 1093 953 talem
1140 894 1528 949 substantiam.
1576 890 1646 946 Ut
1676 898 1862 943 autem
1893 885 2137 954 abripia-

558 1007 685 1044 mur
713 998 895 1044 vestra
929 986 1160 1042 ridenda
1192 983 1517 1046 calliditate,
1543 980 1589 1035 si
1623 978 1810 1033 omnia
1835 993 1960 1047 quae
1991 975 2137 1045 apud

558 1081 799 1137 divinam
866 1079 1205 1149 Scripturam
1271 1091 1339 1130 ex
1406 1070 1772 1127 dissimilibus
1830 1066 2136 1123 secundum

557 1172 933 1225 exsistentiam
965 1169 1149 1239 genita
1194 1175 1324 1221 sunt
1355 1163 1575 1218 laudem
1608 1169 1707 1213 aut
1746 1156 2138 1228 reprehensio-

561 1276 684 1313 nem
724 1258 968 1329 gignenti
1007 1256 1304 1311 conciliare
1345 1250 1715 1309 arbitramini,
1751 1248 1883 1318 quid
1927 1246 2135 1310 dicitis,

558 1368 682 1406 cum
735 1351 882 1405 ﬁlius
929 1350 1139 1404 doloris
1183 1345 1490 1415 Beniamin,
1548 1342 1695 1396 ﬁlius
1741 1338 2137 1395 consolationis

559 1440 857 1505 Barnabas,
894 1448 951 1494 et
981 1438 1099 1492 Heli
1126 1451 1292 1491 senex
1327 1447 1601 1487 annorum
1646 1430 1828 1484 dictus
1876 1428 1992 1482 sit?
2025 1427 2136 1482 Ne-

558 1546 712 1585 cesse
751 1540 837 1585 est
869 1545 999 1601 ergo
1038 1543 1212 1583 annos
1252 1540 1373 1580 esse
1400 1523 1682 1594 genitores
1725 1519 1869 1583 Heli,
1910 1527 1967 1573 et
2012 1518 2136 1573 illos

557 1638 677 1676 esse
708 1622 871 1677 laude
899 1631 994 1676 aut
1023 1617 1457 1689 reprehensione
1506 1614 1742 1684 dignos;
1792 1620 1847 1665 et
1885 1610 2136 1665 dolorem

557 1729 776 1783 quoque
808 1722 866 1768 et
897 1710 1334 1767 consolationem
1378 1708 1452 1761 ita
1497 1721 1558 1760 se
1594 1703 1821 1757 habere.
1861 1701 1919 1755 Si
1949 1709 2135 1755 autem

556 1806 682 1874 quis
712 1820 850 1859 vana
874 1805 990 1858 hac
1020 1804 1188 1857 etiam
1212 1798 1501 1862 concedat,
1538 1794 1816 1867 quomodo
1847 1790 2135 1861 sequentia

2238 609 2454 662 τοιᾶσδε
2486 608 2623 680 πρὸς
2671 608 2883 662 τοιάνδε
2943 608 3165 662 οὐσίαν·
3244 608 3331 662 ἶνα
3379 609 3437 661 δὲ
3483 612 3574 664 καὶ
3609 629 3790 669 συναπ-

2239 698 2552 769 ενεχθῶμεν
2574 698 2651 769 τῷ
2668 699 3063 770 καταγελάστῳ
3080 700 3177 771 τῆς
3194 699 3467 771 ὑμετέρας
3490 703 3786 777 δεινότητος,

2238 790 2287 841 εί
2322 789 2501 842 πάντα
2536 790 2605 843 τὰ
2663 792 2722 844 ὲν
2771 793 2839 861 τῇ
2884 790 3005 861 θείᾳ
3048 792 3237 863 Γραφῇ
3280 791 3340 856 ἐξ
3387 793 3646 863 ἀνομοίων
3680 798 3789 852 καθ’

2240 876 2476 949 ὓπαρξιν
2511 880 2889 950 γεγεννημένα
2942 880 3166 934 ἔπαινον
3195 881 3228 952 ἢ
3256 881 3428 952 ψόγον
3454 885 3532 956 τῷ
3578 886 3790 944 τίκτοντι

2238 970 2523 1040 ἐπιφέρειν
2564 969 2768 1037 οἴεσθε,
2798 970 2852 1025 τί
2894 988 3058 1040 φατε,
3094 973 3219 1025 ἐπεὶ
3240 973 3367 1037 Υἱὸς
3398 975 3586 1046 ὀδύνης
3622 978 3791 1033 Βενια-

2242 1059 2357 1130 μὶν,
2401 1059 2498 1111 καὶ
2530 1059 2660 1124 Υἱὸς
2709 1060 3110 1132 παρακλήσεως
3154 1063 3462 1133 Βαρνάϐας,
3518 1068 3609 1121 καὶ
3661 1071 3791 1125 Ἠλεὶ

2241 1150 2618 1222 πρεσϐύτερος
2645 1151 2785 1204 ἑτῶν
2808 1153 3053 1223 εῐρηται;
3085 1155 3298 1226 ἀνάγκη
3325 1157 3438 1227 ἄρα
3461 1159 3530 1212 τὰ
3559 1159 3649 1231 ἔτη
3668 1164 3791 1216 αὐτὰ

2238 1246 2307 1298 τὰ
2343 1245 2571 1298 τεκόντα
2619 1242 2757 1299 εἶναι
2806 1249 2899 1300 τὸν
2943 1248 3123 1313 Ἠλεὶ,
3159 1251 3254 1302 καὶ
3310 1252 3485 1306 ταῦτα
3520 1256 3726 1309 ἐπαίνου
3760 1257 3791 1327 ἢ

2236 1334 2408 1405 ψόγου
2444 1336 2777 1408 ἀξιωθῆναι·
2810 1340 2905 1393 καὶ
2929 1340 3029 1410 τὴν
3051 1340 3245 1413 ὀδύνην
3274 1342 3337 1396 δὲ
3360 1345 3457 1398 καὶ
3499 1345 3594 1417 τὴν
3635 1350 3795 1419 παρά-

2237 1427 2433 1498 κλησιν
2464 1428 2639 1492 οὕτως
2665 1428 2831 1501 ἔχειν.
2857 1430 2919 1483 Ei
2948 1431 3006 1484 δὲ
3031 1432 3129 1485 καὶ
3169 1432 3345 1486 ταῦτά
3386 1451 3475 1499 τις
3525 1440 3794 1509 συγχωρή-

2239 1536 2324 1572 σοι
2351 1518 2419 1572 τὰ
2446 1520 2675 1591 μάταια,
2708 1520 2828 1584 πῶς
2856 1520 2915 1573 τό
2951 1538 3015 1590 γε
3040 1522 3169 1592 ἑξῆς
3188 1524 3459 1595 ἀδακρυτὶ
3496 1530 3621 1599 παρ’
3656 1530 3795 1599 ὐμῶν

2236 1609 2563 1673 ἀκούσεται,
2607 1611 2673 1663 ὲκ
2731 1613 3108 1682 προαιρέσεως
3148 1614 3358 1669 τίκτειν
3396 1615 3468 1669 τὰ
3499 1616 3613 1687 ἔτη,
3649 1617 3795 1688 ἢτὴν

2235 1702 2453 1774 ὀδύνην,
2475 1702 2509 1772 ἦ
2542 1703 2642 1773 τὴν
2672 1704 3025 1776 παράκλησιν
3068 1707 3216 1760 κατὰ
3253 1707 3577 1780 προαίρεσιν
3608 1712 3790 1781 γεννᾷν

2235 1792 2622 1863 διδασκόμενος
2642 1795 2785 1859 ςΚαὶ
2812 1795 2871 1859 ἐξ
2891 1796 3241 1868 ἀνυπάρκτου
3264 1800 3587 1871 πράγματος
3601 1803 3795 1872 προῑοῦ-

558 1913 667 1949 non
694 1897 1003 1968 lacrymans
1029 1911 1060 1949 a
1081 1895 1242 1950 vobis
1272 1892 1512 1955 audiret,
1548 1905 1675 1945 cum
1704 1889 1943 1943 disceret
1964 1900 2133 1939 annos

2242 1901 2343 1938 σαν
2404 1884 2692 1953 μανθάνων
2740 1885 2875 1955 παρ’
2906 1886 3062 1957 ὑμῶν
3105 1888 3202 1959 τὴν
3249 1889 3487 1965 ὓπαρξιν
3529 1893 3672 1947 Ἠλεὶ
3709 1895 3797 1947 καὶ

555 1998 623 2036 ex
654 1986 938 2039 voluntate
964 1984 1263 2054 parturire,
1300 1991 1359 2037 et
1408 1981 1662 2035 dolorem
1699 1986 1758 2033 et
1795 1975 2133 2031 consolatio-

556 2093 681 2131 nem
706 2078 1006 2132 secundum
1028 2078 1367 2132 voluntatem
1397 2074 1621 2145 gignere
1644 2088 1658 2138 ;
1678 2080 1735 2125 et
1762 2084 1886 2125 cum
1916 2084 1947 2122 a
1975 2067 2134 2123 vobis

2239 1974 2501 2046 Βαρνάϐα
2541 1975 2637 2029 καὶ
2668 1976 2955 2045 Βενιαμὶν,
3010 1978 3105 2032 καὶ
3150 1981 3293 2033 κατὰ
3347 1983 3665 2055 προαίρεσιν
3704 2000 3777 2036 τι-

2240 2067 2481 2121 κτόντων
2497 2084 2512 2133 ;

555 2173 725 2227 sciret
770 2189 839 2228 ex
880 2189 940 2227 re
985 2189 1094 2228 non
1133 2173 1434 2227 exsistente
1482 2168 1704 2240 prodire
1753 2164 2134 2222 exsistentiam
2172 2162 2317 2231 Heli,
2365 2170 2420 2220 et
2456 2162 2744 2232 Barnabas,
2809 2171 2866 2221 et
2896 2163 3202 2237 Beniamin,
3228 2174 3286 2223 et
3350 2182 3421 2224 ex
3468 2167 3799 2240 gignentibus

554 2266 860 2323 secundum
891 2264 1278 2321 voluntatem?

1159 2374 1311 2430 CAP.
1351 2373 1543 2428 XXVI.

624 2488 684 2545 Si
722 2490 870 2544 Deus
912 2488 1153 2545 Verbum
1188 2488 1409 2559 genitus
1433 2494 1520 2541 est
1564 2500 1633 2539 ex
1671 2483 1920 2555 Virgine,
1970 2498 2136 2539 omne

555 2592 740 2637 autem
771 2580 1016 2651 genitum
1040 2580 1282 2651 gignitur
1304 2578 1390 2633 vel
1425 2594 1492 2633 ex
1517 2577 1827 2632 substantia
1860 2575 2136 2647 gignentis

554 2677 642 2729 vel
689 2690 757 2730 ex
792 2674 1117 2738 voluntate;
1162 2678 1219 2726 et
1254 2670 1401 2741 quod
1443 2685 1513 2725 ex
1552 2669 1859 2723 substantia
1892 2664 2135 2739 gig'nitur

555 2767 784 2821 omnino
807 2782 927 2821 esse
960 2765 1127 2820 habet
1164 2780 1195 2818 a
1219 2764 1496 2834 gignente,
1531 2761 1679 2832 quod
1712 2770 1894 2815 autem
1923 2776 1989 2815 ex
2034 2775 2134 2815 vo-

556 2863 788 2923 luntate,
820 2858 989 2913 habet
1012 2874 1041 2911 a
1064 2858 1323 2927 gignente
1359 2865 1473 2909 tum
1510 2869 1653 2919 esse,
1684 2862 1798 2907 tum
1842 2852 1936 2906 tali
1969 2851 2133 2907 modo

554 2966 698 3017 esse,
727 2950 897 3006 dicite
936 2949 1082 3004 unde
1114 2948 1300 3003 velitis
1339 2945 1585 3018 genitum
1628 2944 1799 2999 fuisse
1832 2944 2027 3009 Deum,
2063 2958 2134 2998 an

553 3061 623 3100 ex
669 3045 979 3100 substantia
1008 3042 1270 3112 Virginis,
1316 3056 1385 3094 an
1436 3055 1505 3094 ex
1542 3037 1869 3093 voluntate?
1908 3035 2135 3092 Utrum-

555 3152 773 3206 cunque
798 3136 946 3190 enim
985 3135 1184 3189 horum
1222 3133 1497 3195 dixeritis,
1534 3130 1819 3186 conclusio
1858 3137 2029 3199 patet.
2060 3157 2133 3167 —

2804 2366 3060 2422 ΚΕΦΑΛ.
3103 2368 3252 2436 KG’.

2308 2480 2373 2535 Ei
2404 2480 2434 2534 ό
2462 2479 2597 2544 Θεὸς
2628 2478 2802 2549 Λόγος
2844 2480 3040 2552 ἐτέχθη
3070 2482 3135 2537 ἐκ
3174 2483 3275 2554 τῆς
3299 2486 3603 2557 Παρθένου,
3629 2489 3729 2543 πᾶν
3749 2487 3800 2541 δὲ

2235 2577 2297 2629 τὸ
2324 2575 2670 2644 τικτόμενον,
2701 2574 2736 2644 ἢ
2757 2576 2821 2628 ἐκ
2849 2576 2949 2645 τῆς
2980 2576 3172 2640 οὐσίας
3199 2577 3453 2634 τίκτεται
3484 2582 3578 2635 τοῦ
3606 2582 3799 2635 τίκτον-

2235 2684 2348 2733 τος,
2380 2666 2415 2736 ἢ
2447 2667 2511 2719 ὲκ
2538 2669 2641 2736 τῆς
2674 2666 3084 2738 προαιρέσεωςο
3132 2668 3228 2722 καὶ
3279 2669 3342 2723 τὸ
3386 2671 3455 2726 ὲκ
3503 2674 3601 2743 τῆς
3632 2673 3801 2735 οὐσίας

2233 2759 2577 2829 τικτόμενον,
2606 2758 2670 2811 τὸ
2706 2756 2849 2814 εἶναι
2880 2761 3101 2825 πάντως
3134 2760 3248 2831 ἔχει
3286 2762 3351 2815 ὲκ
3385 2764 3482 2816 τοῦ
3508 2764 3798 2827 τίκτοντος⁶

2235 2850 2297 2905 τὸ
2325 2850 2383 2903 δὲ
2421 2852 2488 2904 ὲκ
2530 2851 2631 2921 τῆς
2670 2850 3069 2922 προαιρέσεως,
3103 2856 3176 2923 πῆ
3214 2855 3315 2922 μὲν
3337 2854 3401 2908 τὸ
3427 2851 3570 2909 εἶναι
3616 2856 3721 2927 ἔχει
3745 2858 3803 2909 ἐκ

2234 2940 2329 2993 τοῦ
2356 2940 2658 3005 τίκτοντος,
2700 2940 2779 3010 πῆ
2812 2940 2869 2994 δὲ
2899 2941 2959 2995 τὸ
3006 2942 3211 2996 τοιόνδε
3242 2940 3407 3012 εἶναι,
3436 2948 3624 3001 εἴπατε
3651 2946 3802 3000 πόθεν

2241 3030 2500 3101 βούλεσθε
2558 3031 2812 3100 τετέχθαι
2865 3031 2959 3085 τὸν
3013 3033 3173 3098 Θεὸν,
3227 3037 3293 3089 ὲκ
3336 3038 3441 3107 τῆς
3487 3038 3670 3101 οὐσίας
3714 3038 3803 3107 τῆς

2235 3121 2540 3193 Παρθένου,
2591 3121 2625 3192 ἢ
2676 3123 2742 3175 ὲκ
2784 3121 2883 3192 τῆς
2932 3126 3345 3196 προαιρέσεως;
3402 3130 3659 3201 ὁπότερον
3704 3129 3803 3200 γὰρ

556 3228 692 3283 Sero
724 3227 945 3281 tandem
979 3234 1033 3280 et
1074 3226 1232 3280 inviti
1264 3224 1554 3279 nobiscum
1586 3220 1882 3293 agnoscitis
1915 3229 2133 3291 partum

2238 3211 2419 3266 αὐτῶν
2448 3212 2661 3283 εἴπητε,
2698 3212 2761 3266 τὸ
2797 3217 3165 3286 συναγόμενον
3198 3217 3380 3286 δῆλον.
3412 3220 3542 3291 Ὀψέ
3570 3239 3696 3275 ποτε
3720 3220 3804 3273 καὶ

554 3334 676 3373 esse
707 3328 761 3372 et
791 3333 916 3373 eum
958 3319 1053 3388 qui
1097 3317 1352 3387 producit
1378 3316 1586 3386 aliquid
1621 3316 1688 3369 ad
1721 3330 1863 3379 esse,
1907 3322 1963 3368 et
2003 3328 2131 3367 eum

556 3409 765 3479 pariter
788 3410 881 3479 qui
905 3408 973 3463 ad
1004 3410 1189 3464 taliter
1219 3424 1341 3463 esse
1373 3416 1607 3462 tantum.
1641 3406 1696 3461 Si
1720 3414 1903 3460 autem
1927 3403 2021 3474 qui
2046 3412 2133 3458 est

553 3517 623 3554 cx
656 3500 986 3564 substantia,
1025 3514 1150 3553 eum
1178 3500 1354 3553 solum
1381 3498 1567 3553 dicitis
1590 3512 1711 3552 esse
1742 3511 1963 3551 causam
1988 3494 2134 3549 exsi-

555 3591 775 3646 stentiae
807 3598 866 3646 et
919 3607 1028 3645 non
1079 3591 1203 3645 talis
1252 3590 1612 3656 exsistentiae,
1658 3587 1899 3659 physicas
1932 3601 2133 3656 nempe

555 3682 884 3737 diﬂerentiae
922 3683 1265 3754 geniti,.cum
1312 3698 1379 3737 ex
1426 3696 1567 3736 cono
1610 3680 1776 3750 pinus
1815 3685 2130 3749 generetur,

554 3773 640 3827 vel
664 3788 731 3827 ex
756 3773 1038 3827 voluntate
1058 3782 1115 3827 et
1152 3788 1261 3826 non
1292 3788 1359 3827 ex
1389 3769 1700 3825 substantia
1724 3769 1848 3824 coni
1881 3768 1949 3823 ad
1989 3768 2133 3823 hanc

557 3863 721 3916 talem
779 3861 1155 3917 exsistentiam
1208 3869 1541 3931 generatur,
1594 3859 1682 3913 vel
1729 3874 1797 3912 ex
1840 3858 1957 3928 ipsa
2004 3858 2135 3912 sub-

557 3953 758 4008 stantia
797 3955 920 4008 coni
947 3962 1264 4025 generatur,
1292 3961 1348 4007 et
1371 3961 1457 4006 est
1487 3950 1816 4021 simpliciter
1836 3949 2130 4014 exsistens,

557 4057 669 4096 non
694 4050 877 4099 autem
904 4044 1070 4114 pinus
1104 4051 1200 4097 aut
1236 4041 1387 4097 aliud
1425 4040 1557 4111 quid
1596 4040 1880 4110 speciale:
1928 4039 2036 4093 nisi
2076 4047 2133 4093 et

556 4134 649 4188 alii
704 4134 938 4203 genitori
983 4135 1290 4189 secundum
1335 4133 1675 4188 voluntatem
1723 4131 1967 4203 gignenti
2004 4130 2135 4186 sub-

552 4221 777 4293 jiciatur
810 4223 865 4277 in
917 4224 1210 4295 quamdam
1264 4223 1696 4295 generationem.
1752 4221 1965 4289 Quibus
1998 4222 2133 4292 quid

556 4314 847 4372 stolidius?

1139 4529 1291 4585 CAP.
1323 4530 1537 4585 XXVII.

628 4636 688 4693 Si
718 4639 937 4709 genitus
953 4650 1036 4695 est
1065 4643 1209 4697 Deus
1224 4644 1465 4699 Verbum
1495 4644 1718 4715 proprie
1741 4652 1799 4699 et
1819 4644 2126 4699 secundum

555 4731 848 4786 veritatem
896 4750 964 4788 ex
1021 4736 1180 4790 Patre
1238 4736 1429 4805 illique
1474 4747 1562 4792 est
1589 4737 1789 4793 similis
1822 4739 2128 4793 secundum

555 4822 951 4891 substantiam;
974 4834 1030 4879 et
1054 4827 1100 4881 si
1127 4826 1270 4881 idem
1285 4828 1503 4898 genitus
1518 4837 1602 4882 est
1620 4844 1687 4882 ex
1712 4839 1885 4883 matre
1908 4830 2130 4899 proprie

553 4921 611 4967 et
630 4913 936 4969 secundum
950 4915 1235 4970 veritatem
1256 4918 1480 4985 ipsaque
1509 4926 1594 4971 cst
1626 4917 1910 4974 dissimilis
1935 4935 2131 4974 secun-

550 5004 681 5059 dum
728 5008 1112 5074 substantiam,
1161 5009 1301 5063 nihil
1352 5010 1583 5065 interest
1625 5026 1655 5065 a
1725 5011 2002 5065 similibus
2034 5018 2130 5066 aut

550 5114 581 5152 a
614 5099 977 5156 dissimilibus
1004 5103 1172 5174 gigni.
1202 5103 1259 5157 Si
1283 5113 1468 5159 autem
1503 5104 1578 5158 ita
1615 5112 1720 5167 est,
1753 5121 1855 5159 nec
1884 5104 2129 5159 dissimi-

551 5189 622 5242 lia
661 5204 691 5243 a
726 5206 785 5245 se
815 5191 1055 5248 invicem
1089 5194 1350 5249 dilferent
1391 5196 1693 5251 secundum
1720 5197 2082 5250 substantiam
2110 5214 2126 5263 ;

549 5288 606 5334 et
638 5279 1043 5338 admittendum
1069 5294 1190 5339 erat
1221 5286 1393 5341 Deum
1422 5287 1686 5351 Verbum,
1722 5302 1752 5340 a
1784 5288 1943 5343 Patre
1977 5287 2131 5358 geni-

550 5379 667 5425 tum
696 5374 1003 5429 secundum
1030 5377 1349 5440 veritatem,
1372 5393 1495 5433 esse
1527 5378 1631 5448 ipsi
1674 5379 1995 5433 dissimilem
2039 5395 2129 5434 sc-

547 5464 793 5518 cundum
824 5466 1213 5523 substantiam.
1246 5468 1354 5524 Sed
1397 5470 1515 5524 haec
1545 5470 2130 5542 omniaimpossibilia

548 5563 605 5609 et
631 5570 828 5611 eorum
853 5561 1235 5629 suppositione
1256 5562 1441 5633 digna.
1466 5592 1535 5602 —
1553 5563 1784 5619 Turbati
1802 5576 1953 5628 sunt,
1978 5580 2128 5621 com-

550 5647 687 5702 moti
717 5658 847 5705 sunt
874 5651 1021 5707 sicut
1053 5654 1263 5718 ebrius,
1288 5663 1345 5708 et
1382 5656 1565 5711 omnis
1607 5658 1890 5727 sapientia
1932 5673 2127 5714 eorum

552 5736 813 5807 absorpta
867 5751 974 5797 est.
1015 5744 1149 5799 Iure
1183 5746 1331 5799 enim
1378 5756 1568 5803 contra
1597 5765 1695 5805 vos
1729 5750 1847 5805 haec
1889 5766 1919 5805 a
1967 5750 2130 5806 nobis

556 5836 851 5901 canuntur,
867 5833 1051 5891 divina
1069 5836 1480 5895 dcmoustrantc
1500 5840 1705 5898 virtute
1727 5851 1781 5898 et
1813 5843 1869 5897 in
1895 5858 1992 5899 vos
2016 5843 2127 5899 vim

2242 3303 2470 3367 ἄκοντες
2509 3304 2642 3374 ἡμῖν
2683 3304 3103 3375 συνομολογεῖτε
3144 3307 3304 3362 τόκον
3332 3305 3503 3379 εἶναι,
3528 3312 3620 3365 τόν
3647 3328 3703 3364 τε
3732 3313 3804 3373 είς

2232 3396 2295 3448 τὸ
2331 3390 2495 3460 εῖναι,
2531 3394 2625 3450 καὶ
2649 3395 2855 3466 ὁμοίως
2892 3397 3058 3452 πάλιν
3085 3398 3181 3454 τὸν
3222 3402 3303 3464 είς
3330 3402 3394 3457 τὸ
3423 3404 3647 3458 τοιῶσδε
3676 3398 3805 3457 εἶναι

2239 3488 2401 3557 μόνον
2426 3490 2818 3561 προαγαγόντα
2848 3507 2901 3543 τι
2926 3506 2941 3522 ο
2974 3492 3023 3545 εί
3051 3492 3107 3546 δὲ
3133 3492 3227 3548 τὸν
3254 3496 3321 3548 ἐκ
3368 3496 3471 3567 τῆς
3515 3497 3699 3559 οὐσίας
3724 3494 3804 3548 τόα

2232 3594 2329 3632 κον
2350 3579 2511 3649 μόνον
2530 3579 2625 3633 τοῦ
2656 3574 2798 3635 εἶναι
2835 3582 3029 3650 αἴτιον,
3061 3585 3156 3638 καὶ
3187 3585 3307 3656 οὐχὶ
3337 3588 3437 3641 καὶ
3467 3587 3561 3643 τοῦ
3596 3587 3804 3643 τοιῶσδε

2235 3666 2377 3725 εἶναι
2411 3672 2581 3743 ἧγουν
2614 3672 2709 3726 καὶ
2749 3674 2851 3743 τῆς
2901 3676 3139 3747 φυσικῆς
3175 3677 3446 3750 διαφορᾶς
3481 3680 3578 3734 τοῦ
3624 3697 3803 3748 γεννωρ

2237 3762 2398 3834 μένου
2441 3764 2597 3834 φατὲ,
2640 3766 2764 3819 ἐπεὶ
2804 3766 2914 3821 ἀπὸ
2960 3766 3135 3823 κώνου
3166 3770 3329 3833 πίτυς
3373 3773 3654 3841 γεννᾶται,
3687 3771 3805 3842 ﬁt:

2233 3854 2333 3924 τῆς
2362 3855 2862 3926 προαιρέσεως,καὶ
2879 3858 2980 3912 οὐκ
3002 3859 3110 3912 ἀπὸ
3132 3860 3233 3930 τῆς
3255 3861 3453 3926 οὐσίας
3475 3862 3573 3916 τοῦ
3605 3861 3797 3925 κώνου,

2233 3946 2315 4006 είς
2357 3945 2418 3998 τὸ
2469 3943 2609 3999 εἶναι
2644 3947 2802 4001 τοῦτο
2838 3949 2970 4003 αὐτὸ
3000 3949 3157 4014 πίτυς
3182 3952 3535 4024 γεγέννηται,
3563 3955 3596 4027 ἢ
3633 3956 3693 4008 ὲκ
3718 3954 3807 4023 τῆς

2233 4036 2421 4099 οὐσίας
2451 4037 2552 4107 μὲν
2584 4039 2756 4109 αὐτῆς
2789 4040 3112 4111 γεγέννηται
3137 4043 3292 4097 τοῦδε
3312 4060 3328 4077 ·
3359 4047 3459 4101 καὶ
3486 4047 3602 4101 ἔστι
3631 4045 3804 4107 ἁπλῶς

2232 4126 2314 4190 ὃν,
2347 4126 2471 4181 οὔτε
2504 4128 2562 4181 δὲ
2606 4129 2786 4195 πίτυς,
2815 4130 2943 4186 οὔτε
2985 4132 3173 4203 ἕτερόν
3205 4151 3258 4188 τι
3287 4130 3431 4199 εἶδος
3451 4154 3466 4169 ο
3496 4137 3636 4209 πλὴν
3662 4138 3707 4190 εί
3736 4134 3805 4206 μὴ

2235 4220 2328 4274 καὶ
2360 4220 2504 4293 ἄλλῳ
2533 4224 2856 4295 γενννήτορι
2884 4224 3027 4278 κατὰ
3065 4225 3390 4297 προαίρεσιν
3408 4227 3653 4282 τίκτοντι
3685 4228 3805 4280 ὐπο-

2233 4312 2407 4386 6ληθῇ
2458 4313 2539 4380 είς
2584 4314 2838 4387 γέννησιν
2886 4332 3041 4370 τινα’
3070 4308 3145 4370 ὧν
3175 4316 3228 4370 τί
3280 4318 3490 4388 μᾶλλον
3538 4317 3808 4392 ἠλιθιώτε-

2236 4421 2328 4474 ρον
2346 4422 2362 4474 ἰ

2820 4536 3074 4592 ΚΕΦΑΛ.
3108 4539 3237 4595 KZ’.

2303 4645 2369 4698 Εί
2405 4645 2667 4718 ἐγεννήθη
2698 4647 2726 4700 ό
2767 4648 2901 4710 Θεὸς
2930 4648 3104 4718 Λόγος
3133 4652 3342 4721 κυρίως
3372 4653 3474 4709 καὶ
3506 4652 3649 4708 κατὰ
3683 4648 3805 4721 ἀλή-

2232 4734 2387 4788 θειαν
2427 4738 2493 4789 ἐκ
2532 4736 2628 4790 τοῦ
2678 4739 2914 4810 Πατρὸς,
2944 4743 3041 4795 καὶ⁸
3084 4736 3234 4798 ἐστιν
3287 4745 3478 4816 ὅμοιος
3513 4744 3662 4817 αὐτῷ
3694 4740 3809 4797 κατ’

2230 4827 2446 4880 οὐσίαν³
2476 4829 2572 4881 καὶ
2604 4831 2652 4883 εί
2686 4831 2952 4905 ἐγεννήθη
2985 4837 3013 4889 ό
3047 4836 3209 4900 αὐτὸς
3241 4838 3307 4890 ὲκ
3353 4838 3565 4910 μητρὸς
3614 4836 3804 4908 κυρίως

2231 4918 2326 4969 καὶ
2357 4917 2503 4970 κατά
2525 4918 2806 4989 ἀλήθειαν,
2834 4924 2931 4977 καὶ
2961 4924 3076 4979 ἐστι
3116 4925 3257 4996 αὐτη
3291 4927 3551 4998 ἀνόμοιος
3576 4927 3695 4981 κατ’
3720 4926 3805 4979 οὐ·

2231 5009 2375 5077 σίαν,
2404 5011 2554 5065 οὐδὲν
2583 5012 2830 5085 διαφέρει
2854 5015 2959 5069 ὐπὸ
2987 5018 3186 5088 ὁμοίων
3202 5018 3345 5091 [κατ’
3362 5018 3450 5089 οὐ]
3477 5019 3511 5092 ἢ
3547 5017 3804 5089 ἀνομοίων

2228 5104 2540 5171 γεννᾶσθαι.
2580 5107 2643 5158 Ei
2674 5107 2731 5160 δὲ
2762 5109 2939 5173 τοῦτο,
2968 5110 3087 5164 οὐδὲ
3144 5112 3213 5165 τὰ
3261 5111 3499 5181 ἀνόμοια
3538 5111 3805 5181 διενεχθῆ-

2230 5210 2382 5247 σεται
2421 5196 2560 5264 πρὸς
2590 5197 2793 5268 ἄλληλα
2842 5202 2963 5254 κατ’
2987 5202 3177 5255 οὐσίαν
3197 5220 3211 5235 ο
3248 5203 3605 5274 ἐνδεχόμενον
3629 5203 3685 5256 δὲ
3712 5197 3797 5273 ἦν,

2227 5288 2326 5343 καὶ
2361 5288 2453 5342 τὸν
2498 5291 2630 5343 Θεὸν
2655 5292 2830 5360 Λόγον
2868 5293 2935 5346 ἐκ
2960 5293 3055 5347 τοῦ
3092 5294 3306 5367 Πατρὸς
3347 5297 3496 5350 κατὰ
3555 5295 3805 5367 ἀλήθειαν

2229 5381 2583 5450 γεννηθέντα,
2614 5378 2754 5437 εἶναι
2790 5384 2941 5456 αὐτῷ
2965 5384 3087 5439 κατ’
3109 5385 3300 5441 οὐσίαν
3341 5387 3633 5458 ἀνόμοιον·
3678 5382 3803 5440 ἀλλὰ

2230 5474 2409 5529 πάντα
2428 5475 2664 5530 ἀδύνατα
2686 5477 2781 5531 καὶ
2808 5478 2908 5547 τῆς
2940 5477 3251 5542 ὑποθέσεως
3269 5477 3459 5534 αὐτῶν
3482 5480 3637 5546 ἄξια.
3662 5479 3803 5531 Ἑτα-

2230 5565 2533 5637 ράχθησαν,
2566 5567 2938 5639 ὲσαλεύθησαν
2987 5570 3063 5633 ὡς
3115 5572 3144 5623 ό
3187 5569 3425 5642 μεθύων,
3458 5572 3556 5625 καὶ
3598 5567 3800 5635 πᾶσαί]

2230 5659 2393 5727 σοφία
2422 5658 2600 5712 αὐτῶν
2629 5660 2941 5730 κατεπόθη*
2970 5660 3143 5715 ταῦτα
3189 5660 3468 5731 εὐκαίρως
3521 5661 3653 5730 ὑμῖν
3710 5659 3830 5710 ἐπα.

2230 5750 2417 5822 ᾁδεται
2446 5751 2580 5823 παρ’
2610 5751 2791 5823 ἡμῶν,
2813 5753 2917 5823 τῆς
2942 5753 3093 5816 θείας
3119 5753 3403 5823 δυνάμεως
3426 5748 3799 5815 ὲπιδεικνύσης

2232 5842 2327 5897 καὶ
2344 5843 2425 5908 είς
2447 5842 2592 5913 ὑμᾶς
2622 5843 2682 5898 τὸ
2708 5843 3039 5917 δραστήριον
3060 5846 3162 5917 τῆς
3188 5844 3359 5900 πάλαι
3388 5844 3673 5915 ἐπιτιμίας
3702 5840 3800 5895 τῶν
