4116 6460
388 431 521 495 1693

1330 434 1728 498 ADVERSUS
1761 432 2313 497 NESTORIANOS.
2346 458 2416 468 -
2438 432 2588 493 LIB.
2627 431 2726 493 IV.

3510 428 3649 495 169i

382 541 505 594 καθ’
539 536 686 606 ὑμᾶς
708 534 808 607 τὴν
838 535 1110 608 θεομάχον
1134 537 1389 611 πρόθεσιν
1421 541 1716 613 ἀραμένων
1742 543 1837 595 καὶ
1862 540 1961 612 τὴν
1989 588 1993 599 .

2098 543 2305 611 ntiqua:
2337 538 2820 596 condemnationis
2844 554 3042 594 corum
3075 540 3170 609 qui
3205 540 3512 595 secundum
3552 558 3651 596 vos

381 632 441 686 ἐν
456 630 735 685 Βαϐυλῶνι
765 631 1129 701 πυργοποιίαν
1152 634 1597 703 συστησαμένωνο
1623 634 1814 687 ιΔεῦτε
1832 634 1962 704 γάρ,

382 726 517 793 φησὶ
570 722 665 775 καὶ
691 721 815 775 τότε
839 722 967 792 περὶ
999 722 1243 788 ἐκείνων,
1276 726 1618 789 καταϐάντες
1646 726 1965 796 συγχέωμεν

381 814 564 870 αὐτῶν
588 813 689 878 τὰς
714 812 987 884 γλώσσας.
1014 832 1033 867 ι
1074 813 1357 870 Ἐντεῦθεν
1398 812 1493 871 οὖν
1516 818 1686 882 ὅντως
1716 818 1813 871 καὶ
1835 819 1967 888 ὑμῖν

382 906 433 958 οἱ
474 906 593 960 νυνὶ
616 906 963 977 πεφυρμένοι
986 922 1046 959 τε
1075 907 1171 961 atati.
1199 908 1518 980 σκινδαλμοὶ
1550 910 1646 963 καὶ
1674 909 1968 979 ἐπάλληλοι

385 998 711 1068 ῥαψολογίαι
762 998 870 1051 είσὶ
893 997 992 1067 τῆς
1021 998 1283 1063 ἀσεϐείας
1311 1000 1411 1069 τὴν
1441 1000 1707 1071 αίσχύνην
1733 999 1968 1073 ἐπικρύ-

383 1106 540 1142 πτειν
565 1089 984 1160 μηχανώμεναι.
1025 1089 1309 1161 πρώτιστα
1333 1091 1434 1161 μιν
1467 1088 1561 1146 οὖν
1584 1090 1825 1163 γνῶμεν,
1852 1094 1886 1163 ὴ
1911 1092 1971 1157 ἐξ

383 1181 593 1251 ὁμοίων
626 1181 659 1252 ἢ
685 1181 960 1253 ἀνομοίων
991 1184 1268 1252 γέννησις,
1302 1182 1420 1246 πῶς
1444 1182 1660 1251 λέγεται
1686 1184 1847 1253 ύμϊνς
1873 1184 1971 1254 τῆς

385 1274 705 1343 ὁμοιότητος
724 1315 739 1338 ,
778 1273 811 1344 ἢ
863 1276 1284 1345 ἀνομοιότητος;
1316 1275 1453 1348 πρὸς
1486 1277 1555 1329 τὰ
1583 1277 1837 1330 τίκτοντα
1861 1276 1971 1329 τῶν

387 1363 747 1434 τικτομένων,
778 1364 897 1427 πῶς
926 1366 1255 1435 νοουμένης;
1282 1366 1343 1418 ού
1370 1367 1478 1437 γὰρ
1507 1365 1572 1439 δὴ
1606 1367 1669 1420 τὸ
1718 1366 1794 1439 μὴ
1840 1366 1974 1420 ὐπο-

390 1455 523 1509 στάν
573 1456 667 1509 καὶ
702 1451 844 1509 εἶναι
894 1455 1210 1526 λεγόμενον,
1273 1456 1334 1521 ἐξ
1372 1457 1574 1528 ὁμοίων
1621 1458 1654 1528 ἢ
1702 1457 1975 1528 ἀνομοίων

388 1546 645 1615 γέννησιν
675 1544 823 1615 ἐχειν
863 1545 1225 1616 λεχθήσεταιο
1262 1549 1706 1619 μεταγενεστέρα
1728 1549 1839 1619 γάρ
1874 1549 1975 1617 τῆς

388 1640 699 1709 γεννήσεως
728 1638 914 1702 αὐτοῖς
939 1642 972 1707 ή
999 1641 1257 1712 ὁμοιότης
1281 1641 1315 1710 ἦ
1347 1641 1675 1712 ἀνομοιότης
1700 1642 1842 1713 πρὸς
1875 1642 1976 1695 αύ-

389 1732 515 1793 τοὺς
535 1731 674 1784 κατά
698 1730 789 1784 τὸν
821 1732 1019 1785 οἰκεῖον
1065 1732 1246 1799 λόγον.
1272 1733 1329 1784 Ἀ
1341 1732 1549 1801 φείσθω
1582 1733 1645 1804 δὴ
1670 1733 1821 1802 ὅμως
1846 1733 1977 1803 ὑμῖν

389 1820 582 1873 τοῦτο’
615 1820 747 1885 ἴσως
772 1821 883 1892 γὰρ
920 1824 985 1874 ἐκ
1017 1822 1111 1876 τοῦ
1150 1821 1342 1884 τέλους
1384 1823 1561 1877 ταῦτα
1610 1823 1975 1892 διεγνωκότες

393 1910 674 1980 εἰρήκατε.
707 1911 772 1965 Τί
813 1912 870 1965 δέ
892 1911 1025 1980 οὖν;
1074 1912 1339 1969 ἀδύνατον
1362 1914 1456 1968 τὸν
1502 1915 1645 1969 κατά
1687 1916 1977 1987 διαφόρους

392 2002 677 2073 γεννήσεις
706 2004 1063 2074 γεννηθέντα,
1117 2006 1211 2059 καὶ
1264 2006 1329 2058 ἐκ
1378 2006 1649 2079 διαφόρων
1688 2007 1787 2078 τὴν
1816 2007 1979 2075 φύσιν

392 2096 758 2167 γεννητόρων,
790 2096 1049 2168 διάφορον
1070 2097 1202 2152 ὄντα
1224 2101 1348 2163 ταῖς
1371 2100 1589 2169 φύσεσι,
1618 2099 1715 2153 καὶ
1738 2098 1977 2169 ἀληθῶς,

393 2187 518 2241 καθ’
541 2187 812 2259 ἑκατέραν
849 2188 1111 2258 τεχθῆναι
1146 2189 1404 2257 γέννησιν
1430 2208 1445 2257 ;
1482 2190 1579 2243 καὶ
1604 2188 1701 2243 τοῦ
1742 2190 1843 2261 μὲν
1870 2189 1981 2243 τῶν

392 2278 667 2332 τεκόντων
690 2280 876 2349 ὅμοιον
905 2280 1047 2333 κατά
1070 2296 1122 2334 τι
1147 2280 1255 2333 τῶν
1294 2280 1480 2342 αὑτοῦ,
1520 2279 1615 2334 τοῦ
1642 2279 1699 2333 δὲ
1727 2280 1982 2351 ἀνόμοιον

394 2369 729 2436 δείκνυσθαι,
758 2370 846 2424 διά
873 2371 934 2424 τὸ
979 2370 1238 2443 διάφορον
1289 2373 1398 2425 τῶν
1435 2370 1631 2426 τούτου
1675 2373 1983 2444 γεννήσεων

397 2462 628 2541 καὶτῶν
686 2462 1101 2534 γεγεννημένων
1137 2463 1293 2516 τοῦδε
1340 2464 1570 2529 ούσιῶν;
1604 2463 1817 2536 ἐδείχθη
1874 2463 1984 2536 γάρ

398 2556 459 2605 ἐν
490 2556 603 2617 τοῖς
638 2554 879 2625 πρώτοις
901 2557 1054 2625 ἡμῖν,
1077 2555 1159 2609 ὅτι
1186 2556 1279 2609 καὶ
1300 2556 1364 2608 ἐκ
1387 2557 1486 2624 τῆς
1516 2556 1688 2625 αὐτῆς
1720 2555 1815 2609 καὶ
1842 2554 1985 2608 κατὰ

398 2649 511 2702 πᾶν
556 2649 714 2715 γένος
754 2650 848 2703 καὶ
885 2646 1026 2713 εἶδος
1066 2650 1162 2704 καὶ
1207 2651 1387 2705 πάντα
1418 2651 1652 2721 ἀριθμὸν
1689 2649 1986 2720 ἀδιαφόρου

402 2741 595 2804 οὐσίας
641 2740 794 2808 παρά
836 2740 929 2794 τὸν
972 2740 1229 2812 διάφορον
1258 2742 1464 2813 τρόπον
1511 2743 1612 2812 τῆς
1653 2741 1984 2812 γεννήσεως,

399 2834 567 2905 ὅμοιά
597 2851 655 2887 τε
685 2834 781 2889 καλ⁸
814 2834 1042 2905 ἀνόμοια
1071 2835 1337 2898 πολλάκις
1366 2834 1578 2902 γίνεται
1598 2833 1668 2886 τὰ
1694 2832 1990 2902 τικτόμενα

400 2927 539 2996 πρὸς
568 2926 951 2992 τάτίκτοντα·
986 2926 1184 2981 ούκοῦν
1211 2924 1574 2999 ὁρθοτομοῧσι
1597 2925 1699 2994 τὴν
1730 2923 1990 2993 ἀλήθειαν

401 3018 457 3071 οἶ
503 3036 669 3089 φασιν
717 3020 799 3073 ὅτι
853 3018 1122 3090 ἐγεννήθη
1163 3019 1263 3089 μέν
1293 3019 1321 3071 6
1359 3019 1533 3086 Λόγος
1562 3019 1626 3070 ἐκ
1648 3014 1744 3069 τοῦ
1777 3015 1991 3086 Πατρδς

402 3111 643 3183 ἀληθῶς,
676 3112 820 3165 κατά
842 3111 942 3183 τὴν
975 3111 1115 3166 ἰδίαν
1146 3111 1203 3165 δὲ
1230 3112 1393 3181 μόνου
1423 3110 1517 3163 τοῦ
1558 3109 1771 3180 Πατρδς
1797 3107 1992 3178 γέννη-

2069 632 2124 686 in
2158 633 2329 687 Deum
2375 632 2656 703 pugnandi
2696 632 3047 703 propositum
3099 644 3459 702 susceperant
3502 644 3553 689 et
3593 636 3650 688 in

2068 725 2345 797 Babylone
2379 725 2554 780 turris
2577 723 3004 778 azdiﬁcationem
3049 725 3477 778 constituerant.
3506 724 3654 780 Dixit
3684 704 3695 712 ⁸

2068 817 2217 871 enim
2250 816 2417 872 etiam
2451 825 2565 871 tum
2613 815 2681 870 de
2734 814 2868 885 ipsis
2905 835 2920 870 :
2962 832 2980 865 ι
3008 814 3223 879 Venite,
3252 815 3652 871 descendentes

2069 908 2477 964 confundamus
2524 907 2740 978 linguas
2793 924 3009 962 eorum.
3047 926 3065 961 ι
3101 908 3232 962 Inde
3282 907 3451 977 igitur
3474 910 3652 978 reipsa

2069 1009 2127 1057 et
2153 1001 2311 1056 vobis
2340 1016 2487 1055 nunc
2514 1009 2645 1055 sunt
2673 1008 2733 1054 et
2761 1000 3010 1055 confusa:
3039 1000 3382 1055 subtilitates
3422 1009 3478 1054 et
3524 1016 3653 1054 ver-

2070 1093 2271 1149 borum
2320 1093 2603 1163 implicita
2654 1100 2864 1146 suturae
2911 1092 2981 1146 ad
3017 1092 3320 1162 impietatis
3370 1092 3653 1146 infamiam

2074 1187 2363 1256 tegendam
2395 1194 2640 1240 structaa.
2666 1185 2810 1241 Ante
2839 1186 3025 1240 omnia
3055 1200 3189 1255 ergo
3215 1186 3453 1239 sciamus
3483 1199 3654 1255 gene-

2072 1277 2217 1330 ratio
2243 1292 2311 1331 ex
2335 1275 2613 1330 similibus
2638 1285 2731 1329 aut
2754 1275 3120 1330 dissimilibus
3147 1274 3427 1344 quomodo
3451 1274 3657 1328 avobis

2073 1367 2325 1433 dicatur;
2364 1366 2792 1422 similitudinem
2824 1375 2920 1421 aut
2949 1364 3465 1421 dissimilitudinem
3499 1365 3655 1435 geni-

2074 1468 2257 1514 torum
2288 1458 2515 1512 relative
2554 1458 2622 1512 ad
2656 1459 2949 1529 gignentes
2990 1457 3270 1527 quomodo
3319 1455 3657 1526 intelligatis.

2073 1551 2196 1606 Non
2220 1550 2368 1606 enim
2396 1551 2543 1621 quod
2579 1566 2687 1605 non
2720 1559 2805 1606 est
2836 1551 3147 1606 subsistens
3182 1556 3239 1603 et
3274 1564 3394 1603 esse
3428 1547 3656 1613 dicitur,

2077 1658 2147 1697 ex
2178 1642 2454 1697 similibus
2477 1650 2573 1696 aut
2605 1641 2973 1696 dissimilibus
3005 1634 3418 1711 generationem
3454 1638 3660 1692 habere

2077 1722 2315 1788 dicetur.
2371 1734 2654 1788 Posterior
2712 1741 2798 1787 est
2852 1732 3001 1787 enim
3046 1731 3405 1801 generatione
3465 1745 3660 1784 eorum

2080 1824 2390 1880 similitudo
2436 1824 2524 1879 vel
2574 1823 2995 1889 dissimilitudo,
3028 1823 3185 1894 juxta
3232 1820 3519 1892 proprium
3575 1822 3662 1875 lo-

2082 1915 2289 1985 quendi
2316 1914 2561 1968 modum.
2584 1913 2935 1969 Concedatur
2960 1921 3146 1968 tamen
3168 1913 3274 1967 hoc
3292 1913 3470 1968 vobis.
3498 1914 3663 1967 Forte

2080 2007 2228 2061 enim
2252 2022 2282 2059 a
2311 2005 2419 2059 ﬁne
2448 2006 2566 2060 haec
2596 2006 2832 2060 scientes
2856 2004 3091 2061 dixistis.
3120 2003 3263 2071 Quid
3295 2020 3427 2075 ergo
3462 2005 3667 2073 impos-

2082 2096 2245 2152 sibile
2276 2106 2362 2152 est
2389 2112 2518 2151 eum
2547 2097 2641 2166 qui
2671 2095 2978 2150 secundum
3003 2086 3331 2150 diﬂ‘erente's
3355 2093 3668 2164 generatio-

2082 2204 2184 2244 nes
2224 2188 2448 2259 genitus
2475 2196 2582 2253 est,
2614 2194 2671 2241 et
2707 2202 2773 2241 ex
2802 2186 3151 2257 genitoribus
3179 2194 3377 2241 natura
3406 2184 3670 2239 differen—

2085 2278 2260 2343 tibus,
2319 2278 2671 2332 diﬂ‘erentem
2728 2278 2911 2347 ipsum
2966 2277 3209 2342 naturis,
3259 2292 3390 2330 vere
3445 2291 3669 2345 quoque

2084 2370 2392 2426 secundum
2416 2378 2711 2439 utramque
2744 2370 3158 2440 generationem
3188 2370 3435 2439 genitum
3467 2368 3667 2430 fuisse;

2085 2470 2143 2517 et
2192 2462 2323 2516 hinc
2355 2461 2706 2532 genitoribus
2753 2461 2869 2515 suis
2901 2461 3138 2515 similem
3168 2460 3474 2515 secundum
3511 2459 3671 2528 quid,

2088 2556 2218 2611 inde
2250 2565 2432 2609 autem
2476 2553 2806 2609 dissimilem
2836 2553 3232 2617 demonstrari,
3258 2558 3486 2622 propter
3514 2550 3675 2605 diﬁ'e-

2089 2649 2326 2704 rentiam
2384 2663 2610 2702 suarum
2647 2647 3070 2717 generationum
3126 2654 3185 2700 et
3238 2642 3675 2699 substantiarnm

2090 2756 2317 2795 suorum
2339 2738 2697 2809 genitorum?
2730 2738 3094 2792 Monstratum
3122 2736 3270 2789 enim
3309 2750 3337 2787 a
3379 2733 3539 2787 nobis
3574 2730 3673 2784 fuit

2090 2831 2257 2886 etiam
2294 2846 2325 2884 a
2363 2828 2642 2900 principio
2672 2844 2739 2881 ex
2772 2836 2827 2881 et
2862 2823 3396 2882 cadem-substantia
3432 2838 3539 2876 non
3571 2820 3679 2874 dii-

2092 2920 2306 2975 ferente
2338 2917 2648 2973 secundum
2680 2925 2856 2970 totum
2889 2930 3064 2986 genus
3095 2922 3152 2968 et
3197 2911 3431 2965 formam
3482 2916 3538 2963 et
3576 2923 3680 2961 nu—

2094 3027 2330 3075 merum,
2374 3018 2599 3080 propter
2646 3006 2998 3061 diﬁ‘crentem
3024 3002 3395 3075 generationis
3431 3000 3678 3058 modum.

2095 3103 2407 3172 similiaque
2433 3109 2489 3155 et
2511 3099 2802 3154 dissimilia
2829 3097 2947 3153 ﬁeri
2977 3112 3121 3166 saepe
3144 3095 3329 3166 genita
3352 3092 3581 3148 relative
3609 3090 3680 3145 ad

405 3221 492 3258 σιν
541 3202 638 3257 καὶ
677 3202 889 3267 οὐσίαν,
926 3203 1022 3257 καὶ
1070 3201 1188 3255 ἔστι
1220 3202 1405 3273 ὅμοιος
1455 3199 1605 3270 αύτῷ
1651 3200 1771 3253 κατ’
1806 3198 1993 3252 οὐσίαν

2097 3196 2399 3268 gignentia.
2426 3193 2600 3265 Igitur
2630 3200 2781 3247 recte
2817 3198 2874 3245 et
2903 3187 3213 3244 secundum
3242 3186 3533 3240 veritatem
3555 3199 3684 3237 scn-

403 3295 509 3365 τήν
551 3294 627 3359 ῶς
679 3294 856 3362 Λόγου
905 3293 1041 3347 Θεοῦ
1067 3311 1079 3325 ·
1116 3294 1379 3363 ἐγεννήθη
1428 3291 1487 3346 δέ
1538 3293 1633 3345 καὶ
1677 3293 1741 3345 ἐκ
1771 3289 1993 3361 Μητρὸς

2099 3287 2249 3341 tiunt
2294 3286 2388 3355 qui
2413 3285 2610 3339 dicunt
2651 3280 2899 3353 genitum
2937 3279 3109 3333 fuisse
3151 3276 3393 3331 Verbum
3437 3289 3565 3328 vere
3615 3288 3685 3326 cx

407 3386 645 3459 ἀληθῶς,
677 3388 819 3440 κατά
842 3386 941 3458 τὴν
982 3386 1118 3441 ίδίαν
1170 3385 1341 3455 αὐτῆς
1374 3384 1470 3438 καὶ
1502 3384 1671 3455 μόνης
1700 3382 1996 3453 γενομένην

407 3480 569 3534 τοῦδε
593 3480 868 3548 γέννησιν,
896 3479 989 3532 καὶ
1023 3479 1139 3532 ἐστι
1184 3477 1279 3532 καὶ
1311 3478 1450 3549 αὐτῇ
1479 3479 1547 3547 τῇ
1586 3476 1772 3545 Μητρὶ
1801 3474 1996 3528 ἐαυτοῦ

410 3572 535 3626 κατ’
561 3572 752 3625 οὐσίαν
774 3569 941 3625 αὐτοῦ
965 3571 1064 3641 τὴν
1087 3570 1163 3633 ὡς
1195 3570 1488 3640 ἀνθρώπου
1526 3570 1735 3639 ὅμοιος.
1769 3568 1913 3623 κατά
1941 3566 2001 3620 δέ

410 3665 514 3733 τὴν
542 3663 619 3726 ῶς
650 3663 847 3730 Λόγου,
878 3661 1130 3731 ἀνόμοιος
1167 3658 1305 3731 αὐτῇ
1331 3676 1345 3689 ο
1377 3658 1516 3729 πλὴν
1547 3658 1677 3721 Υἱὸς
1722 3656 1941 3727 ἀληθῶς
1974 3657 2004 3709 ὁ

413 3756 587 3824 Λόγος
612 3753 708 3807 τοῦ
738 3770 797 3806 τε
827 3752 1014 3822 ὁμοίου
1053 3750 1285 3821 [ἰατρὸς.
1318 3750 1413 3803 καὶ
1441 3750 1539 3819 τῆς
1572 3748 1831 3819 ἀνομοίου
1854 3746 2003 3817 αύτῷ

414 3847 639 3919 Μητρός
659 3863 675 3879 ο
710 3844 920 3915 ἀληθὴς
940 3845 1049 3915 γάρ
1077 3844 1341 3914 ἑκάτερος
1365 3842 1566 3914 τρόπος
1595 3841 1704 3895 τῶν
1729 3841 1817 3894 ἐπ’
1837 3838 2004 3893 αὐτοῦ

415 3943 723 4011 γεννήσεων
756 3938 994 4009 ἐδείχθη,
1027 3939 1055 3991 ὃ
1090 3954 1151 3990 τε
1180 3935 1276 3989 τοῦ
1305 3931 1466 4000 εἶναι,
1495 3934 1589 3988 καὶ
1619 3936 1648 3987 ὁ
1673 3933 1769 3986 τοῦ
1805 3931 2004 3987 τοιῶσ-

416 4036 498 4089 δε.
538 4034 615 4087 Οὐ
647 4034 756 4103 γάρ
794 4032 858 4102 δὴ
910 4032 1168 4102 ὁμοιότης
1212 4028 1524 4102 συνίστησιν
1553 4027 1741 4090 ἁπλῶς
1768 4027 1868 4096 τὴν
1893 4026 2009 4079 υἱό-

418 4143 580 4197 τητα,
611 4124 688 4187 ὠς
719 4123 985 4186 πολλάκις
1014 4120 1249 4192 εἴρηται·
1268 4116 1304 4190 ἦ
1331 4120 1442 4189 γὰρ
1473 4120 1540 4173 ἂν
1568 4117 1766 4174 πάντες
1798 4117 2010 4189 ἀνθρω-

423 4235 515 4271 ποι
552 4216 732 4287 ὅμοιοι
767 4214 921 4276 ὄντες
960 4211 1085 4266 κατ’
1114 4210 1305 4263 οὐσίαν
1335 4208 1611 4279 ἀλλήλοις,
1646 4207 1754 4261 υἱοὶ
1780 4206 1897 4278 ἅμα
1918 4204 2013 4260 καὶ

422 4308 679 4379 πατέρες,
712 4306 808 4359 καὶ
836 4304 1003 4358 τέκνα
1020 4301 1130 4355 τῶν
1158 4300 1365 4353 τέκνων
1408 4300 1458 4352 οἱ
1479 4298 1812 4368 γεννήτορες
1846 4292 2010 4369 ἦσαν,

422 4400 520 4455 καὶ
570 4398 621 4452 οἱ
667 4395 886 4464 ἀδελφοὶ
917 4395 974 4448 δὲ
1004 4393 1115 4447 τῶν
1139 4390 1347 4446 ἐαυτῶν
1390 4389 1638 4459 ἀδελφῶν
1697 4384 1843 4443 εἶναι
1883 4389 2011 4455 υἱοὶ,

421 4490 514 4548 διὰ
567 4489 667 4561 τὴν
723 4486 845 4541 κατ’
877 4485 1067 4540 οὐσίαν
1095 4483 1390 4556 ὁμοιότητα
1442 4482 1579 4553 πρὸς
1628 4479 1827 4545 αὐτοὺς
1862 4497 2018 4551 νομι-

425 4581 705 4651 σθείησαν.

2098 3381 2263 3437 Patre
2300 3376 2607 3432 secundum
2643 3373 2925 3445 propriam
2963 3371 3130 3425 unius
3166 3368 3348 3425 Patris
3375 3365 3687 3437 generatio-

2101 3486 2229 3526 nem
2260 3477 2316 3524 et
2349 3465 2744 3528 substantiam,
2776 3471 2833 3518 et
2863 3476 2984 3517 esse
3010 3454 3091 3514 illi
3117 3458 3299 3514 simile
3333 3455 3515 3526 quoad
3553 3453 3689 3507 sub-

2100 3562 2384 3627 stantiam,
2426 3556 2796 3613 substantiam
2823 3568 3023 3623 nempe
3055 3550 3152 3606 Dei
3188 3549 3393 3614 Verbi;
3440 3547 3688 3619 genitum

2104 3664 2291 3712 autem
2346 3652 2518 3707 fuisse
2574 3665 2706 3703 vere
2764 3661 2989 3718 quoque
3041 3660 3108 3699 ex
3157 3643 3329 3698 Matre
3382 3639 3689 3696 secundum

2106 3747 2284 3817 ipsius
2309 3741 2726 3816 generationem
2760 3737 3046 3809 propriam
3078 3752 3147 3790 ex
3176 3734 3295 3805 ipsa
3323 3732 3458 3794 sola,
3489 3744 3541 3786 et
3571 3745 3693 3786 esse

2108 3839 2212 3909 ipsi
2265 3852 2379 3892 sua:
2421 3834 2584 3889 matri
2633 3828 3167 3888 simile75ecundum
3216 3840 3395 3888 suam,
3454 3820 3696 3876 hominis

2108 3929 2342 3990 scilicet,
2370 3925 2753 3988 substantiam,
2782 3922 2860 3976 illi
2889 3929 3075 3976 autem
3101 3917 3369 3973 dissimile
3389 3913 3695 3969 secundum

2110 4016 2476 4071 substantiam
2509 4028 2677 4084 quam
2712 4011 2878 4066 habet
2906 4021 2966 4065 ut
3000 4009 3262 4064 Verbum.
3287 4007 3525 4060 Ita'sane
3559 4003 3699 4058 Ver-

2111 4108 2243 4164 bum
2271 4122 2399 4161 vere
2434 4116 2519 4160 est
2559 4105 2732 4160 Filius
2777 4101 2974 4158 similis
3022 4099 3223 4166 Patris,
3262 4097 3438 4153 Filius
3477 4112 3699 4167 quoque

2113 4199 2307 4255 Matris
2335 4196 2627 4252 dissimilis
2654 4195 2825 4250 Patri.
2863 4195 3041 4250 Verus
3069 4191 3219 4248 enim
3242 4199 3476 4259 uterque
3501 4187 3701 4243 modus

2114 4289 2534 4363 generationum
2569 4289 2691 4359 ejus
2728 4286 3171 4348 demonstratur,
3216 4283 3310 4337 hic
3344 4296 3545 4350 nempe
3589 4292 3702 4348 quo

2114 4392 2221 4448 est,
2258 4383 2353 4437 ille
2378 4397 2489 4452 quo
2524 4388 2610 4435 est
2640 4379 2841 4434 taliter.
2876 4376 3195 4433 Similitudo
3224 4375 3372 4429 enim
3410 4388 3520 4426 non
3564 4386 3701 4425 con-

2117 4475 2303 4532 stituit
2337 4472 2683 4538 ﬁIiationem,
2722 4481 2783 4525 ut
2810 4484 3053 4540 persaepe
3086 4467 3296 4521 dictum
3323 4474 3428 4521 est.
3482 4462 3693 4517 Omnes

2048 4562 2095 4623 ι)
2120 4567 2269 4625 enim
2302 4566 2581 4630 homines,
2615 4570 2807 4633 utpote
2835 4561 2932 4631 qui
2959 4561 3106 4615 inter
3137 4575 3197 4614 se
3226 4557 3463 4612 invicem
3498 4554 3708 4610 similes

425 4645 733 4729 secundum
768 4667 1155 4731 substantiam,
1193 4664 1291 4720 ﬁlii
1316 4663 1480 4721 simul
1509 4670 1568 4720 et
1624 4671 1811 4734 patres
1833 4647 2041 4729 essent,
2080 4668 2139 4716 et
2200 4658 2481 4731 genitores
2515 4664 2703 4711 essent
2732 4653 2831 4708 ﬁlii
2864 4667 3091 4708 suorum
3120 4650 3382 4716 ﬁliorum,
3415 4655 3472 4702 et
3511 4645 3711 4700 fratres

426 4778 656 4820 suorum
690 4760 925 4816 fratrum
959 4773 1082 4813 esse
1121 4757 1285 4823 ﬁlios,
1319 4763 1549 4827 propter
1586 4754 2011 4811 similitudinem
2048 4750 2379 4809 substantia:
2402 4749 2636 4804 relative
2668 4746 2739 4801 ad
2764 4746 2936 4815 ipsos,
2968 4753 3354 4799 censerentur.

999 4851 1253 4906 ΚΕΦΑΛ.
1283 4850 1420 4904 KH'.

499 4948 564 5003 Εί
612 4947 675 5000 τὸ
719 4946 907 5009 ἀϊδίως
933 4944 992 4997 ὃν
1020 4944 1248 5015 ὕστερον
1277 4943 1536 5011 γεννᾶται
1562 4940 1706 4996 κατά
1734 4940 2015 5012 ἀλήθειαν,

428 5038 528 5093 καλ⁵
552 5036 615 5089 τὸ
650 5035 788 5108 μηδέ
839 5035 976 5098 ὅλως
1004 5034 1086 5099 ὃν,
1118 5032 1371 5104 ἐνεργείᾳ
1417 5031 1491 5102 μὴ
1516 5030 1599 5096 δν,
1630 5032 1841 5101 γίνεται
1874 5029 2020 5084 κατὰ

429 5129 695 5201 ἀλήθειαν
718 5145 731 5159 '
764 5128 813 5181 εί
863 5126 920 5180 δέ
955 5126 1014 5179 τὸ
1045 5124 1300 5196 δεύτερον
1330 5122 1615 5187 ἀδύνατον,
1646 5122 1740 5176 καὶ
1771 5123 1833 5175 τὸ
1870 5121 2022 5193 πρῶ-

428 5241 523 5278 τον
559 5223 692 5292 ἀρα.
738 5220 880 5274 Ἀλλ’
930 5221 979 5273 εί
1033 5219 1127 5273 καὶ
1154 5218 1217 5272 ὃν
1254 5217 1315 5271 τὸ
1338 5217 1397 5270 ὃν
1425 5216 1486 5270 ού
1519 5216 1750 5285 γίνεται,
1785 5214 1922 5268 ἀλλά
1959 5214 2020 5268 τὸ

430 5313 658 5369 τοιῶσδε
698 5312 779 5377 ὃν,
824 5313 905 5375 εἰς
936 5312 999 5364 τὸ
1028 5310 1232 5383 ἑτέρως
1262 5307 1491 5361 τλιῶσδε
1536 5303 1695 5375 εἶναι,
1729 5308 1777 5359 εί
1808 5307 1904 5360 καὶ
1956 5307 2018 5359 ού

432 5405 577 5461 κατὰ
603 5405 814 5475 τροπὴν
842 5402 980 5457 ἀλλά
1004 5401 1313 5473 πρόσληψιν
1346 5399 1690 5470 καινοτέραν,
1724 5397 2019 5467 γεννᾶσθαι

432 5497 661 5551 δυνατόν
681 5513 697 5528 ο
721 5495 843 5549 οὐδὲ
878 5495 990 5564 γάρ
1024 5493 1168 5549 κατά
1199 5494 1260 5546 τὸ
1285 5492 1419 5545 αὐτό
1449 5507 1536 5555 τις
1577 5491 1707 5561 ὑμῖν
1738 5490 1929 5553 ἀῖδίως
1958 5506 2019 5541 τε

435 5583 579 5641 εἷναί
616 5604 668 5641 τι
701 5587 798 5642 καὶ
848 5586 958 5642 ἀπὸ
988 5585 1183 5657 χρόνου
1232 5582 1498 5656 ἄρχεσθαι
1527 5582 1775 5654 είρηκεν.
1808 5581 2021 5635 Οὐκοῦν

434 5679 492 5734 τί
531 5679 734 5734 κωλύει
794 5679 888 5734 τόν
938 5680 1079 5734 κατά
1128 5679 1188 5732 τὸ
1237 5674 1378 5732 εἶναι
1434 5676 1673 5748 ἄναρχον
1705 5674 2020 5746 νοούμενον,

438 5770 584 5825 κατά
609 5770 675 5825 τὸ
717 5768 947 5834 ἀλλοίως
978 5767 1145 5833 εἶναι,
1178 5770 1347 5841 ἤγουν
1377 5767 1823 5838 σεσαρκωμένον,
1854 5764 2025 5836 ἀρξά-

444 5879 607 5935 μενον
637 5858 800 5932 εἷναι;
827 5861 1055 5928 ἀλλοίως
1082 5861 1192 5934 γάρ
1217 5858 1359 5917 εἶναι
1398 5859 1585 5929 αὑτὸν,
1616 5859 1679 5914 ού
1709 5859 1851 5914 κατὰ
1900 5874 2025 5930 τρο-

2716 4838 2870 4894 CAP.
2935 4835 3179 4891 XXVIII.

2188 4931 2246 4987 Si
2269 4930 2417 5003 quod
2444 4938 2531 4985 est
2560 4928 2630 4983 ab
2679 4937 2889 4983 :rterno
2921 4924 3202 4995 posterius
3238 4919 3484 4992 gignitur
3511 4931 3711 4971 secun-

2117 5026 2251 5081 dum
2274 5022 2592 5085 veritatem,
2627 5019 2775 5089 quod
2835 5017 3063 5073 omnino
3086 5030 3197 5069 non
3227 5021 3333 5076 est,
3375 5010 3428 5065 vi
3468 5023 3566 5064 sua
3601 5021 3715 5061 non

2118 5118 2392 5173 exsistens
2415 5156 2430 5181 ,
2474 5114 2533 5168 ﬁt
2551 5112 2760 5182 aliquid
2792 5110 3001 5180 pariter
3055 5105 3364 5161 secundum
3396 5102 3713 5156 veritatem.

2123 5212 2180 5267 Si
2203 5218 2388 5266 autem
2411 5206 2717 5264 secundum
2764 5196 3126 5271 impossibile,
3176 5212 3308 5267 ergo
3339 5202 3396 5250 et
3452 5192 3714 5263 primum.

2120 5304 2192 5359 At
2220 5302 2369 5374 quod
2402 5300 2621 5357 exsistit
2650 5313 2762 5352 non
2800 5295 2873 5351 sit
2909 5292 3224 5355 exsistens;
3262 5288 3358 5343 sed
3405 5285 3554 5356 quod
3622 5283 3717 5338 tali

2122 5395 2289 5451 modo
2335 5393 2571 5458 exsistit,
2623 5398 2805 5462 potest
2841 5388 2988 5459 gigni
3009 5387 3065 5441 in
3090 5384 3259 5439 alium
3295 5381 3460 5435 talem
3492 5378 3719 5432 modum

2122 5484 2455 5551 exsistendi,
2486 5500 2599 5538 non
2653 5481 2878 5551 quidem
2909 5494 3009 5548 per
3056 5474 3420 5531 mutationem
3482 5467 3577 5523 sed
3622 5482 3725 5537 per

2123 5594 2321 5635 novam
2359 5582 2759 5646 acceptionem.
2789 5574 3082 5643 Nunquam
3114 5568 3261 5623 enim
3292 5565 3585 5635 quisquam
3621 5574 3721 5614 vo-

2121 5668 2212 5726 bis
2238 5669 2376 5725 dixit
2410 5668 2557 5722 idem
2589 5676 2967 5735 aeternumque
2985 5661 3251 5717 exsistere
3286 5665 3341 5711 et
3374 5657 3430 5709 in
3476 5662 3724 5720 tempore

2126 5760 2397 5831 incipere.
2446 5758 2591 5829 Ergo
2638 5756 2772 5826 quid
2827 5752 3058 5823 impedit
3111 5749 3245 5819 quin
3287 5745 3382 5816 qui
3416 5741 3726 5810 concipitur

2130 5854 2250 5912 sine
2275 5850 2552 5925 principio
2570 5848 2878 5907 secundum
2907 5860 3072 5903 suum
3093 5858 3239 5911 esse,
3256 5840 3347 5897 ille
3388 5832 3728 5910 principium
