4116 6436
479 415 615 481 1695

1716 426 2023 487 LEONTII
2063 427 2467 488 BYZANTINI

3609 425 3753 495 1696

473 529 727 585 habuerit
757 530 1057 587 secundum
1092 534 1201 589 alio
1232 535 1399 589 modo
1418 550 1561 600 esse,
1598 536 1652 591 id
1689 549 1775 594 est
1799 540 1854 593 in
1882 556 2059 609 quanv

2166 540 2269 612 πὴν
2297 542 2329 612 ἢ
2359 542 2546 613 ρεῦσιν
2590 540 2687 595 τοῦ
2737 541 2945 597 οἰκείου
2980 534 3118 596 εἶναι
3139 581 3157 609 ,
3184 541 3320 598 ἀλλά
3342 545 3485 599 κατά
3509 546 3755 615 πρόσλη-

473 632 587 675 tum
667 624 1004 679 incarnatus.
1051 626 1173 681 Alio
1225 628 1372 681 enim
1419 629 1582 683 modo
1628 645 1748 685 esse
1795 646 1905 685 non
1962 647 2060 701 per

471 713 833 769 mutationem
866 723 961 769 aut
985 716 1264 771 ellluvium
1298 718 1507 787 proprii
1531 734 1672 784 esse,
1700 720 1795 775 sed
1830 736 1930 790 per
1966 736 2060 775 ac-

472 804 783 874 ceptionem
818 815 875 860 et
905 808 1170 861 unionem
1223 809 1640 864 substantialem
1697 812 1924 868 alterius
1979 813 2061 868 rei

471 910 691 966 semper
711 898 940 952 seorsim
964 899 1033 953 ab
1057 914 1124 954 eo
1154 899 1493 965 exsistentis,
1520 899 1777 957 dicimus.

1036 1010 1188 1065 CAP.
1218 1010 1411 1066 XXlX.

542 1099 599 1154 Si
625 1100 826 1155 caelum
861 1109 917 1156 et
944 1110 1091 1157 terra
1124 1111 1181 1157 et
1210 1104 1397 1157 omnia
1421 1120 1545 1175 quae
1576 1106 1630 1158 in
1662 1104 1745 1160 eis
1799 1115 1949 1169 sunt,
1975 1116 2062 1162 ut-

472 1199 601 1259 pote
624 1193 735 1260 jam
764 1194 1085 1248 exsistentia
1118 1210 1267 1249 nunc
1294 1195 1415 1250 ﬁeri
1464 1197 1823 1266 impossibile,
1864 1199 2062 1252 horum

471 1290 753 1335 auctorem
776 1291 903 1336 ante
932 1285 1131 1339 saecula
1183 1301 1252 1340 ex
1282 1286 1446 1340 Patre
1481 1294 1696 1352 natum,
1742 1289 1799 1342 in
1828 1290 2066 1343 novissi-

472 1372 578 1425 mis
631 1374 976 1441 temporibus
1038 1376 1285 1445 genitum
1359 1376 1551 1443 fuisse,
1602 1395 1765 1449 quam
1828 1382 2065 1437 maxime

474 1464 916 1531 impossibile.—-—
939 1469 1057 1523 Non
1083 1470 1233 1523 enim
1256 1472 1352 1541 qui
1403 1473 1680 1527 exsistunt
1740 1474 2066 1543 simpliciter

473 1548 593 1603 fieri
635 1552 924 1622 quisquam
955 1555 1189 1610 afﬁrmat
1213 1598 1227 1623 ,
1253 1573 1433 1627 neque
1479 1560 1677 1614 coelum
1732 1562 1981 1630 generari
2010 1562 2066 1616 in

472 1640 667 1696 ordine
698 1644 767 1697 ad
808 1645 1185 1701 exsistentiam
1214 1648 1557 1719 simpliciter,
1586 1666 1621 1705 ο
1681 1666 1799 1706 vos.
1851 1652 2066 1705 Novum

474 1739 657 1785 tamen
689 1730 807 1787 ﬁeri
862 1750 929 1789 ex
964 1746 1173 1802 vetere,
1204 1738 1617 1805 transformari,
1670 1740 2067 1810 incorruptibi-

475 1820 687 1876 litatem
714 1825 901 1880 vestiri
938 1842 1063 1881 cum
1114 1829 1324 1898 reliqua
1356 1830 1461 1884 alia
1490 1831 1789 1897 creatione,
1838 1832 2063 1885 liberari

470 1930 502 1966 a
543 1916 808 1971 servitute
832 1919 1224 1988 corruptionis,
1269 1921 1412 1975 sicut
1442 1930 1632 1976 nostra
1686 1936 1919 1990 corpora
1982 1921 2064 1974 vi-

476 2012 529 2057 ta
555 2005 747 2061 induta
780 2023 948 2077 super
987 2011 1245 2072 mortale,
1304 2021 1361 2066 et
1413 2013 1728 2081 incorrupta
1776 2028 2067 2082 resurgen-

475 2098 572 2159 tia,
602 2113 796 2153 omnes
834 2101 888 2153 in
928 2100 1133 2170 pietate
1191 2103 1424 2158 enutriti
1478 2103 1833 2159 conﬁtentur.
1892 2105 2064 2175 Igitur

468 2190 625 2257 juxta
649 2206 768 2254 vos,
798 2206 923 2246 cum
946 2193 1185 2248 mundus
1226 2195 1339 2265 jam
1368 2195 1441 2249 sit
1469 2195 1653 2265 aliquo
1689 2197 1874 2261 modo,
1908 2211 2063 2250 nem-

474 2294 541 2349 pe
576 2283 978 2351 corruptibilis,
1009 2300 1119 2339 non
1150 2285 1400 2342 dicemus
1452 2302 1579 2341 eum
1622 2288 1922 2343 secundum
1977 2288 2063 2342 in-

474 2372 999 2439 corruptibilitatem
1024 2374 1162 2441 ﬁeri,
1198 2377 1315 2431 sive
1354 2377 1667 2446 regenerari
1703 2378 1894 2447 :quod
1913 2379 2062 2432 enim

470 2469 577 2524 est,
613 2462 860 2532 inquitis,
888 2481 998 2519 non
1032 2466 1128 2530 ﬁt;
1150 2482 1263 2521 non
1302 2468 1625 2539 abjicientes
1650 2469 1782 2522 illud
1804 2486 1912 2523 non
1940 2471 2061 2526 ﬁeri

478 2551 532 2605 id
557 2554 703 2620 quod
732 2564 837 2619 est,
886 2557 979 2611 sed
1025 2573 1129 2612 nec
1160 2559 1525 2614 concedentes
1550 2560 1684 2614 illud
1712 2561 1860 2630 quod
1888 2562 2064 2630 quali-

477 2660 697 2715 cunque
724 2650 888 2703 modo
913 2659 998 2705 est
1022 2651 1143 2707 fieri
1177 2652 1233 2706 id
1266 2653 1414 2721 quod
1441 2670 1554 2708 non
1585 2661 1691 2708 est.
1743 2654 2060 2709 Secundum

473 2749 658 2795 autem
690 2742 807 2797 haec
832 2752 1016 2798 vestra
1052 2746 1297 2811 oracula,
1349 2760 1452 2800 nec
1501 2746 1864 2815 corruptibile
1924 2748 2060 2816 quid

474 2828 898 2900 incorruptibile
923 2834 1227 2889 secundum
1274 2844 1519 2889 nostram
1561 2834 1859 2890 salutarem
1906 2852 2061 2906 spem

472 2920 660 2975 dicere
693 2923 949 2993 cuiquam
1007 2940 1333 2982 concessum
1364 2934 1450 2981 est
1480 2946 1492 2981 :
1524 2926 1758 2991 scilicet,
1789 2943 1914 2983 eum
1937 2944 2062 2983 cor-

475 3014 737 3082 ruptibile
762 3016 1024 3072 inductus
1049 3029 1212 3074 natus
1240 3018 1314 3074 sit
1359 3018 1548 3085 homo,
1578 3020 1941 3091 corruptibile
1972 3022 2061 3077 in-

476 3105 597 3160 duti
624 3109 991 3164 renaseimur.
1474 3130 1481 3134 '

1071 3222 1224 3279 CAP.
1276 3223 1450 3280 XXX.

468 3394 475 3401 ο
543 3321 599 3377 Si
622 3323 930 3380 admittitur
953 3326 1073 3382 heri
1105 3326 1223 3381 fieri
1256 3344 1400 3392 cras,
1454 3328 1780 3383 admittatur
1812 3338 1868 3384 et
1913 3327 2057 3384 exsi-

474 3424 709 3469 stentem
741 3416 809 3471 ab
836 3418 1117 3473 aeternoin
1139 3420 1453 3473 novissimis
1469 3420 1653 3491 gigni:
1686 3419 1782 3475 sed
1818 3420 2061 3490 primum

475 3507 852 3576 impossibile;
897 3525 1030 3581 ergo
1058 3520 1114 3565 et
1166 3511 1493 3573 secundum,
1533 3528 1631 3581 per
1658 3513 2059 3567 extensionem.

472 3598 601 3653 ——Si
638 3598 972 3655 dixissemus
1025 3601 1250 3670 quidem
1306 3617 1407 3673 per
1456 3604 1818 3657 mutationem
1868 3604 2062 3659 teterni

472 3686 731 3742 eumdem
762 3688 881 3742 ﬁeri
910 3691 1293 3760 temporalem,
1354 3691 1587 3761 pulchre
1630 3706 1820 3746 revera
1846 3691 2061 3747 dicere-

478 3775 567 3830 tis.
615 3776 672 3831 Si
703 3784 914 3843 autem,
948 3778 1055 3833 hoc
1084 3779 1187 3848 ipsi
1219 3788 1436 3834 servato
1464 3778 1609 3849 quod
1629 3787 1767 3844 erat,
1792 3795 2063 3849 superve-

476 3866 559 3919 nit
605 3866 707 3936 ipsi
747 3883 849 3938 per
873 3869 1251 3939 acceptionem
1281 3870 1489 3939 aliquid
1550 3870 1699 3941 quod
1732 3887 1844 3925 non
1897 3880 2061 3939 erat,

476 3964 629 4026 patet
681 3959 789 4014 hoc
816 3970 1140 4031 utrumque,
1195 3963 1609 4017 consideratum
1640 3964 1695 4018 in
1731 3966 2060 4034 composito,

476 4049 681 4103 factum
704 4049 872 4106 fuisse
900 4051 1045 4107 idem
1072 4068 1243 4106 unum
1279 4053 1613 4124 subjectum,
1641 4065 1932 4124 postquam
1963 4071 2063 4125 per

476 4137 712 4207 alicujus
745 4139 874 4192 novi
908 4140 1280 4194 accessionem
1306 4140 1511 4196 factum
1543 4151 1649 4207 est,
1681 4159 1792 4196 non
1818 4144 1947 4197 olim
1992 4144 2064 4199 sit

478 4229 819 4287 inmllectum
854 4240 916 4286 ut
946 4248 1097 4287 nunc
1116 4241 1220 4287 est.
1243 4232 1534 4299 Quomodo
1555 4250 1690 4305 ergo
1738 4243 1888 4289 recte
1920 4236 2062 4307 obji-

476 4320 604 4378 citis
619 4323 778 4378 nobis
802 4324 826 4377 ?
851 4324 1069 4380 Etenim
1102 4326 1219 4381 haec
1234 4325 1354 4381 dies
1384 4325 1649 4382 hesterna
1689 4342 1853 4398 quam
1881 4328 2064 4383 dicitis

478 4427 758 4480 nunquam
792 4429 890 4483 per
912 4417 1279 4471 mutationem
1326 4416 1387 4471 fit
1433 4432 1580 4480 cras,
1621 4417 1675 4472 id
1699 4426 1784 4472 est
1820 4419 2063 4475 crastina

479 4502 624 4567 dies,
655 4504 964 4561 desinendo
990 4509 1307 4564 hesternam
1357 4524 1479 4565 esse
1511 4518 1572 4564 ut
1607 4511 1878 4567 hodierna
1921 4511 2016 4566 ﬁat
2044 4553 2058 4577 ,

480 4597 846 4660 przeterquam
876 4594 1047 4662 quod,
1100 4597 1525 4664 superveniente
1568 4600 1669 4669 ipsi
1715 4615 1840 4654 cum
1895 4570 2064 4655 hodie
2094 4570 2138 4624 θ

480 4689 599 4733 tum
632 4696 774 4745 cras,
805 4682 921 4737 ﬁeri
957 4684 1375 4741 nudiustertius
1404 4688 1481 4742 illi
1503 4688 1785 4760 obtigerit,
1814 4690 2066 4760 quamvis

482 4782 802 4840 permaneat
853 4790 976 4830 esse
1009 4776 1154 4842 heri,
1178 4776 1391 4833 scilicet
1444 4780 1671 4834 relative
1696 4781 1762 4835 ad
1816 4782 2066 4851 proxime

478 4873 807 4933 sequentem
843 4867 1011 4934 diem,
1033 4878 1097 4923 ut
1128 4869 1332 4925 nudius
1362 4871 1560 4929 tertius
1581 4881 1666 4929 est
1682 4873 1803 4928 dies
1828 4874 2060 4931 relative

477 4956 551 5010 ad
605 4956 821 5011 tertiam
848 4959 917 5015 ab
939 4959 1057 5031 ipsa
1093 4960 1263 5015 diem.

1045 5071 1198 5129 CAP.
1234 5072 1428 5131 XXXI.

550 5182 611 5238 Si
648 5184 959 5241 admittitur
1015 5188 1164 5259 quod
1224 5205 1335 5245 non
1374 5200 1497 5247 erat
1528 5198 1710 5253 antea,
1760 5190 1895 5246 illud
1944 5206 2068 5248 esse

479 5284 693 5343 postea,
717 5293 827 5333 non
850 5279 1098 5350 genitum
1138 5297 1242 5336 nec
1271 5282 1495 5346 factum,
1544 5283 1869 5338 admittatur
1917 5283 2067 5354 quod

479 5378 571 5421 est
620 5367 690 5421 ab
718 5378 953 5436 aeterno,
1004 5371 1059 5426 id
1112 5373 1391 5443 posterius
1439 5375 1745 5430 secundum
1776 5376 2067 5432 veritatem

480 5459 729 5527 genitum
759 5461 955 5517 fuisse.
988 5462 1097 5518 Sed
1142 5465 1385 5534 primum
1432 5467 1814 5537 impossibile;
1847 5484 1978 5539 ergo
2013 5476 2071 5524 et

486 5552 891 5608 secundum.——
948 5555 1032 5609 En
1073 5557 1219 5625 quod
1257 5574 1360 5613 nos
1390 5576 1406 5633 _:
1450 5560 1597 5629 quod
1635 5570 1757 5615 erat
1806 5561 2067 5626 Verbum,

484 5656 683 5711 nempe
702 5646 885 5701 carnis
913 5662 1128 5717 expers,
1162 5649 1270 5704 hoc
1311 5650 1432 5706 ﬁeri
1464 5667 1574 5706 non
1616 5653 1872 5709 dicimus.
1912 5652 2071 5720 Quod

492 5740 681 5785 autem
710 5749 821 5787 non
880 5746 1020 5800 erat,
1055 5754 1255 5808 nempe
1289 5754 1422 5795 caro
1470 5750 1526 5795 et
1562 5741 1928 5807 incarnatum,
1963 5743 2072 5798 hoc

496 5814 619 5873 ﬁeri
651 5821 949 5907 credimus.
988 5825 1170 5897 Usque
1196 5828 1307 5884 huc
1334 5829 1483 5885 enim
1509 5832 1712 5890 vestris
1743 5834 2069 5905 tantologiis

2158 630 2253 700 ψιν
2277 634 2371 685 καὶ
2403 633 2597 686 ἐνωσιν
2622 633 2856 703 οὐσιὼδη
2889 632 3076 704 ἐτέρου
3099 635 3425 707 πράγματος
3438 636 3534 690 τοῦ
3554 638 3751 708 πρώην

2159 722 2566 793 κεχωρισμένου
2593 722 2690 777 ἀπ’
2718 721 2912 789 αὐτοῦ,
2936 724 3138 795 φαμέν.

2724 1007 2978 1062 ΚΕΦΑΛ.
3016 1008 3149 1065 KG'.

2234 1098 2299 1152 Εἰ
2327 1096 2421 1153 τὸν
2448 1098 2679 1171 οὐρανὸν
2720 1103 2817 1155 καὶ
2858 1102 2961 1173 τήν
2986 1101 3093 1175 γῆν
3129 1101 3221 1156 καὶ
3248 1100 3427 1157 πάντα
3451 1102 3522 1158 τά
3549 1104 3610 1158 ἐν
3638 1104 3743 1159 αύ-

2161 1191 2272 1253 τυίς
2306 1190 2408 1262 ἤδη
2458 1192 2589 1245 ὄντα
2632 1191 2889 1260 γενέσθαι
2935 1192 3031 1247 νῦν
3076 1191 3364 1258 ἀδύνατον,
3409 1194 3501 1248 τὸν
3533 1196 3746 1250 τούτων

2162 1276 2509 1351 Δημιουργδν
2556 1280 2665 1351 πρὸ
2688 1281 2796 1335 τῶν
2824 1280 3038 1336 αἰώνων
3066 1283 3134 1335 ἐκ
3166 1282 3381 1354 Πατρὸς
3411 1287 3747 1356 γεγεννημέ-

2163 1384 2254 1420 νον
2277 1368 2365 1420 ἐπ³
2399 1370 2645 1440 ἐσχάτων
2671 1371 3019 1443 γεννηθῆναι,
3054 1373 3487 1429 ἀδυνατώτατον.
3515 1375 3592 1429 Οὐ
3628 1379 3744 1447 γὰρ

2162 1458 2292 1513 ὄντα
2313 1460 2522 1527 ἀπλῶς,
2543 1462 2787 1530 γίνεσθαι
2813 1464 2963 1532 λέγει
2988 1482 3095 1530 τις,
3110 1465 3144 1535 ἦ
3170 1465 3429 1531 καὶείςτὺ
3449 1463 3587 1523 εῖναι
3612 1486 3745 1537 γεν-

2164 1552 2359 1605 νᾶσθαι
2402 1553 2588 1617 ἁπλῶς
2616 1553 2708 1607 τὸν
2745 1554 2995 1627 οὐρανὸν,
3030 1550 3077 1609 ὦ
3124 1551 3303 1611 οὗτοιο
3334 1559 3523 1611 καινὸν
3555 1560 3745 1630 μέντοι

2164 1644 2411 1711 γίνεσθαι
2450 1647 2517 1699 ἐκ
2547 1644 2799 1713 παλαιοῦ,
2841 1647 2935 1700 καὶ
3007 1649 3608 1721 μετασχηματίζεσθαι,
3640 1652 3745 1704 καὶ

2166 1734 2478 1807 ἀφθαρσίαν
2508 1736 2905 1805 ἀμφιέννυσθαι
2929 1738 3066 1806 μετά
3087 1738 3187 1809 τῆς
3209 1739 3403 1809 λοιπῆς
3415 1739 3606 1810 ἐτέρας
3623 1738 3748 1793 κτί-

2169 1847 2327 1898 σεως,
2353 1833 2449 1886 καὶ
2470 1832 2889 1905 ἐλευθεροῦσθαι
2907 1836 2973 1889 ἐκ
2996 1838 3096 1907 τῆς
3113 1835 3359 1900 δουλείας
3385 1837 3486 1906 τῆς
3510 1837 3745 1908 φθορᾶς,

2164 1923 2240 1987 ὡς
2256 1923 2351 1977 καί⁸
2369 1923 2439 1977 τά
2459 1924 2703 1997 ἡμέτερα
2719 1926 2947 1996 σώματα
2963 1927 3329 1997 ἐπενδυόμενα
3347 1928 3427 2000 τῷ
3451 1927 3632 1998 θνητῷ
3643 1928 3749 2003 τῂν

2163 2012 2329 2085 ζωὴν,
2352 2014 2447 2067 καὶ
2463 2015 2800 2085 ἀνιστάμενα
2818 2015 3093 2087 ἄφθαρτα,
3126 2018 3331 2083 πάντες
3361 2018 3411 2070 οἰ
3448 2018 3548 2088 τῆς
3581 2017 3748 2070 εὐσε-

2163 2104 2317 2166 6είας
2330 2105 2585 2176 τρόφιμοι
2600 2106 2960 2176 συνομολογοῦ
2969 2125 3071 2162 σιν.
3097 2109 3165 2161 Ἀ
3174 2125 3242 2179 ρα
3259 2108 3306 2161 δ’
3320 2108 3413 2163 οῦν
3429 2108 3551 2162 καθ’
3574 2109 3745 2178 ὑμᾶς,

2162 2198 2287 2249 ἐπεὶ
2319 2197 2421 2267 ἤδη
2450 2196 2569 2261 πώς
2597 2199 2746 2251 ἐστιν
2771 2199 2940 2270 ἤγουν
2973 2198 3215 2268 φθαρτὸς
3247 2199 3277 2252 ὁ
3298 2200 3525 2271 κόσμος,
3555 2200 3748 2254 οὐκέτι

2162 2288 2397 2359 ἐροῦμεν
2446 2290 2611 2344 αὑτὸν
2668 2290 2811 2344 κατά
2853 2291 2917 2345 τὸ
2947 2291 3225 2363 ἄφθαρτον
3253 2292 3527 2361 γίνεσθαι,
3557 2292 3746 2346 εἴτουν

2163 2380 2583 2449 ἀναγεννᾶσθαι.
2606 2382 2680 2435 Τὸ
2698 2382 2805 2453 γὰρ
2834 2382 2916 2449 ὃν,
2942 2385 3102 2452 φατὲ,
3125 2384 3186 2438 οὐ
3210 2383 3442 2452 γίνεται’
3472 2384 3546 2454 μὴ
3573 2400 3747 2454 προσ-

2162 2472 2367 2539 θέντες,
2402 2473 2488 2526 ὃτι
2542 2473 2571 2527 ὂ
2597 2474 2745 2528 ἐστιν
2774 2476 2835 2528 ού
2864 2475 3098 2543 γίνεται,
3134 2475 3250 2530 ἀλλ’
3284 2475 3407 2530 οὐδὲ
3440 2476 3469 2528 ὃ
3506 2475 3581 2546 μὴ
3625 2474 3745 2529 ἐστι

2159 2561 2409 2631 γίνεσθαι
2444 2563 2852 2633 συγχωροῦντες
2900 2564 2979 2635 τῷ
3023 2565 3273 2620 ὁπωσοῦν
3304 2566 3451 2619 ὄντι·
3488 2564 3631 2618 κατά
3682 2564 3744 2617 δέ

2159 2654 2337 2708 ταῦτα
2366 2654 2522 2725 ὑμῶν
2555 2655 2627 2709 τά
2672 2655 3046 2727 θεσπίσματα,
3077 2657 3200 2710 οὐδέ
3260 2675 3314 2711 τι
3362 2657 3603 2728 φθαρτὸν
3632 2657 3743 2725 ἄφ-

2163 2746 2363 2817 θαρτον
2390 2748 2534 2801 κατά
2568 2748 2669 2818 τὴν
2703 2747 2898 2802 ἐλπίδα
2930 2749 3090 2820 ἡμῶν
3136 2749 3235 2821 τὴν
3268 2752 3534 2821 σωτήριον
3561 2749 3746 2818 λέγειν

2158 2838 2269 2892 τινὶ
2286 2838 2381 2891 τοῦ
2409 2838 2598 2892 λοιποῦ
2634 2839 3072 2911 συγκεχώρηται.
3091 2840 3314 2913 Ἐπειδὴ
3338 2842 3447 2911 γὰρ
3472 2842 3531 2895 τὸ
3564 2841 3746 2911 φθαρ-

2159 2930 2251 2984 τὸν
2300 2930 2455 2995 ἐνδὺς
2504 2931 2770 3003 ἐγεννήθη
2813 2932 3127 3005 ἄνθρωπος,
3152 2932 3213 2987 τὸ
3241 2932 3521 3006 ἄφθαρτον
3551 2932 3742 2987 ἐνδυό-

2162 3040 2317 3097 μενοι
2342 3022 2789 3096 ἀναγεννώμεθα.

2748 3226 2977 3281 ΚΕΦΑΛ
2989 3265 3002 3281 .
3044 3227 3127 3281 Λ’.

2235 3318 2302 3373 Εἰ
2325 3319 2603 3391 ἐνδέχεται
2646 3319 2748 3389 τὴν
2776 3319 2905 3390 χθές
2927 3320 3178 3388 γενέσθαι
3212 3319 3423 3390 αὔριον,
3443 3318 3750 3389 ἐνδεχέσθω
3846 3376 3849 3383 ,

2163 3412 2260 3465 καὶ
2291 3412 2383 3466 τὸν
2412 3412 2542 3466 ὄντα
2572 3410 2782 3475 ἀϊδίως,
2810 3412 3072 3483 τεχθῆναι
3102 3412 3189 3464 ἐπ’
3215 3413 3460 3482 ἐσχάτων
3480 3429 3493 3442 °
3526 3411 3665 3463 ἀλλά
3689 3412 3752 3465 τὸ

2162 3500 2380 3572 πρῶτον
2411 3500 2712 3572 ἀμήχανον,
2746 3500 2923 3554 καὶτὸ
2948 3501 3201 3572 δεύτερον
3230 3501 3354 3555 κατ’
3385 3501 3662 3555 ἐπίτασιν.
3685 3502 3749 3555 Ei

2167 3596 2265 3665 μὲν
2302 3594 2564 3665 ἐλέγομεν
2611 3592 2755 3649 κατά
2804 3594 3015 3666 τροπὴν
3041 3593 3136 3647 τοῦ
3165 3593 3337 3647 ἀϊδίου
3365 3592 3622 3661 γενέσθαι
3655 3594 3750 3646 τὸν

2164 3685 2329 3740 αὑτὸν
2371 3686 2477 3741 ὑπὸ
2509 3685 2722 3756 χρόνον,
2754 3684 2937 3748 καλῶς
2975 3685 3146 3748 ὅντως
3174 3686 3433 3755 εἰρήκατε
3466 3686 3554 3739 ἄν.
3594 3686 3658 3737 Εἰ
3689 3684 3750 3737 δὲ

2164 3776 2529 3846 φυλαχθέντος
2562 3776 2736 3848 τούτῳ
2759 3776 2949 3831 τούτου
2976 3776 3004 3829 ὅ
3030 3772 3121 3847 ἦν,
3154 3777 3472 3845 ἐπιγέγονεν
3501 3775 3649 3845 αὐτῷ
3678 3779 3746 3847 τῇ

2164 3870 2471 3942 προσλήψει
2518 3870 2614 3925 τοῦ
2662 3871 2797 3942 παρ’
2842 3871 3006 3924 αὐτὸν
3046 3870 3073 3923 ὃ
3100 3871 3201 3923 οὐκ
3236 3865 3326 3941 ἦν,
3357 3869 3517 3939 δῆλον
3554 3869 3630 3933 ὡς
3687 3869 3751 3921 τὸ

2164 3961 2260 4014 νῦν
2307 3961 2721 4032 συναμφότερον
2766 3959 3163 4031 θεωρούμενον,
3200 3960 3323 4013 ἐπεὶ
3368 3962 3435 4030 τῇ
3492 3958 3588 4012 τοῦ
3620 3958 3747 4010 νέου

2164 4052 2302 4122 πρὸς
2346 4050 2410 4104 τὸ
2454 4051 2543 4106 ἀεὶ
2578 4051 2637 4103 δν
2673 4050 2921 4103 συνθέσει
2977 4050 3171 4119 γέγονε
3222 4048 3394 4103 πάλαι
3448 4049 3523 4119 μὴ
3563 4048 3745 4110 οὓτως

2164 4140 2455 4211 νοούμενον
2501 4139 2579 4205 ὡς
2620 4141 2717 4194 νῦν
2750 4141 2943 4208 γέγονε
2974 4139 3037 4193 τὸ
3065 4137 3200 4192 αὐτὸ
3248 4138 3612 4208 ὑποκείμενον
3662 4138 3745 4191 ἓν.

2164 4233 2284 4297 πῶς
2309 4232 2401 4286 οῦν
2429 4232 2790 4304 ἀντιφέρεσθε
2814 4233 2947 4302 ἡμῖν
2986 4231 3224 4300 εὐλόγως
3249 4249 3265 4299 ;
3302 4232 3414 4285 Καὶ
3436 4230 3544 4300 γὰρ
3582 4231 3680 4282 καὶ
3713 4232 3749 4301 η

2164 4325 2291 4395 χθὲς
2335 4324 2521 4395 ἡμέρα
2570 4325 2637 4394 ἤν
2694 4340 2854 4392 φατε,
2930 4323 3074 4377 κατά
3139 4322 3241 4393 μὲν
3291 4322 3498 4394 τροπὴν
3532 4321 3751 4391 αὔριον,

2164 4418 2335 4488 ἤγουν
2366 4417 2562 4488 αύρινὴ
2591 4416 2777 4486 ἡμέρα
2797 4415 2858 4469 οὐ
2888 4414 3098 4485 γίνεταί
3121 4432 3278 4480 ποτε,
3311 4415 3653 4470 ἀπολιποῦσα
3686 4416 3752 4469 τὸ

2166 4507 2389 4578 χθεσινή
2424 4503 2587 4572 εἶναι,
2619 4507 2758 4578 πρὸς
2810 4506 2911 4578 τὴν
2952 4507 3229 4577 σήμερον*
3263 4505 3404 4576 πλὴν
3437 4506 3755 4576 ἐπιγινομέ-

2166 4617 2266 4671 νης
2296 4600 2433 4670 αὐτῇ
2482 4599 2622 4671 πρὸς
2665 4600 2732 4671 τῇ
2766 4597 3026 4669 σήμερον,
3058 4598 3280 4669 καὶτῆς
3313 4596 3526 4668 αὔριον,
3563 4598 3659 4650 καὶ
3688 4597 3753 4649 τὸ

2167 4688 2422 4758 γενέσθαι
2482 4687 2740 4759 προχθές,
2787 4689 3142 4758 ἐπικτήσεται
3163 4704 3177 4718 ·
3210 4687 3443 4759 μείνασα
3470 4686 3565 4739 καὶ
3589 4687 3648 4739 ἐν
3673 4686 3754 4755 τῷ

2167 4777 2309 4835 εἶναι
2340 4779 2495 4851 χθές·
2520 4780 2691 4851 ἤγουν
2748 4779 2879 4849 ἑξῆς
2928 4781 3069 4850 πρὸς
3100 4779 3200 4849 τὴν
3257 4780 3375 4850 μετ’
3413 4778 3586 4849 αὐτὴν
3615 4778 3755 4848 ήμέ-

2172 4888 2302 4944 ραν’
2328 4872 2523 4942 ὥσπερ
2552 4870 2651 4926 καὶ
2684 4869 2926 4942 προχθές
2954 4871 3073 4924 ἐστι
3099 4871 3237 4942 πρὸς
3283 4870 3381 4942 τὴν
3413 4870 3607 4942 τρίτην
3646 4868 3745 4923 ἀπ’

2167 4965 2336 5036 αὐτῆς
2362 4962 2599 5036 ἡμέραν·

2746 5074 3005 5131 ΚΕΦΑΛ.
3050 5076 3179 5131 AA'.

2238 5188 2303 5241 Εἰ
2331 5185 2608 5259 ἐνδέχεται
2640 5186 2704 5240 τδ
2734 5187 3002 5259 πρότερον
3038 5186 3114 5257 μὴ
3143 5186 3225 5251 ὃν,
3249 5185 3477 5258 ὕστερον
3500 5181 3641 5241 εἶναι
3676 5187 3754 5262 μὴ

2168 5280 2428 5351 γεννηθὶν
2473 5279 2507 5351 ἤ
2560 5278 2809 5349 ποιηθὲν,
2859 5278 3156 5351 ἐνδεχέσθω
3186 5278 3283 5332 καὶ
3332 5279 3395 5333 τὸ
3424 5278 3613 5344 ἀῖδίως
3666 5281 3750 5347 ὃν,

2172 5373 2403 5443 ὓστερον
2432 5370 2576 5425 κατά
2602 5370 2861 5441 ἀλήθειαν
2897 5369 3254 5441 γεννηθῆναι·
3296 5370 3435 5424 ἀλλά
3457 5372 3519 5424 τὸ
3549 5372 3755 5442 πρότε-

2172 5481 2265 5536 ρον
2318 5463 2626 5533 ἀμήχανον,
2685 5461 2777 5515 καὶ
2824 5461 2886 5513 τὸ
2938 5458 3170 5531 ὕστερον
3218 5460 3349 5532 ἄρα.
3395 5461 3526 5516 Ἰδοὺ
3566 5462 3632 5529 δὴ
3660 5459 3755 5515 οὖν

2172 5558 2333 5627 ἡμεῖς
2353 5596 2368 5620 ,
2397 5554 2427 5607 ὃ
2476 5553 2577 5625 μὲν
2608 5548 2678 5623 ἦν
2702 5555 2731 5606 ὁ
2759 5553 2953 5621 Λόγος,
2986 5554 3157 5625 ἤγουν
3196 5552 3464 5624 ἄσαρκος,
3500 5552 3663 5607 τοῦτο
3691 5557 3754 5608 οὐ

2171 5642 2418 5717 γίνεσθαί
2442 5661 2657 5716 φαμεν·
2688 5645 2717 5698 ὃ
2748 5643 2807 5697 δέ
2839 5644 2939 5697 οὐκ
2960 5640 3049 5715 ἦν,
3071 5644 3239 5715 ἤγουν
3268 5644 3403 5714 σὰρξ
3432 5645 3525 5699 καὶ
3551 5661 3756 5716 σεσαρο

2175 5740 2441 5812 κωμένος,
2490 5735 2648 5790 τοῦτο
2712 5734 2965 5805 γενέσθαι
3016 5734 3381 5806 πιστεύομεν·
3439 5734 3549 5799 ἕως
3594 5735 3755 5791 τοῦδε

2175 5833 2286 5905 γὰρ
2316 5832 2438 5893 ταῖς
2488 5827 2783 5899 ὑμετέραις
2836 5826 3214 5895 ταυτολογίαις
3271 5826 3752 5883 συνανελίττεσθαι
