4116 6450
354 388 492 457 1697

1314 371 1710 436 ADVERSUS
1746 364 2303 433 NESTORIANOS.
2332 388 2398 400 -
2428 365 2577 427 LIB.
2619 364 2717 427 IV.

3491 352 3634 421 1698

348 490 794 564 καταδεξόμεθαο
828 487 926 542 καὶ
950 483 1005 539 τί
1031 484 1164 556 ἡμῖν
1197 482 1264 535 ὲκ
1294 478 1450 534 τοῦδε
1510 478 1574 531 τὸ
1636 475 1925 546 ἐγκλημα;
1957 517 1966 539 Α

2070 470 2325 524 obiseum
2345 468 2493 522 volvi
2523 465 2947 523 sustinebimus.
2974 463 3043 518 Et
3066 459 3200 533 quid
3238 458 3403 517 nobis
3430 476 3498 516 cx
3526 461 3634 517 boe

948 655 1178 712 ΚΕΦΛΛ
1213 651 1339 708 ΛΒν.

416 760 490 812 Τὸ
509 755 718 813 ἄνωθεν
750 751 1117 823 γεννώμενον,
1151 745 1405 801 τουτέστι
1453 742 1685 813 δευτέρᾳ
1727 741 1938 813 γεννή-

349 870 454 918 σει,
488 852 550 916 ἐξ
585 850 777 911 ὕδατος
800 845 897 898 καὶ
927 842 1263 914 Πνεύματος,
1294 838 1330 910 ἦ
1360 838 1456 892 καὶ
1480 835 1568 890 διὰ
1584 832 1937 896 διδασκαλίας

346 946 642 1016 γεννᾶται’
670 941 736 994 τὸ
789 938 847 992 δὲ
882 936 1055 998 οὕτως
1113 930 1482 1003 γεννώμενον,
1531 929 1612 991 εἰς
1663 924 1938 979 υἱοθεσίαν

348 1015 608 1109 γεννᾶται
631 1050 646 1065 ο
681 1032 745 1086 τὸ
789 1031 845 1084 δὲ
895 1031 976 1093 εἰς
1013 1024 1291 1081 υἱοθεσίαν
1338 1020 1708 1092 γεννώμενον,
1740 1018 1806 1071 ὲκ
1837 1015 1939 1085 τῆς

350 1128 544 1190 οὐσίας
587 1124 649 1179 οὐ
704 1122 967 1191 γεννᾶται
999 1117 1096 1171 τοῦ
1128 1113 1458 1183 γεννῶντος·
1490 1111 1553 1165 τὸ
1594 1108 1803 1165 ἄνωθεν
1830 1107 1941 1176 ἄρα

352 1216 724 1291 γεννώμενον,
774 1214 877 1267 οὐκ
927 1213 993 1266 ὲκ
1040 1210 1141 1279 τῆς
1174 1205 1364 1269 οὐσίας
1392 1204 1654 1274 γεννᾶται
1696 1199 1792 1254 τοῦ
1819 1216 1944 1267 γεν-

353 1312 581 1373 νῶντος.
613 1308 728 1376 Τὴν
764 1300 859 1358 οὖν
898 1301 1108 1357 ἄνωθεν
1156 1299 1434 1368 γέννησιν,
1483 1296 1601 1358 πῶς
1644 1291 1943 1363 ὀνομάζετε

354 1406 521 1475 ήμῖνς
580 1400 630 1453 εί
690 1399 788 1469 μὲν
838 1397 939 1469 τὴν
989 1393 1132 1448 κατὰ
1185 1392 1371 1455 τόπον,
1409 1390 1484 1454 ὡς
1538 1388 1680 1458 ὑπὲρ
1709 1386 1814 1456 γῆς
1851 1385 1944 1437 καὶ

355 1497 485 1559 τοὺς
516 1495 580 1548 ἐκ
602 1493 707 1564 γῆς
726 1490 913 1552 οὖσαν,
934 1490 1031 1542 καὶ
1060 1485 1250 1549 ἁπλῶς
1278 1485 1354 1549 ὡς
1373 1482 1624 1554 οὐράνιόν
1651 1496 1775 1533 τινα
1807 1477 1942 1531 ταύ-

356 1605 460 1659 την
496 1587 635 1653 ἴστε,
661 1586 749 1639 ἴνα
784 1584 855 1638 τὰ
890 1582 1121 1636 πλεῖστα
1154 1580 1471 1649 σιγήσωμεν
1498 1576 1608 1629 τῶν
1632 1573 1771 1641 πρὸς
1802 1572 1944 1643 ὑμᾶς

356 1679 617 1749 λέγεσθαι
665 1675 1006 1747 δυναμένων,
1058 1671 1277 1741 ἀνάγκη
1323 1669 1463 1723 διότι
1513 1666 1698 1737 πάσης
1752 1663 1948 1734 ἐτέρας

358 1773 671 1844 γεννήσεως
705 1767 905 1840 μᾶλλον
936 1768 970 1837 ὴ
1003 1763 1096 1818 τοῦ
1128 1764 1306 1832 Λόγου
1357 1762 1422 1814 ὲκ
1469 1760 1686 1831 Πατρδς
1717 1759 1948 1829 ὐπερου-

362 1864 547 1935 ράνιός
606 1863 726 1915 ἐστι
777 1860 1050 1931 γέννησις,
1109 1856 1192 1910 ὅτι
1236 1856 1451 1925 αῐρεται
1482 1851 1591 1907 ἀπὸ
1617 1851 1721 1922 τῆς
1754 1850 1860 1921 γῆς
1912 1851 1947 1922 ἠ

361 1954 477 2024 ζωὴ
542 1950 734 2016 αὐτοῦ,
789 1948 993 2018 ταύτην
1047 1946 1283 2019 μάλιστα
1330 1944 1477 2015 ὑμᾶς
1515 1942 1713 1997 ειδέναι
1747 1940 1954 1996 ἄνωθεν

360 2045 526 2102 οὖσαν
556 2044 811 2115 γέννησιν
834 2057 848 2073 ·
882 2038 1081 2095 οὐκοῦν
1114 2040 1196 2104 είς
1245 2036 1527 2093 υἱοθεσίαν
1556 2035 1653 2089 καὶ
1689 2033 1779 2087 τὸν
1808 2030 1955 2087 κατὰ

361 2136 568 2208 ταύτην
610 2132 955 2204 γεννώμενον
989 2133 1160 2202 ήγουν
1186 2128 1281 2183 τὸν
1304 2127 1478 2197 Λόγον
1503 2123 1712 2197 γυμνὸν
1738 2124 1953 2193 ἀνάγκη

361 2229 481 2284 ἐστὶ
505 2224 861 2293 δοξάζεσθαι·
897 2224 992 2278 καὶ
1013 2222 1166 2276 ἔσται
1195 2214 1374 2287 οὗτος,
1402 2220 1463 2273 οὐ
1488 2217 1649 2288 φύσει
1676 2216 1804 2280 Υἱὸς
1830 2214 1953 2269 καθ’

364 2321 531 2392 ὑμᾶς,
596 2313 917 2388 ὁμοιογενὴς
945 2312 1074 2376 Υἱδς
1109 2310 1206 2365 καὶ
1244 2309 1419 2380 Λόγος
1463 2306 1560 2363 τοῦ
1612 2306 1859 2379 Πατρός⁶
1895 2305 1957 2360 τὸ

363 2413 420 2467 δὲ
455 2410 724 2480 ἑπόμενον
752 2407 851 2477 τῆς
900 2404 1183 2477 ὑμετέρας
1230 2402 1575 2475 προτάσεως,
1614 2398 1954 2470 σαφέστερόν

365 2503 484 2566 πώς
533 2502 684 2554 ἐστιν
735 2496 1138 2568 ἀσεϐέστερον.
1171 2495 1247 2548 Τὸ
1278 2494 1389 2567 γὰρ
1411 2491 1589 2556 οὕτως
1621 2489 1959 2561 γεγεννημέ-

368 2615 479 2665 νον,
512 2595 635 2651 οὐδὲ
665 2596 731 2649 ὲκ
757 2594 859 2663 τῆς
886 2591 1076 2655 οὐσίας
1104 2589 1367 2661 τεχθῆναι
1398 2587 1695 2657 συνάγεται
1718 2601 1732 2617 ⁵
1760 2584 1959 2639 οὐκοῦν

368 2690 491 2745 οὐδὲ
513 2692 579 2743 ἐκ
605 2688 705 2757 τῆς
724 2685 820 2739 τοῦ
852 2682 1068 2755 Πατρδς
1096 2684 1126 2736 ὁ
1153 2681 1285 2745 Υίός
1320 2680 1445 2735 καθ’
1472 2679 1619 2751 ὑμᾶς
1645 2695 1658 2710 ·
1694 2676 1831 2732 ἀλλὰ
1860 2674 1960 2746 τὴν

382 2782 595 2855 Ἀρείου
626 2779 765 2847 πρὸς
788 2779 854 2849 τῇ
886 2774 1132 2847 ὑμετέρᾳ
1165 2771 1471 2843 κακοδοξίᾳ
1500 2770 1801 2841 παράνοιαν
1834 2767 1963 2820 ἐκυ-

376 2873 617 2946 ρώσατε·
647 2872 698 2924 εἱ
730 2869 789 2923 δὲ
821 2867 996 2921 ταῦτα
1031 2865 1128 2938 μὲν
1151 2863 1324 2927 οὕτως
1347 2863 1450 2916 οὐκ
1475 2858 1787 2931 ἐκδέχεσθε,
1815 2857 1959 2911 ἄνωο

375 2966 468 3020 θεν
487 2966 544 3020 δὲ
565 2964 821 3033 γέννησιν
853 2960 955 3034 τὴν
997 2958 1163 3013 οίονεὶ
1217 2952 1561 3026 ὲπανάληψιν
1616 2951 1717 3021 τῆς
1762 2948 1962 3018 γεννή-

378 3074 516 3121 σεως
566 3055 667 3126 τῆς
712 3052 938 3125 πρώτης
971 3050 1176 3117 οἴεσθε,
1210 3049 1304 3102 καὶ
1329 3044 1428 3099 τοῦ
1462 3042 1629 3098 αὐτοῦ
1663 3037 1962 3109 ὑποκειμέ-

2036 561 2293 620 criminis
2309 562 2332 615 ?

2569 652 2722 707 CAP.
2776 648 2997 704 XXXII.

2144 747 2301 815 Quod
2330 746 2621 801 desursum
2658 742 2926 814 gignitur,
2961 741 3016 795 id
3058 749 3142 795 est
3194 739 3437 795 secunda
3470 754 3636 807 gene-

2040 840 2274 903 ratione,
2309 854 2377 893 ex
2399 853 2541 907 aqua
2571 836 2783 891 scilicet
2806 844 2863 890 et
2896 833 3119 904 spiritu,
3149 848 3247 901 per
3280 818 3634 901 disciplinam

2041 932 2306 1002 gignitur.
2353 928 2509 996 Quod
2539 936 2724 982 autem
2757 927 2831 981 ita
2881 924 3146 997 gignitur,
3188 923 3242 977 in
3280 912 3636 992 adoptionem

2041 1024 2323 1096 gignitur;
2369 1022 2516 1092 quod
2552 1030 2737 1076 autem
2770 1021 2827 1074 in
2852 1018 3208 1089 adoptiOnem
3235 1016 3502 1087 gignitur,
3524 1032 3637 1070 non

2042 1117 2287 1187 gignitur
2319 1130 2388 1168 ex
2428 1112 2740 1168 substantia
2764 1111 3059 1182 gignenlis.
3095 1109 3252 1176 Quod
3280 1123 3411 1179 ergo
3440 1108 3639 1163 desur-

2043 1224 2166 1263 sum
2202 1206 2461 1279 gignitur,
2496 1221 2605 1259 non
2670 1221 2737 1259 ex
2772 1202 3076 1258 substantia
3132 1202 3374 1272 gignitur
3408 1202 3641 1272 gignen-

2045 1303 2135 1356 tis.
2178 1301 2405 1354 —Hanc
2446 1299 2743 1353 desursum
2783 1296 3195 1367 generationem
3228 1295 3508 1364 quomodo
3536 1310 3638 1347 no-

2048 1394 2137 1449 bis
2160 1394 2406 1447 dicitis?
2456 1391 2514 1446 Si
2570 1390 2831 1445 localiter
2864 1387 3112 1457 quidem,
3156 1386 3208 1441 id
3253 1396 3338 1441 est
3381 1394 3641 1455 tanquam

2050 1502 2220 1556 super
2248 1495 2452 1539 terram
2507 1492 2651 1537 etea
2711 1496 2831 1551 quae
2854 1480 2939 1533 -de
2987 1488 3135 1533 terra
3180 1486 3329 1542 sunt,
3387 1484 3443 1531 et
3484 1476 3642 1546 quasi

2049 1580 2329 1635 caelestem
2361 1576 2656 1647 quamdam
2686 1573 3017 1643 intelligilis,
3064 1579 3124 1625 ut
3155 1571 3262 1624 alia
3290 1570 3431 1624 bene
3473 1568 3644 1622 multa

2051 1672 2317 1727 sileamus
2353 1684 2473 1738 quzc
2504 1667 2795 1720 adversum
2854 1680 2951 1718 vos
3002 1663 3111 1717 dici
3144 1671 3388 1732 possent,
3416 1676 3644 1716 necesse

2052 1776 2136 1819 est
2160 1778 2280 1824 vos,
2326 1762 2456 1831 quia
2486 1760 2610 1829 plus
2644 1774 2808 1829 quam
2835 1757 3043 1827 quaevis
3077 1755 3182 1810 alia
3212 1755 3514 1827 generatio,
3549 1770 3645 1808 su-

2054 1858 2401 1929 percmlestis
2464 1864 2551 1911 est
2611 1854 2895 1925 generatio
2944 1851 3113 1906 Verbi
3154 1868 3220 1905 ex
3281 1850 3467 1914 Patre,
3518 1864 3644 1903 cum

2054 1959 2368 2006 assumatur
2389 1949 2456 2003 de
2482 1958 2627 2002 terra
2659 1947 2770 2001 vita
2805 1947 2944 2016 ejus,
2983 1944 3123 1998 scire
3156 1943 3298 1996 banc
3328 1952 3457 1996 ante
3512 1940 3651 1995 alias

2053 2059 2175 2100 esse
2206 2043 2494 2097 desursum
2544 2039 2980 2113 generationem.
3020 2036 3186 2106 igitur
3214 2036 3268 2089 in
3295 2032 3646 2103 adoptionem

2054 2153 2182 2192 eum
2217 2136 2311 2206 qui
2343 2133 2645 2206 secundum
2682 2131 2826 2185 hanc
2862 2130 3081 2199 genitus
3132 2137 3238 2192 est,
3303 2141 3500 2195 nempe
3536 2138 3653 2176 me-

2055 2245 2179 2284 rum
2208 2204 2471 2293 V'erbu.m,
2502 2240 2729 2281 necesse
2755 2230 2841 2277 est
2870 2221 3178 2275 existimari
3208 2238 3222 2285 ;
3256 2228 3310 2273 et
3336 2218 3462 2278 erit,
3487 2218 3649 2287 juxta

2055 2337 2156 2377 vos
2200 2336 2311 2375 non
2366 2329 2564 2374 natura
2615 2316 2808 2381 Filius,
2860 2313 2951 2367 bic
3001 2311 3321 2381 unigenitus
3373 2308 3545 2362 Filius
3597 2313 3655 2358 et

2056 2413 2302 2467 Verbum
2355 2410 2557 2465 Patris.
2607 2404 3021 2475 Consequentia
3067 2411 3251 2457 autem
3286 2407 3485 2453 vestrae
3521 2412 3654 2467 pro-

2059 2502 2353 2575 positionis
2378 2499 2692 2556 evidentius
2734 2496 2901 2566 impia
2950 2493 3124 2563 magis
3148 2499 3254 2546 est.
3303 2488 3459 2555 Quod
3506 2490 3656 2541 enim

2061 2598 2138 2653 ita
2167 2595 2413 2668 genitum
2436 2603 2542 2657 est,
2577 2589 2935 2646 concluditur
2992 2601 3103 2641 non
3126 2600 3193 2638 ex
3227 2581 3535 2637 substantia
3564 2595 3660 2648 ge-

2060 2689 2241 2745 nitum
2294 2702 2416 2742 esse
2451 2702 2467 2751 ;
2497 2684 2667 2755 igitur
2694 2698 2807 2736 non
2849 2696 2915 2735 ex
2969 2675 3277 2733 substantia
3338 2672 3515 2728 Patris
3573 2669 3663 2725 Fi-

2062 2779 2191 2841 lius,
2225 2779 2383 2849 juxta
2414 2790 2534 2831 vos.
2572 2773 2678 2830 Sed
2709 2771 2826 2826 Arii
2865 2783 3114 2825 errorem
3160 2762 3526 2825 conﬁrmatis,
3562 2759 3660 2813 ad-

2064 2870 2178 2925 dita
2206 2870 2436 2937 insuper
2478 2874 2666 2921 vestra
2694 2878 2865 2933 prava
2909 2859 3184 2914 doctrina.
3220 2855 3276 2911 Si
3311 2862 3494 2909 autem
3541 2850 3662 2905 11333

2064 2963 2140 3018 ita
2191 2975 2450 3016 essenon
2483 2955 2796 3020 admitittis,
2854 2952 3149 3007 desursum
3193 2955 3375 3001 autem
3425 2956 3661 3014 genera-

2066 3055 2273 3108 tionem
2318 3050 2476 3121 quasi
2540 3047 2967 3125 receptationem
3019 3043 3211 3113 prima:
3286 3034 3663 3109 generationis

377 3164 471 3200 νου
504 3146 585 3211 δὶς
607 3144 709 3216 τὴν
738 3143 909 3215 αὐτὴν
935 3142 1190 3213 γέννησιν
1215 3140 1283 3211 τῇ
1308 3136 1383 3201 ώς
1409 3136 1467 3202 ἐξ
1492 3132 1745 3205 ὑπαρχῆς
1778 3147 1962 3201 σημα-

2068 3144 2331 3210 censetis,
2385 3152 2443 3198 et
2467 3140 2793 3196 dicitisesse
2849 3135 3077 3207 quidem
3101 3131 3337 3202 subjecti
3386 3128 3474 3182 bis
3505 3142 3660 3182 eam-

380 3242 476 3312 σιᾳ
516 3239 604 3293 διὰ
652 3236 749 3291 τοῦ
796 3236 1006 3292 ἄνωθέν
1051 3247 1220 3305 φατε·
1248 3230 1343 3285 καὶ
1363 3225 1551 3290 ἁπλῶς
1577 3224 1962 3294 ἀναγέννησιν,

381 3334 416 3402 ἦ
469 3332 564 3385 καὶ
614 3330 875 3401 δευτέραν
904 3326 1181 3397 γέννησιν,
1223 3323 1339 3376 ἴστε
1391 3320 1549 3392 τήνδε
1571 3336 1585 3351 ’
1616 3317 1712 3371 καὶ
1742 3318 1801 3370 ὲν
1826 3314 1964 3385 τῷδε

381 3425 546 3484 πάλιν
579 3424 773 3496 πόρρω
802 3421 902 3492 τῆς
922 3415 1235 3491 όρθοδοξίας
1266 3409 1712 3483 ἀπεπλανήθητε,
1736 3405 1972 3475 ἀναγέν-

382 3538 544 3592 νησιν
571 3517 669 3571 ἐπὶ
701 3512 944 3586 Χριστοῦ
970 3508 1386 3583 παραφέροντες
1430 3505 1525 3560 καὶ
1551 3501 1923 3572 διανοούμενοι
1950 3515 1965 3529 ο

385 3591 610 3668 ἐκείνων
673 3608 785 3679 γὰρ
835 3607 1056 3675 λέγεται
1106 3600 1490 3672 ἀναγέννησις,
1549 3591 1629 3652 ὧν
1673 3592 1974 3658 παλαίωσίς

384 3723 470 3769 τις
533 3703 629 3758 καὶ
713 3699 883 3774 ῥύπος
942 3698 1038 3752 κοιλ⁴
1115 3694 1271 3758 νόσος
1354 3690 1736 3760 ἐπιγενομένη,
1808 3688 1869 3741 τὸ
1909 3686 1974 3739 ὲκ

386 3796 486 3866 τῆς
540 3773 764 3865 πρώτης
824 3788 1134 3859 γεννήσεως
1173 3782 1538 3853 ὑποκείμενον
1586 3778 1758 3833 πάλαι
1825 3792 1885 3829 τε
1914 3773 1975 3828 ὃν

388 3886 690 3958 ἀμόλυντον
734 3874 1069 3952 ὲκιδδήλωσέ
1102 3894 1219 3941 πως
1251 3874 1285 3947 ἦ
1316 3874 1619 3944 διέφθειρεν
1664 3870 1698 3941 ἢ
1729 3866 1977 3938 κατεμά-

389 3990 555 4050 ρανεν
575 3991 590 4007 ο
626 3974 817 4043 ὥσπερ
844 3972 980 4042 ἡμῖν
1009 3970 1071 4023 τὸ
1090 3968 1217 4023 κατ’
1238 3965 1429 4020 εἰκόνα
1459 3963 1621 4025 Θεοῦ,
1642 3962 1705 4015 τὸ
1734 3963 1799 4015 ὲκ
1824 3959 1978 4032 πρώ-

389 4084 493 4137 της
534 4064 598 4118 ὂν
630 4064 941 4135 γεννήσεως
968 4061 1003 4132 ή
1051 4055 1368 4128 παράδασίς
1398 4071 1458 4107 τε
1491 4055 1525 4124 ή
1555 4050 1749 4124 πρώτη
1784 4051 1880 4105 καὶ
1920 4050 1978 4103 ai

395 4158 859 4233 μεταγενέστεραι
911 4151 1023 4206 τῶν
1072 4149 1169 4203 ἐπὶ
1208 4148 1278 4202 τά
1327 4144 1636 4225 φαυλότερα
1692 4140 1978 4215 προσηλώ-

395 4231 540 4316 ests"
576 4248 669 4303 τὸν
713 4247 771 4300 δὲ
817 4231 951 4299 θεὸν
982 4241 1156 4312 Λόγον
1200 4239 1399 4302 οὐδεὶς,
1427 4236 1549 4291 οὐδὲ
1574 4234 1686 4288 τῶν
1707 4234 1830 4289 λίαν
1849 4231 1978 4287 ἀθέ-

398 4359 575 4414 σμων,
629 4338 851 4406 ὲδόξασε
911 4333 1133 4389 πώποτε
1182 4331 1327 4386 κατὰ
1377 4320 1476 4398 τήν
1532 4325 1759 4398 πρώτην
1814 4322 1980 4379 αὐτοῦ

397 4439 674 4507 γέννησιν,
702 4433 766 4486 ἐκ
795 4446 938 4493 τινος
961 4426 1294 4499 άπροσεξίας
1321 4424 1355 4496 ἢ
1392 4421 1711 4490 ἐπιϐουλῆς,
1736 4418 1981 4472 παλαιωι

2070 3239 2194 3294 dem
2220 3235 2635 3310 generationem
2664 3231 2821 3303 quasi
2863 3229 2932 3284 de
2966 3242 3111 3282 novo
3148 3231 3430 3293 acceptam
3467 3220 3665 3275 desur-

2068 3345 2214 3396 sum,
2303 3336 2361 3383 et
2400 3327 2546 3381 hanc
2630 3322 2962 3393 simpliciter
3006 3314 3489 3389 regenerationem
3547 3311 3661 3365 sive

2069 3421 2370 3481 secundam
2408 3417 2825 3492 generationem
2868 3410 3195 3482 intelligitis.
3230 3408 3287 3461 in
3318 3406 3425 3459 hoc
3442 3418 3663 3473 quoque

2069 3517 2282 3587 pariter
2308 3512 2471 3581 longe
2500 3525 2531 3563 a
2552 3517 2701 3563 recta
2731 3504 2986 3561 doctrina
3014 3498 3320 3561 erravistis,
3372 3508 3666 3562 regenera-

2072 3585 2277 3662 tionem
2327 3603 2550 3659 Cbristo
2588 3599 2728 3653 falsa
2771 3595 3140 3651 attribuentes
3171 3599 3229 3645 et
3272 3593 3562 3657 tingentes.
3588 3585 3664 3638 Ea

2072 3700 2224 3755 enim
2306 3696 2574 3750 dicuntur
2642 3687 2983 3761 regenerari,
3056 3697 3290 3754 quorum
3353 3678 3664 3746 subjectum

2073 3792 2265 3864 prima:
2290 3784 2683 3861 generationis,
2740 3780 2889 3851 quod
2920 3779 3101 3834 fuerat
3150 3776 3281 3831 olim
3346 3770 3668 3841 incoinqui-

2075 3897 2289 3947 natum,
2329 3886 2604 3936 vetustate
2656 3874 2894 3945 quadam
2924 3878 3020 3927 aut
3060 3867 3277 3923 macula
3320 3873 3415 3920 aut
3469 3861 3666 3917 morbo

2076 3983 2400 4044 corruptum
2427 3970 2556 4035 fuit,
2585 3976 2679 4023 aut
2711 3963 2975 4034 deperiit,
3029 3969 3125 4015 aut
3169 3954 3484 4019 emarcuit;
3525 3952 3671 4008 sicut

2076 4082 2179 4123 nos
2208 4065 2275 4120 ad
2310 4063 2603 4135 imaginem
2638 4058 2735 4113 Dei
2765 4057 2939 4110 factos
2960 4069 3029 4108 ex
3070 4050 3248 4121 prima
3281 4045 3516 4116 origine,
3549 4053 3666 4099 tum

2079 4150 2444 4223 transgressio
2481 4147 2679 4218 prima,
2711 4154 2828 4198 tum
2857 4138 3199 4211 posteriores
3231 4134 3298 4189 ad
3329 4134 3536 4188 malum
3566 4146 3663 4184 ac-

2078 4235 2738 4296 cessionesvitiaverunt.
2781 4232 2953 4285 Deum
2976 4225 3221 4282 Verbum
3247 4231 3429 4277 autem
3455 4218 3668 4281 nullus,

2079 4333 2247 4389 etiam
2288 4346 2353 4387 ex
2380 4327 2618 4384 maxime
2665 4323 2876 4394 impiis,
2912 4316 3253 4375 existimavit
3310 4326 3553 4383 unquam
3584 4325 3673 4364 se-

2082 4424 2323 4481 cundum
2353 4422 2589 4493 primam
2621 4418 2741 4489 ejus
2796 4411 3232 4486 generationem,
3291 4403 3673 4475 imprudenter

400 4490 564 4584 θέντά
595 4490 674 4596 τῇ,
704 4490 974 4596 ἁμαρτία,
1005 4490 1100 4574 νῦν
1130 4490 1355 4572 δείσθαι
1385 4516 1485 4585 τῆς
1514 4509 1966 4580 ἀνακαινιςούσης

2080 4525 2175 4571 aut
2213 4531 2282 4570 ex
2316 4510 2611 4583 industria,
2657 4513 2884 4577 peccato
2942 4510 3277 4563 veteratum,
3321 4509 3470 4549 nunc
3530 4490 3677 4545 indi-

399 4619 564 4676 αὐτὸν
616 4617 1054 4686 ἀναγεννήσεως,
1106 4610 1203 4664 καὶ
1245 4608 1336 4663 διὰ
1379 4606 1541 4660 τοῦτο
1582 4603 1683 4675 τὴν
1724 4600 1983 4671 δευτέραν

400 4710 703 4781 ὑποστῆναι
752 4707 1031 4776 γέννησιν.
1058 4702 1184 4765 Πῶς
1206 4699 1299 4754 οὐν
1334 4697 1561 4770 μηδενὸς
1601 4694 1982 4765 ἁναγέννησιν,

399 4805 578 4860 εἴτουν
606 4798 814 4858 ἄνωθεν
840 4797 1116 4866 γέννησιν,
1140 4794 1232 4847 επὶ
1256 4791 1447 4845 τοῦτον
1474 4786 1779 4858 λέγοντοςῆ
1803 4783 1986 4839 νοοῦνο

400 4915 515 4961 τος,
546 4893 683 4949 ἀλλὰ
711 4892 811 4961 τὴν
841 4890 1096 4959 γέννησιν
1118 4883 1286 4941 αὐτοῦ
1314 4882 1413 4953 τὴν
1440 4880 1696 4954 δευτέραν
1729 4876 1868 4949 μετὰ
1888 4876 1986 4944 τῆς

403 4987 649 5062 πρώτης,
673 4986 891 5041 πάντων
917 4980 1080 5035 ὁσίων
1133 4974 1562 5049 ὁμολογούντων,
1607 4971 1706 5042 τὴν
1756 4967 1987 5036 ἀναγέν-

402 5058 559 5155 νησιν
586 5058 593 5060 ⁷
619 5078 743 5133 ἀντὶ
811 5075 1121 5146 γεννήσεως
1177 5066 1429 5141 ἀληθοῦς,
1481 5062 1739 5132 δευτέρας
1780 5077 1839 5113 τε
1886 5058 1986 5128 τὴν

401 5150 580 5238 τάξιν,
607 5170 701 5225 ἐπὶ
728 5168 820 5222 τὸν
851 5166 985 5220 Θεὸν
1012 5163 1184 5232 Λόγον
1226 5156 1592 5231 μετηγάγετε,
1624 5152 1712 5206 ἵνα
1735 5150 1988 5205 ἐντεῦθεν

402 5265 538 5334 ἡμῖν
600 5260 662 5313 τὸ
711 5253 905 5312 δοκοῦν
950 5255 1080 5325 ὑμῖν
1153 5244 1577 5316 συλλογίσησθε;
1644 5241 1727 5294 ἐτι
1782 5240 1986 5310 μέντοι,

401 5332 524 5411 οὐδὲ
570 5354 752 5409 έκεῖνο
798 5348 917 5413 πῶς
964 5348 1094 5418 ὑμῖν
1144 5342 1293 5409 ἔδοξε
1321 5339 1659 5409 νενοήκαμεν
1700 5334 1760 5388 τὸ
1789 5335 1854 5387 ὲκ
1892 5332 1987 5385 τοῦ

405 5448 733 5520 Πνεύματος
762 5440 1128 5514 γεννώμενον,
1163 5436 1239 5508 μὴ
1273 5436 1338 5488 ὲκ
1366 5435 1467 5505 τῆς
1512 5429 1703 5492 οὐσίας
1744 5425 1985 5482 οἴεσθαιο

406 5545 440 5614 ἦ
479 5516 590 5614 γὰρ
638 5540 714 5604 ὡς
739 5539 993 5608 ἐνέργεια
1032 5534 1111 5597 είς
1157 5531 1314 5600 ξύλον
1363 5527 1430 5580 ὲκ
1476 5524 1579 5594 τῆς
1632 5522 1851 5593 φύσεως
1893 5516 1988 5573 τοῦ

407 5611 663 5695 τέκτονός
704 5634 873 5697 ἐστιν,
902 5627 937 5699 ἦ
963 5627 1040 5691 ὡς
1086 5624 1201 5695 πῦρ
1246 5624 1312 5677 ὲκ
1332 5619 1505 5692 πυρὸς
1526 5620 1585 5673 ὲν
1607 5615 1756 5687 ξύλῳ
1788 5615 1852 5667 ἐκ
1890 5611 1991 5682 τῆς

406 5728 597 5790 οὐσίας
621 5724 882 5795 ὑπάρχει.
911 5719 1057 5776 ³Δλλ⁹
1097 5718 1147 5772 εί
1186 5716 1284 5788 μὲν
1321 5712 1462 5768 κατὰ
1486 5711 1547 5766 τὸ
1568 5709 1806 5782 πρῶτον,
1834 5705 1991 5778 δῆλον

409 5823 494 5877 ὅτι
520 5819 767 5892 ἐνεργεῖν
789 5833 843 5871 τι
872 5814 935 5869 τὸ
967 5809 1231 5885 γεννηθὲν
1266 5806 1459 5879 ὥσπερ
1485 5803 1606 5861 οὐδὲ
1655 5802 1690 5873 ἠ
1736 5800 1992 5873 ἐνέργεια

2085 4621 2212 4679 gere
2237 4612 2540 4661 renovante
2565 4601 2742 4664 illum,
2779 4591 3222 4667 regeneratione,
3254 4593 3548 4658 etpropter
3567 4584 3675 4638 hoc

2084 4678 2324 4754 subiisse
2352 4693 2652 4750 secundam
2684 4686 3124 4760 generationem.
3156 4678 3445 4747 Quomodo
3482 4678 3673 4747 igitur,

2085 4804 2211 4844 cum
2242 4803 2407 4843 nemo
2440 4781 2921 4856 regenerationem
2954 4791 3053 4832 seu
3098 4773 3391 4828 desursum
3444 4782 3676 4837 genera-

2086 4884 2292 4938 tionem
2316 4878 2419 4949 ipsi
2445 4875 2714 4932 attribuat
2741 4886 2846 4925 nec
2870 4866 3164 4937 intelligat,
3184 4876 3378 4917 omnes
3404 4873 3536 4913 vero
3555 4872 3679 4910 san-

2086 4976 2161 5033 cti
2194 4971 2607 5046 generationem
2640 4967 2761 5037 ejus
2794 4960 3092 5019 secundam
3124 4964 3251 5026 post
3279 4954 3513 5022 primam
3547 4962 3682 5001 con-

2088 5068 2374 5131 ﬁteantur,
2400 5077 2498 5117 vos
2521 5057 2999 5129 regenerationem
3023 5064 3127 5119 pro
3148 5060 3277 5100 vera
3297 5039 3677 5113 generatione,

2088 5158 2287 5215 ordine
2332 5151 2594 5215 secunda,
2646 5149 2703 5202 in
2745 5148 2919 5202 Deum
2960 5141 3201 5196 Verbum
3258 5131 3586 5195 induxistis,
3623 5137 3685 5182 ut

2089 5252 2219 5308 inde
2245 5248 2409 5305 nobis
2431 5254 2609 5300 vestra
2640 5239 2843 5311 placita
2893 5231 3192 5290 inferatis?
3225 5228 3422 5282 Adbuc
3472 5234 3679 5284 tamen,

2089 5306 2224 5401 non,
2253 5342 2314 5389 ut
2336 5332 2497 5387 vobis
2543 5306 2769 5399 placuit,
2808 5319 3183 5377 intelleximus
3230 5310 3400 5375 illud,
3433 5306 3581 5379 quod
3614 5320 3681 5358 ex

2090 5426 2287 5498 spiritu
2317 5422 2582 5494 gignitur,
2609 5433 2722 5472 non
2751 5412 2968 5470 censeri
2989 5425 3056 5464 ex
3076 5402 3383 5462 substantia
3408 5398 3679 5472 genitum;

2089 5533 2290 5587 nempe
2330 5515 2445 5571 sive
2506 5507 2787 5582 quomodo
2813 5506 2898 5561 vis
2943 5510 3114 5559 estex
3137 5497 3369 5554 artiﬁcis
3404 5501 3601 5548 natura
3626 5488 3681 5541 in

2092 5613 2325 5682 lignum,
2380 5606 2497 5661 sive
2555 5600 2836 5675 quomodo
2879 5597 3022 5668 ignis
3073 5610 3139 5649 ex
3177 5593 3300 5663 igne
3334 5588 3388 5642 in
3436 5585 3585 5656 ligno
3615 5597 3681 5636 ex

2093 5675 2399 5759 substantia
2433 5696 2613 5753 adest.
2653 5693 2759 5749 Sed
2784 5691 2827 5747 si
2876 5688 3052 5761 prius,
3106 5693 3255 5756 patet
3289 5682 3399 5735 vim
3453 5675 3684 5731 artiﬁcis

2093 5811 2206 5852 non
2236 5805 2399 5865 posse
2435 5804 2601 5861 agere
2660 5786 2719 5841 in
2769 5791 3094 5857 generatum
3131 5779 3276 5833 sicut
3314 5788 3416 5831 nec
3450 5773 3566 5842 ipsa
3599 5769 3687 5825 vis
