  <div class='ocr_page' id='page_1' title='image "/cluster/home/n/w/nwhite01/storage/ocr_20150623/86:pt.1/coo.31924054869874/857.png"; bbox 0 0 4116 6440; ppageno 0'>
   <div class='ocr_carea' id='block_1_1' title="bbox 488 376 623 442">
    <p class='ocr_par' dir='ltr' id='par_1_1' title="bbox 488 376 623 442">
     <span class='ocr_line' id='line_1_1' title="bbox 488 376 623 442; baseline -0.015 0"><span class='ocrx_word' id='word_1_1' title='bbox 488 376 623 442; x_wconf 76' lang='lat'><strong>1699</strong></span> 
     </span>
    </p>
   </div>
   <div class='ocr_carea' id='block_1_2' title="bbox 1760 371 2533 433">
    <p class='ocr_par' dir='ltr' id='par_1_2' title="bbox 1760 371 2533 433">
     <span class='ocr_line' id='line_1_2' title="bbox 1760 371 2533 433; baseline -0.001 -1"><span class='ocrx_word' id='word_1_2' title='bbox 1760 371 2076 432; x_wconf 85' lang='lat' dir='ltr'><strong>LEONTII</strong></span> <span class='ocrx_word' id='word_1_3' title='bbox 2119 372 2257 433; x_wconf 83' lang='lat' dir='ltr'><strong>BYZ</strong></span> <span class='ocrx_word' id='word_1_4' title='bbox 2275 371 2533 432; x_wconf 72' lang='lat' dir='ltr'><strong>\NTINI</strong></span> 
     </span>
    </p>
   </div>
   <div class='ocr_carea' id='block_1_3' title="bbox 3617 373 3761 440">
    <p class='ocr_par' dir='ltr' id='par_1_3' title="bbox 3617 373 3761 440">
     <span class='ocr_line' id='line_1_3' title="bbox 3617 373 3761 440; baseline 0.014 -3"><span class='ocrx_word' id='word_1_5' title='bbox 3617 373 3761 440; x_wconf 84' lang='grc'><strong>1700</strong></span> 
     </span>
    </p>
   </div>
   <div class='ocr_carea' id='block_1_4' title="bbox 482 479 2080 561">
    <p class='ocr_par' dir='ltr' id='par_1_4' title="bbox 482 482 2075 561">
     <span class='ocr_line' id='line_1_4' title="bbox 482 482 2075 561; baseline -0.003 -18"><span class='ocrx_word' id='word_1_6' title='bbox 482 506 606 561; x_wconf 76' lang='lat' dir='ltr'><strong>qua:</strong></span> <span class='ocrx_word' id='word_1_7' title='bbox 633 496 718 542; x_wconf 89' lang='lat' dir='ltr'><strong>est</strong></span> <span class='ocrx_word' id='word_1_8' title='bbox 740 486 793 540; x_wconf 93' lang='lat' dir='ltr'><strong>in</strong></span> <span class='ocrx_word' id='word_1_9' title='bbox 825 486 993 557; x_wconf 89' lang='lat' dir='ltr'><strong>ligno.</strong></span> <span class='ocrx_word' id='word_1_10' title='bbox 1048 484 1105 540; x_wconf 88' lang='lat' dir='ltr'><strong>Si</strong></span> <span class='ocrx_word' id='word_1_11' title='bbox 1140 483 1440 555; x_wconf 72' lang='lat' dir='ltr'><strong>posterius,</strong></span> <span class='ocrx_word' id='word_1_12' title='bbox 1471 482 1646 555; x_wconf 89' lang='lat' dir='ltr'><strong>liquet</strong></span> <span class='ocrx_word' id='word_1_13' title='bbox 1681 484 1793 538; x_wconf 92' lang='lat' dir='ltr'><strong>vim</strong></span> <span class='ocrx_word' id='word_1_14' title='bbox 1843 482 1987 553; x_wconf 82' lang='lat' dir='ltr'><strong>ignis</strong></span> <span class='ocrx_word' id='word_1_15' title='bbox 2014 493 2075 538; x_wconf 92' lang='lat' dir='ltr'><strong>et</strong></span> 
     </span>
    </p>
   </div>
   <div class='ocr_carea' id='block_1_5' title="bbox 2179 479 3758 561">
    <p class='ocr_par' dir='ltr' id='par_1_5' title="bbox 2179 479 3758 555">
     <span class='ocr_line' id='line_1_5' title="bbox 2179 479 3758 555; baseline -0.001 -17"><span class='ocrx_word' id='word_1_16' title='bbox 2179 484 2318 554; x_wconf 85' lang='grc' dir='ltr'><strong>α’ύτη</strong></span> <span class='ocrx_word' id='word_1_17' title='bbox 2362 487 2395 553; x_wconf 90' lang='grc' dir='ltr'><strong>ή</strong></span> <span class='ocrx_word' id='word_1_18' title='bbox 2456 486 2514 537; x_wconf 85' lang='grc' dir='ltr'><strong>ἐν</strong></span> <span class='ocrx_word' id='word_1_19' title='bbox 2550 481 2629 553; x_wconf 84' lang='grc' dir='ltr'><strong>τῷ</strong></span> <span class='ocrx_word' id='word_1_20' title='bbox 2654 480 2821 555; x_wconf 75' lang='grc' dir='ltr'><strong>ξύλῳ,</strong></span> <span class='ocrx_word' id='word_1_21' title='bbox 2844 481 2911 537; x_wconf 75' lang='grc' dir='ltr'><strong>τά</strong></span> <span class='ocrx_word' id='word_1_22' title='bbox 2950 479 3047 535; x_wconf 84' lang='grc' dir='ltr'><strong>τοῦ</strong></span> <span class='ocrx_word' id='word_1_23' title='bbox 3074 482 3324 548; x_wconf 77' lang='grc' dir='ltr'><strong>τέκτονος</strong></span> <span class='ocrx_word' id='word_1_24' title='bbox 3339 481 3400 534; x_wconf 90' lang='grc' dir='ltr'><strong>οὐ</strong></span> <span class='ocrx_word' id='word_1_25' title='bbox 3427 481 3717 555; x_wconf 86' lang='grc' dir='ltr'><strong>δυνήσεται</strong></span> <span class='ocrx_word' id='word_1_26' title='bbox 3742 505 3758 516; x_wconf 89' lang='grc'><strong>·</strong></span> 
     </span>
    </p>
   </div>
   <div class='ocr_carea' id='block_1_6' title="bbox 484 574 2065 650">
    <p class='ocr_par' dir='ltr' id='par_1_6' title="bbox 484 574 2065 650">
     <span class='ocr_line' id='line_1_6' title="bbox 484 574 2065 650; baseline -0.005 -15"><span class='ocrx_word' id='word_1_27' title='bbox 484 581 665 650; x_wconf 91' lang='lat' dir='ltr'><strong>ignem</strong></span> <span class='ocrx_word' id='word_1_28' title='bbox 694 578 747 631; x_wconf 89' lang='lat' dir='ltr'><strong>in</strong></span> <span class='ocrx_word' id='word_1_29' title='bbox 776 577 922 646; x_wconf 87' lang='lat' dir='ltr'><strong>ligno</strong></span> <span class='ocrx_word' id='word_1_30' title='bbox 945 584 1263 647; x_wconf 88' lang='lat' dir='ltr'><strong>generatum</strong></span> <span class='ocrx_word' id='word_1_31' title='bbox 1293 589 1454 643; x_wconf 89' lang='lat' dir='ltr'><strong>posse</strong></span> <span class='ocrx_word' id='word_1_32' title='bbox 1482 590 1667 645; x_wconf 87' lang='lat' dir='ltr'><strong>agere.</strong></span> <span class='ocrx_word' id='word_1_33' title='bbox 1696 575 1752 629; x_wconf 89' lang='lat' dir='ltr'><strong>Si</strong></span> <span class='ocrx_word' id='word_1_34' title='bbox 1781 582 1966 627; x_wconf 88' lang='lat' dir='ltr'><strong>autem</strong></span> <span class='ocrx_word' id='word_1_35' title='bbox 1986 574 2065 627; x_wconf 90' lang='lat' dir='ltr'><strong>ita</strong></span> 
     </span>
    </p>
   </div>
   <div class='ocr_carea' id='block_1_7' title="bbox 484 665 2075 739">
    <p class='ocr_par' dir='ltr' id='par_1_7' title="bbox 484 665 2075 739">
     <span class='ocr_line' id='line_1_7' title="bbox 484 665 2075 739; baseline -0.004 -15"><span class='ocrx_word' id='word_1_36' title='bbox 484 678 570 725; x_wconf 91' lang='lat' dir='ltr'><strong>est</strong></span> <span class='ocrx_word' id='word_1_37' title='bbox 616 670 803 739; x_wconf 90' lang='lat' dir='ltr'><strong>genito</strong></span> <span class='ocrx_word' id='word_1_38' title='bbox 834 668 975 722; x_wconf 84' lang='lat' dir='ltr'><strong>facta</strong></span> <span class='ocrx_word' id='word_1_39' title='bbox 1019 677 1105 721; x_wconf 91' lang='lat' dir='ltr'><strong>est</strong></span> <span class='ocrx_word' id='word_1_40' title='bbox 1156 666 1508 735; x_wconf 89' lang='lat' dir='ltr'><strong>participatio</strong></span> <span class='ocrx_word' id='word_1_41' title='bbox 1562 665 1889 721; x_wconf 67' lang='lat' dir='ltr'><strong>substantia:</strong></span> <span class='ocrx_word' id='word_1_42' title='bbox 1948 680 2075 733; x_wconf 62' lang='lat' dir='ltr'><strong>quae</strong></span> 
     </span>
    </p>
   </div>
   <div class='ocr_carea' id='block_1_8' title="bbox 485 758 2075 830">
    <p class='ocr_par' dir='ltr' id='par_1_8' title="bbox 485 758 2075 830">
     <span class='ocr_line' id='line_1_8' title="bbox 485 758 2075 830; baseline -0.002 -14"><span class='ocrx_word' id='word_1_43' title='bbox 485 761 618 816; x_wconf 93' lang='lat' dir='ltr'><strong>illud</strong></span> <span class='ocrx_word' id='word_1_44' title='bbox 653 761 885 830; x_wconf 82' lang='lat' dir='ltr'><strong>genuit;</strong></span> <span class='ocrx_word' id='word_1_45' title='bbox 937 758 1041 813; x_wconf 89' lang='lat' dir='ltr'><strong>hoc</strong></span> <span class='ocrx_word' id='word_1_46' title='bbox 1076 759 1224 812; x_wconf 90' lang='lat' dir='ltr'><strong>enim</strong></span> <span class='ocrx_word' id='word_1_47' title='bbox 1265 758 1602 812; x_wconf 82' lang='lat' dir='ltr'><strong>testiﬁcatur</strong></span> <span class='ocrx_word' id='word_1_48' title='bbox 1652 761 1773 827; x_wconf 87' lang='lat' dir='ltr'><strong>ejus</strong></span> <span class='ocrx_word' id='word_1_49' title='bbox 1801 758 2075 813; x_wconf 79' lang='lat' dir='ltr'><strong>naturalis</strong></span> 
     </span>
    </p>
   </div>
   <div class='ocr_carea' id='block_1_9' title="bbox 484 846 2071 920">
    <p class='ocr_par' dir='ltr' id='par_1_9' title="bbox 484 846 2071 920">
     <span class='ocr_line' id='line_1_9' title="bbox 484 846 2071 920; baseline -0.003 -16"><span class='ocrx_word' id='word_1_50' title='bbox 484 853 570 905; x_wconf 90' lang='lat' dir='ltr'><strong>vis</strong></span> <span class='ocrx_word' id='word_1_51' title='bbox 628 868 747 920; x_wconf 69' lang='lat' dir='ltr'><strong>qua:</strong></span> <span class='ocrx_word' id='word_1_52' title='bbox 786 851 1037 919; x_wconf 83' lang='lat' dir='ltr'><strong>sequitur</strong></span> <span class='ocrx_word' id='word_1_53' title='bbox 1071 848 1341 919; x_wconf 92' lang='lat' dir='ltr'><strong>genitum.</strong></span> <span class='ocrx_word' id='word_1_54' title='bbox 1370 849 1427 901; x_wconf 88' lang='lat' dir='ltr'><strong>Si</strong></span> <span class='ocrx_word' id='word_1_55' title='bbox 1454 858 1638 902; x_wconf 90' lang='lat' dir='ltr'><strong>autem</strong></span> <span class='ocrx_word' id='word_1_56' title='bbox 1664 846 1807 901; x_wconf 82' lang='lat' dir='ltr'><strong>facta</strong></span> <span class='ocrx_word' id='word_1_57' title='bbox 1833 855 1916 902; x_wconf 92' lang='lat' dir='ltr'><strong>est</strong></span> <span class='ocrx_word' id='word_1_58' title='bbox 1941 863 2071 916; x_wconf 88' lang='lat' dir='ltr'><strong>par-</strong></span> 
     </span>
    </p>
   </div>
   <div class='ocr_carea' id='block_1_10' title="bbox 485 938 2071 1011">
    <p class='ocr_par' dir='ltr' id='par_1_10' title="bbox 485 938 2071 1011">
     <span class='ocr_line' id='line_1_10' title="bbox 485 938 2071 1011; baseline -0.003 -16"><span class='ocrx_word' id='word_1_59' title='bbox 485 943 736 1011; x_wconf 87' lang='lat' dir='ltr'><strong>ticipatio</strong></span> <span class='ocrx_word' id='word_1_60' title='bbox 773 941 1115 1003; x_wconf 64' lang='lat' dir='ltr'><strong>substantiae,</strong></span> <span class='ocrx_word' id='word_1_61' title='bbox 1151 940 1197 993; x_wconf 89' lang='lat' dir='ltr'><strong>si</strong></span> <span class='ocrx_word' id='word_1_62' title='bbox 1232 939 1517 1010; x_wconf 82' lang='lat' dir='ltr'><strong>generatio</strong></span> <span class='ocrx_word' id='word_1_63' title='bbox 1563 954 1673 992; x_wconf 90' lang='lat' dir='ltr'><strong>non</strong></span> <span class='ocrx_word' id='word_1_64' title='bbox 1728 947 1908 993; x_wconf 80' lang='lat' dir='ltr'><strong>estex</strong></span> <span class='ocrx_word' id='word_1_65' title='bbox 1936 938 2071 992; x_wconf 90' lang='lat' dir='ltr'><strong>sub-</strong></span> 
     </span>
    </p>
   </div>
   <div class='ocr_carea' id='block_1_11' title="bbox 486 1027 2071 1100">
    <p class='ocr_par' dir='ltr' id='par_1_11' title="bbox 486 1027 2071 1100">
     <span class='ocr_line' id='line_1_11' title="bbox 486 1027 2071 1100; baseline -0.003 -16"><span class='ocrx_word' id='word_1_66' title='bbox 486 1034 687 1085; x_wconf 87' lang='lat' dir='ltr'><strong>stantia</strong></span> <span class='ocrx_word' id='word_1_67' title='bbox 715 1030 811 1083; x_wconf 90' lang='lat' dir='ltr'><strong>sed</strong></span> <span class='ocrx_word' id='word_1_68' title='bbox 834 1046 900 1083; x_wconf 79' lang='lat' dir='ltr'><strong>ex</strong></span> <span class='ocrx_word' id='word_1_69' title='bbox 921 1029 970 1083; x_wconf 87' lang='lat' dir='ltr'><strong>vi</strong></span> <span class='ocrx_word' id='word_1_70' title='bbox 1006 1030 1239 1100; x_wconf 84' lang='lat' dir='ltr'><strong>alicujus</strong></span> <span class='ocrx_word' id='word_1_71' title='bbox 1270 1044 1379 1082; x_wconf 89' lang='lat' dir='ltr'><strong>non</strong></span> <span class='ocrx_word' id='word_1_72' title='bbox 1410 1028 1785 1092; x_wconf 89' lang='lat' dir='ltr'><strong>subsistentis,</strong></span> <span class='ocrx_word' id='word_1_73' title='bbox 1820 1027 2071 1097; x_wconf 70' lang='lat' dir='ltr'><strong>quaedam</strong></span> 
     </span>
    </p>
   </div>
   <div class='ocr_carea' id='block_1_12' title="bbox 488 1119 2073 1181">
    <p class='ocr_par' dir='ltr' id='par_1_12' title="bbox 488 1119 2073 1181">
     <span class='ocr_line' id='line_1_12' title="bbox 488 1119 2073 1181; baseline -0.002 -7"><span class='ocrx_word' id='word_1_74' title='bbox 488 1136 600 1174; x_wconf 89' lang='lat' dir='ltr'><strong>non</strong></span> <span class='ocrx_word' id='word_1_75' title='bbox 643 1121 1003 1174; x_wconf 85' lang='lat' dir='ltr'><strong>subsistentia</strong></span> <span class='ocrx_word' id='word_1_76' title='bbox 1068 1120 1507 1174; x_wconf 90' lang='lat' dir='ltr'><strong>dominabuntur</strong></span> <span class='ocrx_word' id='word_1_77' title='bbox 1574 1119 1962 1181; x_wconf 86' lang='lat' dir='ltr'><strong>substantiam,</strong></span> <span class='ocrx_word' id='word_1_78' title='bbox 2015 1128 2073 1173; x_wconf 86' lang='lat' dir='ltr'><strong>et</strong></span> 
     </span>
    </p>
   </div>
   <div class='ocr_carea' id='block_1_13' title="bbox 486 1210 2008 1280">
    <p class='ocr_par' dir='ltr' id='par_1_13' title="bbox 486 1210 2008 1280">
     <span class='ocr_line' id='line_1_13' title="bbox 486 1210 2008 1280; baseline -0.003 -12"><span class='ocrx_word' id='word_1_79' title='bbox 486 1223 653 1269; x_wconf 89' lang='lat' dir='ltr'><strong>erunt</strong></span> <span class='ocrx_word' id='word_1_80' title='bbox 672 1229 835 1268; x_wconf 88' lang='lat' dir='ltr'><strong>causa</strong></span> <span class='ocrx_word' id='word_1_81' title='bbox 863 1212 1321 1275; x_wconf 88' lang='lat' dir='ltr'><strong>substantiarum,</strong></span> <span class='ocrx_word' id='word_1_82' title='bbox 1358 1210 1509 1280; x_wconf 90' lang='lat' dir='ltr'><strong>quod</strong></span> <span class='ocrx_word' id='word_1_83' title='bbox 1534 1220 1622 1265; x_wconf 91' lang='lat' dir='ltr'><strong>est</strong></span> <span class='ocrx_word' id='word_1_84' title='bbox 1648 1210 2008 1280; x_wconf 90' lang='lat' dir='ltr'><strong>impossibile.</strong></span> 
     </span>
    </p>
   </div>
   <div class='ocr_carea' id='block_1_14' title="bbox 1060 1426 1501 1483">
    <p class='ocr_par' dir='ltr' id='par_1_14' title="bbox 1060 1426 1501 1483">
     <span class='ocr_line' id='line_1_14' title="bbox 1060 1426 1501 1483; baseline -0.002 -1"><span class='ocrx_word' id='word_1_85' title='bbox 1060 1428 1209 1483; x_wconf 77' lang='lat' dir='ltr'><strong>CAP.</strong></span> <span class='ocrx_word' id='word_1_86' title='bbox 1254 1426 1501 1481; x_wconf 87' lang='lat' dir='ltr'>XXXIII.</span> 
     </span>
    </p>
   </div>
   <div class='ocr_carea' id='block_1_15' title="bbox 562 1539 2070 1614">
    <p class='ocr_par' dir='ltr' id='par_1_15' title="bbox 562 1539 2070 1614">
     <span class='ocr_line' id='line_1_15' title="bbox 562 1539 2070 1614; baseline -0.005 -14"><span class='ocrx_word' id='word_1_87' title='bbox 562 1546 618 1601; x_wconf 89' lang='lat' dir='ltr'><strong>Si</strong></span> <span class='ocrx_word' id='word_1_88' title='bbox 670 1544 893 1614; x_wconf 82' lang='lat' dir='ltr'><strong>proprie</strong></span> <span class='ocrx_word' id='word_1_89' title='bbox 960 1551 1018 1597; x_wconf 90' lang='lat' dir='ltr'><strong>et</strong></span> <span class='ocrx_word' id='word_1_90' title='bbox 1064 1557 1192 1595; x_wconf 86' lang='lat' dir='ltr'><strong>vere</strong></span> <span class='ocrx_word' id='word_1_91' title='bbox 1237 1541 1457 1611; x_wconf 86' lang='lat' dir='ltr'><strong>genitus</strong></span> <span class='ocrx_word' id='word_1_92' title='bbox 1500 1548 1585 1595; x_wconf 87' lang='lat' dir='ltr'><strong>est</strong></span> <span class='ocrx_word' id='word_1_93' title='bbox 1626 1540 1772 1595; x_wconf 94' lang='lat' dir='ltr'><strong>Deus</strong></span> <span class='ocrx_word' id='word_1_94' title='bbox 1824 1539 2070 1594; x_wconf 79' lang='lat' dir='ltr'><strong>Verbum</strong></span> 
     </span>
    </p>
   </div>
   <div class='ocr_carea' id='block_1_16' title="bbox 490 1631 2074 1708">
    <p class='ocr_par' dir='ltr' id='par_1_16' title="bbox 490 1631 2074 1708">
     <span class='ocr_line' id='line_1_16' title="bbox 490 1631 2074 1708; baseline -0.006 -14"><span class='ocrx_word' id='word_1_95' title='bbox 490 1656 522 1695; x_wconf 88' lang='lat' dir='ltr'><strong>e</strong></span> <span class='ocrx_word' id='word_1_96' title='bbox 552 1639 799 1708; x_wconf 79' lang='lat' dir='ltr'><strong>Virgine,</strong></span> <span class='ocrx_word' id='word_1_97' title='bbox 832 1645 889 1690; x_wconf 89' lang='lat' dir='ltr'><strong>et</strong></span> <span class='ocrx_word' id='word_1_98' title='bbox 918 1644 1001 1689; x_wconf 88' lang='lat' dir='ltr'><strong>est</strong></span> <span class='ocrx_word' id='word_1_99' title='bbox 1053 1635 1144 1688; x_wconf 87' lang='lat' dir='ltr'><strong>illa</strong></span> <span class='ocrx_word' id='word_1_100' title='bbox 1190 1634 1481 1697; x_wconf 86' lang='lat' dir='ltr'><strong>absimilis,</strong></span> <span class='ocrx_word' id='word_1_101' title='bbox 1512 1642 1567 1686; x_wconf 92' lang='lat' dir='ltr'><strong>et</strong></span> <span class='ocrx_word' id='word_1_102' title='bbox 1598 1631 1822 1702; x_wconf 87' lang='lat' dir='ltr'><strong>proprie</strong></span> <span class='ocrx_word' id='word_1_103' title='bbox 1852 1640 1909 1686; x_wconf 90' lang='lat' dir='ltr'><strong>et</strong></span> <span class='ocrx_word' id='word_1_104' title='bbox 1942 1646 2074 1685; x_wconf 83' lang='lat' dir='ltr'><strong>vere</strong></span> 
     </span>
    </p>
   </div>
   <div class='ocr_carea' id='block_1_17' title="bbox 490 1722 2073 1803">
    <p class='ocr_par' dir='ltr' id='par_1_17' title="bbox 490 1722 2073 1803">
     <span class='ocr_line' id='line_1_17' title="bbox 490 1722 2073 1803; baseline -0.005 -18"><span class='ocrx_word' id='word_1_105' title='bbox 490 1732 712 1803; x_wconf 89' lang='lat' dir='ltr'><strong>genitus</strong></span> <span class='ocrx_word' id='word_1_106' title='bbox 750 1739 835 1783; x_wconf 84' lang='lat' dir='ltr'><strong>est</strong></span> <span class='ocrx_word' id='word_1_107' title='bbox 864 1728 1009 1781; x_wconf 85' lang='lat' dir='ltr'><strong>idem</strong></span> <span class='ocrx_word' id='word_1_108' title='bbox 1038 1743 1068 1781; x_wconf 90' lang='lat' dir='ltr'><strong>e</strong></span> <span class='ocrx_word' id='word_1_109' title='bbox 1102 1727 1284 1791; x_wconf 87' lang='lat' dir='ltr'><strong>Patre,</strong></span> <span class='ocrx_word' id='word_1_110' title='bbox 1313 1725 1445 1794; x_wconf 91' lang='lat' dir='ltr'><strong>quid</strong></span> <span class='ocrx_word' id='word_1_111' title='bbox 1480 1726 1741 1793; x_wconf 86' lang='lat' dir='ltr'><strong>prohibet</strong></span> <span class='ocrx_word' id='word_1_112' title='bbox 1767 1725 1921 1778; x_wconf 86' lang='lat' dir='ltr'><strong>illum</strong></span> <span class='ocrx_word' id='word_1_113' title='bbox 1949 1722 2073 1778; x_wconf 86' lang='lat' dir='ltr'><strong>esse</strong></span> 
     </span>
    </p>
   </div>
   <div class='ocr_carea' id='block_1_18' title="bbox 2174 573 3761 644">
    <p class='ocr_par' dir='ltr' id='par_1_18' title="bbox 2174 573 3761 644">
     <span class='ocr_line' id='line_1_18' title="bbox 2174 573 3761 644; baseline 0 -14"><span class='ocrx_word' id='word_1_114' title='bbox 2174 580 2225 631; x_wconf 90' lang='grc' dir='ltr'><strong>εί</strong></span> <span class='ocrx_word' id='word_1_115' title='bbox 2264 576 2323 628; x_wconf 83' lang='grc' dir='ltr'><strong>δέ</strong></span> <span class='ocrx_word' id='word_1_116' title='bbox 2355 573 2499 629; x_wconf 83' lang='grc' dir='ltr'><strong>κατὰ</strong></span> <span class='ocrx_word' id='word_1_117' title='bbox 2527 574 2588 627; x_wconf 80' lang='grc' dir='ltr'><strong>τὸ</strong></span> <span class='ocrx_word' id='word_1_118' title='bbox 2620 574 2895 644; x_wconf 83' lang='grc' dir='ltr'><strong>δεύτερον,</strong></span> <span class='ocrx_word' id='word_1_119' title='bbox 2938 574 3113 641; x_wconf 84' lang='grc' dir='ltr'><strong>σαφὲς</strong></span> <span class='ocrx_word' id='word_1_120' title='bbox 3144 575 3229 627; x_wconf 83' lang='grc' dir='ltr'><strong>ὅτι</strong></span> <span class='ocrx_word' id='word_1_121' title='bbox 3256 576 3507 644; x_wconf 74' lang='grc' dir='ltr'><strong>ἐνεργεῖν</strong></span> <span class='ocrx_word' id='word_1_122' title='bbox 3547 576 3617 630; x_wconf 81' lang='grc' dir='ltr'><strong>τὰ</strong></span> <span class='ocrx_word' id='word_1_123' title='bbox 3656 577 3761 630; x_wconf 90' lang='grc' dir='ltr'><strong>τοῦ</strong></span> 
     </span>
    </p>
   </div>
   <div class='ocr_carea' id='block_1_19' title="bbox 2172 664 3759 738">
    <p class='ocr_par' dir='ltr' id='par_1_19' title="bbox 2172 664 3759 738">
     <span class='ocr_line' id='line_1_19' title="bbox 2172 664 3759 738; baseline -0.001 -17"><span class='ocrx_word' id='word_1_124' title='bbox 2172 667 2348 738; x_wconf 74' lang='grc' dir='ltr'><strong>πυρὸς</strong></span> <span class='ocrx_word' id='word_1_125' title='bbox 2383 668 2479 719; x_wconf 76' lang='grc' dir='ltr'><strong>καὶ</strong></span> <span class='ocrx_word' id='word_1_126' title='bbox 2501 665 2565 718; x_wconf 82' lang='grc' dir='ltr'><strong>τὸ</strong></span> <span class='ocrx_word' id='word_1_127' title='bbox 2591 666 2852 734; x_wconf 85' lang='grc' dir='ltr'><strong>γεννηθὲν</strong></span> <span class='ocrx_word' id='word_1_128' title='bbox 2882 666 2941 717; x_wconf 90' lang='grc' dir='ltr'><strong>ἐν</strong></span> <span class='ocrx_word' id='word_1_129' title='bbox 2968 664 3047 735; x_wconf 81' lang='grc' dir='ltr'><strong>τῷ</strong></span> <span class='ocrx_word' id='word_1_130' title='bbox 3074 664 3217 735; x_wconf 80' lang='grc' dir='ltr'><strong>ξύλῳ</strong></span> <span class='ocrx_word' id='word_1_131' title='bbox 3251 664 3385 736; x_wconf 86' lang='grc' dir='ltr'><strong>πῦρ,</strong></span> <span class='ocrx_word' id='word_1_132' title='bbox 3421 666 3719 738; x_wconf 78' lang='grc' dir='ltr'><strong>δυνήσεται</strong></span> <span class='ocrx_word' id='word_1_133' title='bbox 3742 682 3759 696; x_wconf 85' lang='grc'>⁶</span> 
     </span>
    </p>
   </div>
   <div class='ocr_carea' id='block_1_20' title="bbox 2174 757 3763 828">
    <p class='ocr_par' dir='ltr' id='par_1_20' title="bbox 2174 757 3763 828">
     <span class='ocr_line' id='line_1_20' title="bbox 2174 757 3763 828; baseline 0.001 -17"><span class='ocrx_word' id='word_1_134' title='bbox 2174 761 2224 811; x_wconf 88' lang='grc' dir='ltr'><strong>εί</strong></span> <span class='ocrx_word' id='word_1_135' title='bbox 2259 759 2317 812; x_wconf 84' lang='grc' dir='ltr'><strong>δὲ</strong></span> <span class='ocrx_word' id='word_1_136' title='bbox 2356 757 2537 822; x_wconf 90' lang='grc' dir='ltr'><strong>τοῦτο,</strong></span> <span class='ocrx_word' id='word_1_137' title='bbox 2579 757 2882 828; x_wconf 81' lang='grc' dir='ltr'><strong>μετάληψις</strong></span> <span class='ocrx_word' id='word_1_138' title='bbox 2923 757 3113 825; x_wconf 84' lang='grc' dir='ltr'><strong>γέγονε</strong></span> <span class='ocrx_word' id='word_1_139' title='bbox 3147 758 3245 827; x_wconf 86' lang='grc' dir='ltr'><strong>τῆς</strong></span> <span class='ocrx_word' id='word_1_140' title='bbox 3284 757 3550 827; x_wconf 81' lang='grc' dir='ltr'><strong>τεκούσης</strong></span> <span class='ocrx_word' id='word_1_141' title='bbox 3592 759 3763 812; x_wconf 80' lang='grc' dir='ltr'><strong>αὐτὸν</strong></span> 
     </span>
    </p>
   </div>
   <div class='ocr_carea' id='block_1_21' title="bbox 2172 848 3762 922">
    <p class='ocr_par' dir='ltr' id='par_1_21' title="bbox 2172 848 3762 922">
     <span class='ocr_line' id='line_1_21' title="bbox 2172 848 3762 922; baseline 0 -19"><span class='ocrx_word' id='word_1_142' title='bbox 2172 849 2361 912; x_wconf 80' lang='grc' dir='ltr'>οὐσίας</span> <span class='ocrx_word' id='word_1_143' title='bbox 2385 849 2464 920; x_wconf 89' lang='grc' dir='ltr'>τῷ</span> <span class='ocrx_word' id='word_1_144' title='bbox 2493 848 2841 919; x_wconf 81' lang='grc' dir='ltr'><strong>γεννηθέντι·</strong></span> <span class='ocrx_word' id='word_1_145' title='bbox 2878 848 3041 902; x_wconf 84' lang='grc' dir='ltr'><strong>τοῦτο</strong></span> <span class='ocrx_word' id='word_1_146' title='bbox 3071 849 3178 919; x_wconf 82' lang='grc' dir='ltr'><strong>γὰρ</strong></span> <span class='ocrx_word' id='word_1_147' title='bbox 3220 851 3489 920; x_wconf 84' lang='grc' dir='ltr'><strong>μαρτυρεῖ</strong></span> <span class='ocrx_word' id='word_1_148' title='bbox 3527 849 3762 922; x_wconf 81' lang='grc' dir='ltr'><strong>δηλαδὴ,</strong></span> 
     </span>
    </p>
   </div>
   <div class='ocr_carea' id='block_1_22' title="bbox 2172 942 3765 1014">
    <p class='ocr_par' dir='ltr' id='par_1_22' title="bbox 2172 942 3765 1014">
     <span class='ocr_line' id='line_1_22' title="bbox 2172 942 3765 1014; baseline 0 -17"><span class='ocrx_word' id='word_1_149' title='bbox 2172 944 2416 1013; x_wconf 81' lang='grc' dir='ltr'><strong>ἑπομένη</strong></span> <span class='ocrx_word' id='word_1_150' title='bbox 2445 943 2540 997; x_wconf 78' lang='grc' dir='ltr'><strong>καὶ</strong></span> <span class='ocrx_word' id='word_1_151' title='bbox 2580 942 2739 1014; x_wconf 80' lang='grc' dir='ltr'><strong>τῷδε,</strong></span> <span class='ocrx_word' id='word_1_152' title='bbox 2774 942 2981 1012; x_wconf 82' lang='grc' dir='ltr'><strong>ταύτης</strong></span> <span class='ocrx_word' id='word_1_153' title='bbox 3010 944 3042 1012; x_wconf 86' lang='grc' dir='ltr'>ὴ</span> <span class='ocrx_word' id='word_1_154' title='bbox 3080 942 3281 1013; x_wconf 82' lang='grc' dir='ltr'><strong>φυσικὴ</strong></span> <span class='ocrx_word' id='word_1_155' title='bbox 3310 943 3582 1013; x_wconf 85' lang='grc' dir='ltr'><strong>ἐνέργεια.</strong></span> <span class='ocrx_word' id='word_1_156' title='bbox 3614 944 3678 996; x_wconf 75' lang='lat' dir='ltr'>EI</span> <span class='ocrx_word' id='word_1_157' title='bbox 3698 943 3765 997; x_wconf 79' lang='grc' dir='ltr'><strong>δὲ</strong></span> 
     </span>
    </p>
   </div>
   <div class='ocr_carea' id='block_1_23' title="bbox 2176 1030 3765 1105">
    <p class='ocr_par' dir='ltr' id='par_1_23' title="bbox 2176 1030 3765 1105">
     <span class='ocr_line' id='line_1_23' title="bbox 2176 1030 3765 1105; baseline -0.001 -19"><span class='ocrx_word' id='word_1_158' title='bbox 2176 1033 2481 1105; x_wconf 80' lang='grc' dir='ltr'><strong>μετάληψις</strong></span> <span class='ocrx_word' id='word_1_159' title='bbox 2514 1032 2735 1100; x_wconf 89' lang='grc' dir='ltr'><strong>γέγονεν</strong></span> <span class='ocrx_word' id='word_1_160' title='bbox 2783 1033 2993 1097; x_wconf 85' lang='grc' dir='ltr'><strong>οὐσίας,</strong></span> <span class='ocrx_word' id='word_1_161' title='bbox 3029 1034 3078 1084; x_wconf 90' lang='grc' dir='ltr'><strong>εί</strong></span> <span class='ocrx_word' id='word_1_162' title='bbox 3125 1030 3200 1102; x_wconf 85' lang='grc' dir='ltr'><strong>μὴ</strong></span> <span class='ocrx_word' id='word_1_163' title='bbox 3244 1035 3311 1085; x_wconf 87' lang='grc' dir='ltr'><strong>ἐκ</strong></span> <span class='ocrx_word' id='word_1_164' title='bbox 3366 1033 3468 1101; x_wconf 80' lang='grc' dir='ltr'><strong>τῆς</strong></span> <span class='ocrx_word' id='word_1_165' title='bbox 3508 1031 3696 1095; x_wconf 88' lang='grc' dir='ltr'><strong>οὐσίας</strong></span> <span class='ocrx_word' id='word_1_166' title='bbox 3726 1034 3765 1102; x_wconf 82' lang='grc' dir='ltr'><strong>ἡ</strong></span> 
     </span>
    </p>
   </div>
   <div class='ocr_carea' id='block_1_24' title="bbox 2172 1118 3765 1195">
    <p class='ocr_par' dir='ltr' id='par_1_24' title="bbox 2172 1118 3765 1195">
     <span class='ocr_line' id='line_1_24' title="bbox 2172 1118 3765 1195; baseline -0.003 -18"><span class='ocrx_word' id='word_1_167' title='bbox 2172 1124 2451 1195; x_wconf 86' lang='grc' dir='ltr'><strong>γέννησις,</strong></span> <span class='ocrx_word' id='word_1_168' title='bbox 2483 1122 2599 1176; x_wconf 83' lang='grc' dir='ltr'><strong>ἀλλ’</strong></span> <span class='ocrx_word' id='word_1_169' title='bbox 2635 1122 2695 1187; x_wconf 84' lang='grc' dir='ltr'><strong>ἐξ</strong></span> <span class='ocrx_word' id='word_1_170' title='bbox 2722 1122 3005 1191; x_wconf 75' lang='grc' dir='ltr'><strong>ἐνεργείας</strong></span> <span class='ocrx_word' id='word_1_171' title='bbox 3034 1120 3309 1183; x_wconf 83' lang='grc' dir='ltr'><strong>ἀνουσίου,</strong></span> <span class='ocrx_word' id='word_1_172' title='bbox 3351 1118 3504 1173; x_wconf 76' lang='grc' dir='ltr'><strong>ἔσται</strong></span> <span class='ocrx_word' id='word_1_173' title='bbox 3527 1119 3765 1173; x_wconf 84' lang='grc' dir='ltr'><strong>ἀνούσια</strong></span> 
     </span>
    </p>
   </div>
   <div class='ocr_carea' id='block_1_25' title="bbox 2172 1210 3767 1285">
    <p class='ocr_par' dir='ltr' id='par_1_25' title="bbox 2172 1210 3767 1285">
     <span class='ocr_line' id='line_1_25' title="bbox 2172 1210 3767 1285; baseline -0.004 -16"><span class='ocrx_word' id='word_1_174' title='bbox 2172 1213 2629 1284; x_wconf 79' lang='grc' dir='ltr'><strong>κατακρατοῦντα</strong></span> <span class='ocrx_word' id='word_1_175' title='bbox 2674 1214 2776 1285; x_wconf 83' lang='grc' dir='ltr'><strong>τῆς</strong></span> <span class='ocrx_word' id='word_1_176' title='bbox 2826 1213 3037 1276; x_wconf 92' lang='grc' dir='ltr'><strong>οὐσίας,</strong></span> <span class='ocrx_word' id='word_1_177' title='bbox 3069 1211 3164 1264; x_wconf 76' lang='grc' dir='ltr'><strong>καὶ</strong></span> <span class='ocrx_word' id='word_1_178' title='bbox 3190 1210 3390 1264; x_wconf 81' lang='grc' dir='ltr'><strong>οὐσιῶν</strong></span> <span class='ocrx_word' id='word_1_179' title='bbox 3415 1212 3585 1278; x_wconf 78' lang='grc' dir='ltr'><strong>αἴτια,</strong></span> <span class='ocrx_word' id='word_1_180' title='bbox 3617 1213 3767 1282; x_wconf 82' lang='grc' dir='ltr'><strong>ὅπερ</strong></span> 
     </span>
    </p>
   </div>
   <div class='ocr_carea' id='block_1_26' title="bbox 2173 1306 2457 1359">
    <p class='ocr_par' dir='ltr' id='par_1_26' title="bbox 2173 1306 2457 1359">
     <span class='ocr_line' id='line_1_26' title="bbox 2173 1306 2457 1359; baseline 0 0"><span class='ocrx_word' id='word_1_181' title='bbox 2173 1306 2457 1359; x_wconf 85' lang='grc' dir='ltr'><strong>ἀδύνατον.</strong></span> 
     </span>
    </p>
   </div>
   <div class='ocr_carea' id='block_1_27' title="bbox 2757 1411 3166 1466">
    <p class='ocr_par' dir='ltr' id='par_1_27' title="bbox 2757 1411 3166 1466">
     <span class='ocr_line' id='line_1_27' title="bbox 2757 1411 3166 1466; baseline -0.002 0"><span class='ocrx_word' id='word_1_182' title='bbox 2757 1411 3010 1466; x_wconf 74' lang='grc' dir='ltr'><strong>ΚΕΦᾹΛ.</strong></span> <span class='ocrx_word' id='word_1_183' title='bbox 3044 1411 3166 1465; x_wconf 82' lang='lat' dir='ltr'><strong>AI&quot;.</strong></span> 
     </span>
    </p>
   </div>
   <div class='ocr_carea' id='block_1_28' title="bbox 2243 1525 3767 1599">
    <p class='ocr_par' dir='ltr' id='par_1_28' title="bbox 2243 1525 3767 1599">
     <span class='ocr_line' id='line_1_28' title="bbox 2243 1525 3767 1599; baseline 0 -18"><span class='ocrx_word' id='word_1_184' title='bbox 2243 1529 2307 1582; x_wconf 86' lang='grc' dir='ltr'><strong>Εί</strong></span> <span class='ocrx_word' id='word_1_185' title='bbox 2337 1526 2543 1599; x_wconf 79' lang='grc' dir='ltr'><strong>κυρίως</strong></span> <span class='ocrx_word' id='word_1_186' title='bbox 2600 1527 2694 1580; x_wconf 74' lang='grc' dir='ltr'><strong>καί</strong></span> <span class='ocrx_word' id='word_1_187' title='bbox 2748 1528 2892 1580; x_wconf 79' lang='grc' dir='ltr'><strong>κατὰ</strong></span> <span class='ocrx_word' id='word_1_188' title='bbox 2946 1526 3202 1598; x_wconf 83' lang='grc' dir='ltr'><strong>ἀλήθειαν</strong></span> <span class='ocrx_word' id='word_1_189' title='bbox 3238 1525 3504 1597; x_wconf 78' lang='grc' dir='ltr'><strong>ἐγεννήθη</strong></span> <span class='ocrx_word' id='word_1_190' title='bbox 3545 1528 3575 1580; x_wconf 90' lang='grc' dir='ltr'><strong>ὁ</strong></span> <span class='ocrx_word' id='word_1_191' title='bbox 3623 1527 3767 1592; x_wconf 79' lang='grc' dir='ltr'><strong>Θεδς</strong></span> 
     </span>
    </p>
   </div>
   <div class='ocr_carea' id='block_1_29' title="bbox 2172 1618 3765 1689">
    <p class='ocr_par' dir='ltr' id='par_1_29' title="bbox 2172 1618 3765 1689">
     <span class='ocr_line' id='line_1_29' title="bbox 2172 1618 3765 1689; baseline -0.002 -14"><span class='ocrx_word' id='word_1_192' title='bbox 2172 1620 2346 1689; x_wconf 81' lang='grc' dir='ltr'><strong>Λόγος</strong></span> <span class='ocrx_word' id='word_1_193' title='bbox 2380 1621 2443 1672; x_wconf 84' lang='grc' dir='ltr'><strong>ἐκ</strong></span> <span class='ocrx_word' id='word_1_194' title='bbox 2476 1620 2573 1687; x_wconf 83' lang='grc' dir='ltr'><strong>τῆς</strong></span> <span class='ocrx_word' id='word_1_195' title='bbox 2604 1618 2904 1689; x_wconf 77' lang='grc' dir='ltr'><strong>Παρθένου,</strong></span> <span class='ocrx_word' id='word_1_196' title='bbox 2937 1619 3033 1673; x_wconf 71' lang='grc' dir='ltr'><strong>καί⁷</strong></span> <span class='ocrx_word' id='word_1_197' title='bbox 3087 1620 3236 1673; x_wconf 77' lang='grc' dir='ltr'><strong>ἐστιν</strong></span> <span class='ocrx_word' id='word_1_198' title='bbox 3288 1618 3430 1689; x_wconf 86' lang='grc' dir='ltr'><strong>αῦτη</strong></span> <span class='ocrx_word' id='word_1_199' title='bbox 3477 1619 3765 1689; x_wconf 78' lang='grc' dir='ltr'><strong>ἀνόμοιος,</strong></span> 
     </span>
    </p>
   </div>
   <div class='ocr_carea' id='block_1_30' title="bbox 2174 1708 3768 1780">
    <p class='ocr_par' dir='ltr' id='par_1_30' title="bbox 2174 1708 3768 1780">
     <span class='ocr_line' id='line_1_30' title="bbox 2174 1708 3768 1780; baseline -0.001 -17"><span class='ocrx_word' id='word_1_200' title='bbox 2174 1711 2269 1763; x_wconf 74' lang='grc' dir='ltr'><strong>καὶ</strong></span> <span class='ocrx_word' id='word_1_201' title='bbox 2301 1709 2505 1780; x_wconf 77' lang='grc' dir='ltr'><strong>κυρίως</strong></span> <span class='ocrx_word' id='word_1_202' title='bbox 2543 1710 2636 1762; x_wconf 72' lang='grc' dir='ltr'><strong>καὶ</strong></span> <span class='ocrx_word' id='word_1_203' title='bbox 2665 1708 2807 1760; x_wconf 79' lang='grc' dir='ltr'><strong>κατὰ</strong></span> <span class='ocrx_word' id='word_1_204' title='bbox 2836 1708 3095 1778; x_wconf 77' lang='grc' dir='ltr'><strong>ἀλήθειαν</strong></span> <span class='ocrx_word' id='word_1_205' title='bbox 3130 1708 3396 1778; x_wconf 84' lang='grc' dir='ltr'><strong>ἐγεννήθη</strong></span> <span class='ocrx_word' id='word_1_206' title='bbox 3429 1709 3458 1761; x_wconf 98' lang='lat'><strong>6</strong></span> <span class='ocrx_word' id='word_1_207' title='bbox 3504 1709 3670 1772; x_wconf 69' lang='grc' dir='ltr'><strong>αὐτὸς</strong></span> <span class='ocrx_word' id='word_1_208' title='bbox 3698 1713 3768 1762; x_wconf 80' lang='grc' dir='ltr'><strong>ἐκ</strong></span> 
     </span>
    </p>
   </div>
   <div class='ocr_carea' id='block_1_31' title="bbox 492 1793 2080 1884">
    <p class='ocr_par' dir='ltr' id='par_1_31' title="bbox 492 1813 2072 1884">
     <span class='ocr_line' id='line_1_31' title="bbox 492 1813 2072 1884; baseline -0.007 -8"><span class='ocrx_word' id='word_1_209' title='bbox 492 1822 656 1877; x_wconf 84' lang='lat' dir='ltr'><strong>etiam</strong></span> <span class='ocrx_word' id='word_1_210' title='bbox 706 1818 851 1875; x_wconf 84' lang='lat' dir='ltr'><strong>Patri</strong></span> <span class='ocrx_word' id='word_1_211' title='bbox 899 1816 1239 1879; x_wconf 88' lang='lat' dir='ltr'><strong>absimilem,</strong></span> <span class='ocrx_word' id='word_1_212' title='bbox 1270 1830 1450 1883; x_wconf 86' lang='lat' dir='ltr'><strong>neque</strong></span> <span class='ocrx_word' id='word_1_213' title='bbox 1489 1813 1947 1884; x_wconf 78' lang='lat' dir='ltr'><strong>generationibus</strong></span> <span class='ocrx_word' id='word_1_214' title='bbox 1982 1827 2072 1866; x_wconf 89' lang='lat' dir='ltr'><strong>se-</strong></span> 
     </span>
    </p>
   </div>
   <div class='ocr_carea' id='block_1_32' title="bbox 2179 1793 3765 1884">
    <p class='ocr_par' dir='ltr' id='par_1_32' title="bbox 2179 1793 3765 1871">
     <span class='ocr_line' id='line_1_32' title="bbox 2179 1793 3765 1871; baseline -0.001 -18"><span class='ocrx_word' id='word_1_215' title='bbox 2179 1801 2409 1871; x_wconf 86' lang='grc' dir='ltr'><strong>Πατρὺς,</strong></span> <span class='ocrx_word' id='word_1_216' title='bbox 2432 1800 2484 1852; x_wconf 87' lang='grc' dir='ltr'><strong>τί</strong></span> <span class='ocrx_word' id='word_1_217' title='bbox 2509 1798 2706 1852; x_wconf 86' lang='grc' dir='ltr'><strong>κωλύει</strong></span> <span class='ocrx_word' id='word_1_218' title='bbox 2728 1793 2864 1853; x_wconf 79' lang='grc' dir='ltr'><strong>εἶναι</strong></span> <span class='ocrx_word' id='word_1_219' title='bbox 2880 1800 3039 1852; x_wconf 83' lang='grc' dir='ltr'><strong>αὐτὸν</strong></span> <span class='ocrx_word' id='word_1_220' title='bbox 3060 1801 3155 1854; x_wconf 75' lang='grc' dir='ltr'><strong>καὶ</strong></span> <span class='ocrx_word' id='word_1_221' title='bbox 3180 1798 3259 1870; x_wconf 86' lang='grc' dir='ltr'><strong>τῷ</strong></span> <span class='ocrx_word' id='word_1_222' title='bbox 3285 1800 3458 1871; x_wconf 79' lang='grc' dir='ltr'><strong>Πατρὶ</strong></span> <span class='ocrx_word' id='word_1_223' title='bbox 3480 1800 3765 1870; x_wconf 77' lang='grc' dir='ltr'><strong>ἀνόμοιον,</strong></span> 
     </span>
    </p>
   </div>
   <div class='ocr_carea' id='block_1_33' title="bbox 492 1905 2075 1981">
    <p class='ocr_par' dir='ltr' id='par_1_33' title="bbox 492 1905 2075 1981">
     <span class='ocr_line' id='line_1_33' title="bbox 492 1905 2075 1981; baseline -0.006 -14"><span class='ocrx_word' id='word_1_224' title='bbox 492 1913 736 1968; x_wconf 86' lang='lat' dir='ltr'><strong>eundum</strong></span> <span class='ocrx_word' id='word_1_225' title='bbox 760 1911 1003 1981; x_wconf 88' lang='lat' dir='ltr'><strong>speciem</strong></span> <span class='ocrx_word' id='word_1_226' title='bbox 1030 1908 1440 1972; x_wconf 76' lang='lat' dir='ltr'><strong>diﬂcrentibus,</strong></span> <span class='ocrx_word' id='word_1_227' title='bbox 1468 1922 1646 1975; x_wconf 88' lang='lat' dir='ltr'><strong>neque</strong></span> <span class='ocrx_word' id='word_1_228' title='bbox 1673 1906 1859 1976; x_wconf 90' lang='lat' dir='ltr'><strong>genito</strong></span> <span class='ocrx_word' id='word_1_229' title='bbox 1877 1905 2075 1959; x_wconf 87' lang='lat' dir='ltr'><strong>simul?</strong></span> 
     </span>
    </p>
   </div>
   <div class='ocr_carea' id='block_1_34' title="bbox 494 1996 2073 2069">
    <p class='ocr_par' dir='ltr' id='par_1_34' title="bbox 494 1996 2073 2069">
     <span class='ocr_line' id='line_1_34' title="bbox 494 1996 2073 2069; baseline -0.004 -12"><span class='ocrx_word' id='word_1_230' title='bbox 494 2002 709 2057; x_wconf 80' lang='lat' dir='ltr'><strong>Etenim</strong></span> <span class='ocrx_word' id='word_1_231' title='bbox 762 2002 807 2055; x_wconf 90' lang='lat' dir='ltr'><strong>si</strong></span> <span class='ocrx_word' id='word_1_232' title='bbox 845 2000 1025 2069; x_wconf 90' lang='lat' dir='ltr'><strong>reipsa</strong></span> <span class='ocrx_word' id='word_1_233' title='bbox 1058 1998 1445 2069; x_wconf 88' lang='lat' dir='ltr'><strong>generationes</strong></span> <span class='ocrx_word' id='word_1_234' title='bbox 1479 1998 1785 2052; x_wconf 90' lang='lat' dir='ltr'><strong>secundum</strong></span> <span class='ocrx_word' id='word_1_235' title='bbox 1831 1996 2073 2067; x_wconf 90' lang='lat' dir='ltr'><strong>speciem</strong></span> 
     </span>
    </p>
   </div>
   <div class='ocr_carea' id='block_1_35' title="bbox 492 2088 2075 2161">
    <p class='ocr_par' dir='ltr' id='par_1_35' title="bbox 492 2088 2075 2161">
     <span class='ocr_line' id='line_1_35' title="bbox 492 2088 2075 2161; baseline -0.004 -14"><span class='ocrx_word' id='word_1_236' title='bbox 492 2110 603 2147; x_wconf 90' lang='lat' dir='ltr'><strong>non</strong></span> <span class='ocrx_word' id='word_1_237' title='bbox 648 2092 931 2156; x_wconf 71' lang='lat' dir='ltr'><strong>diﬂ‘crunt,</strong></span> <span class='ocrx_word' id='word_1_238' title='bbox 984 2098 1041 2144; x_wconf 90' lang='lat' dir='ltr'><strong>et</strong></span> <span class='ocrx_word' id='word_1_239' title='bbox 1091 2091 1337 2144; x_wconf 86' lang='lat' dir='ltr'><strong>totalitas</strong></span> <span class='ocrx_word' id='word_1_240' title='bbox 1370 2089 1542 2161; x_wconf 86' lang='lat' dir='ltr'><strong>geniti</strong></span> <span class='ocrx_word' id='word_1_241' title='bbox 1592 2089 1788 2143; x_wconf 90' lang='lat' dir='ltr'><strong>eodem</strong></span> <span class='ocrx_word' id='word_1_242' title='bbox 1822 2088 1987 2142; x_wconf 91' lang='lat' dir='ltr'><strong>modo</strong></span> <span class='ocrx_word' id='word_1_243' title='bbox 2016 2102 2075 2142; x_wconf 88' lang='lat' dir='ltr'><strong>se</strong></span> 
     </span>
    </p>
   </div>
   <div class='ocr_carea' id='block_1_36' title="bbox 495 2181 2075 2253">
    <p class='ocr_par' dir='ltr' id='par_1_36' title="bbox 495 2181 2075 2253">
     <span class='ocr_line' id='line_1_36' title="bbox 495 2181 2075 2253; baseline -0.004 -14"><span class='ocrx_word' id='word_1_244' title='bbox 495 2186 661 2239; x_wconf 81' lang='lat' dir='ltr'><strong>habet</strong></span> <span class='ocrx_word' id='word_1_245' title='bbox 708 2186 761 2238; x_wconf 92' lang='lat' dir='ltr'><strong>in</strong></span> <span class='ocrx_word' id='word_1_246' title='bbox 795 2193 1027 2252; x_wconf 86' lang='lat' dir='ltr'><strong>utraque</strong></span> <span class='ocrx_word' id='word_1_247' title='bbox 1063 2183 1440 2253; x_wconf 82' lang='lat' dir='ltr'><strong>generatione,</strong></span> <span class='ocrx_word' id='word_1_248' title='bbox 1481 2181 1591 2234; x_wconf 88' lang='lat' dir='ltr'><strong>vim</strong></span> <span class='ocrx_word' id='word_1_249' title='bbox 1630 2182 1797 2235; x_wconf 73' lang='lat' dir='ltr'><strong>habet</strong></span> <span class='ocrx_word' id='word_1_250' title='bbox 1829 2190 2075 2235; x_wconf 89' lang='lat' dir='ltr'><strong>vestrum</strong></span> 
     </span>
    </p>
   </div>
   <div class='ocr_carea' id='block_1_37' title="bbox 494 2272 2077 2345">
    <p class='ocr_par' dir='ltr' id='par_1_37' title="bbox 494 2272 2077 2345">
     <span class='ocr_line' id='line_1_37' title="bbox 494 2272 2077 2345; baseline -0.003 -17"><span class='ocrx_word' id='word_1_251' title='bbox 494 2284 879 2345; x_wconf 81' lang='lat' dir='ltr'><strong>argumentum</strong></span> <span class='ocrx_word' id='word_1_252' title='bbox 916 2291 928 2323; x_wconf 92' lang='lat'><strong>:</strong></span> <span class='ocrx_word' id='word_1_253' title='bbox 964 2288 1089 2326; x_wconf 92' lang='lat' dir='ltr'><strong>cum</strong></span> <span class='ocrx_word' id='word_1_254' title='bbox 1122 2273 1247 2327; x_wconf 88' lang='lat' dir='ltr'><strong>talis</strong></span> <span class='ocrx_word' id='word_1_255' title='bbox 1272 2274 1344 2327; x_wconf 90' lang='lat' dir='ltr'><strong>sit</strong></span> <span class='ocrx_word' id='word_1_256' title='bbox 1368 2272 1787 2343; x_wconf 89' lang='lat' dir='ltr'><strong>generationum</strong></span> <span class='ocrx_word' id='word_1_257' title='bbox 1817 2272 2077 2325; x_wconf 79' lang='lat' dir='ltr'><strong>diﬂ&#39;eren-</strong></span> 
     </span>
    </p>
   </div>
   <div class='ocr_carea' id='block_1_38' title="bbox 496 2360 2075 2431">
    <p class='ocr_par' dir='ltr' id='par_1_38' title="bbox 496 2360 2075 2431">
     <span class='ocr_line' id='line_1_38' title="bbox 496 2360 2075 2431; baseline -0.005 -12"><span class='ocrx_word' id='word_1_258' title='bbox 496 2367 591 2427; x_wconf 89' lang='lat' dir='ltr'><strong>tia,</strong></span> <span class='ocrx_word' id='word_1_259' title='bbox 636 2373 695 2417; x_wconf 91' lang='lat' dir='ltr'><strong>ut</strong></span> <span class='ocrx_word' id='word_1_260' title='bbox 744 2380 851 2417; x_wconf 91' lang='lat' dir='ltr'><strong>una</strong></span> <span class='ocrx_word' id='word_1_261' title='bbox 898 2373 1105 2417; x_wconf 66' lang='lat' dir='ltr'><strong>mterna</strong></span> <span class='ocrx_word' id='word_1_262' title='bbox 1151 2362 1517 2431; x_wconf 84' lang='lat' dir='ltr'><strong>intelligatur,</strong></span> <span class='ocrx_word' id='word_1_263' title='bbox 1552 2361 1726 2414; x_wconf 90' lang='lat' dir='ltr'><strong>altera</strong></span> <span class='ocrx_word' id='word_1_264' title='bbox 1756 2375 1887 2413; x_wconf 88' lang='lat' dir='ltr'><strong>vero</strong></span> <span class='ocrx_word' id='word_1_265' title='bbox 1919 2360 2075 2428; x_wconf 91' lang='lat' dir='ltr'><strong>prin-</strong></span> 
     </span>
    </p>
   </div>
   <div class='ocr_carea' id='block_1_39' title="bbox 495 2450 2074 2524">
    <p class='ocr_par' dir='ltr' id='par_1_39' title="bbox 495 2450 2074 2524">
     <span class='ocr_line' id='line_1_39' title="bbox 495 2450 2074 2524; baseline -0.003 -16"><span class='ocrx_word' id='word_1_266' title='bbox 495 2456 699 2524; x_wconf 88' lang='lat' dir='ltr'><strong>cipium</strong></span> <span class='ocrx_word' id='word_1_267' title='bbox 746 2454 989 2517; x_wconf 86' lang='lat' dir='ltr'><strong>habens;</strong></span> <span class='ocrx_word' id='word_1_268' title='bbox 1029 2467 1137 2505; x_wconf 90' lang='lat' dir='ltr'><strong>una</strong></span> <span class='ocrx_word' id='word_1_269' title='bbox 1172 2450 1560 2519; x_wconf 91' lang='lat' dir='ltr'><strong>incorporalis,</strong></span> <span class='ocrx_word' id='word_1_270' title='bbox 1593 2451 1762 2505; x_wconf 87' lang='lat' dir='ltr'><strong>altera</strong></span> <span class='ocrx_word' id='word_1_271' title='bbox 1799 2459 1984 2503; x_wconf 89' lang='lat' dir='ltr'><strong>autem</strong></span> <span class='ocrx_word' id='word_1_272' title='bbox 2019 2450 2074 2503; x_wconf 91' lang='lat' dir='ltr'><strong>in</strong></span> 
     </span>
    </p>
   </div>
   <div class='ocr_carea' id='block_1_40' title="bbox 497 2544 2079 2614">
    <p class='ocr_par' dir='ltr' id='par_1_40' title="bbox 497 2544 2079 2614">
     <span class='ocr_line' id='line_1_40' title="bbox 497 2544 2079 2614; baseline -0.002 -16"><span class='ocrx_word' id='word_1_273' title='bbox 497 2562 760 2614; x_wconf 83' lang='lat' dir='ltr'><strong>corpore;</strong></span> <span class='ocrx_word' id='word_1_274' title='bbox 805 2560 911 2597; x_wconf 90' lang='lat' dir='ltr'><strong>una</strong></span> <span class='ocrx_word' id='word_1_275' title='bbox 952 2544 1071 2597; x_wconf 89' lang='lat' dir='ltr'><strong>sine</strong></span> <span class='ocrx_word' id='word_1_276' title='bbox 1096 2544 1443 2604; x_wconf 77' lang='lat' dir='ltr'><strong>extensione,</strong></span> <span class='ocrx_word' id='word_1_277' title='bbox 1486 2544 1659 2596; x_wconf 90' lang='lat' dir='ltr'><strong>altera</strong></span> <span class='ocrx_word' id='word_1_278' title='bbox 1710 2558 1845 2596; x_wconf 87' lang='lat' dir='ltr'><strong>vero</strong></span> <span class='ocrx_word' id='word_1_279' title='bbox 1886 2551 2079 2595; x_wconf 84' lang='lat' dir='ltr'><strong>exten-</strong></span> 
     </span>
    </p>
   </div>
   <div class='ocr_carea' id='block_1_41' title="bbox 497 2634 2078 2703">
    <p class='ocr_par' dir='ltr' id='par_1_41' title="bbox 497 2634 2078 2703">
     <span class='ocr_line' id='line_1_41' title="bbox 497 2634 2078 2703; baseline -0.001 -14"><span class='ocrx_word' id='word_1_280' title='bbox 497 2637 709 2689; x_wconf 88' lang='lat' dir='ltr'><strong>siouem</strong></span> <span class='ocrx_word' id='word_1_281' title='bbox 752 2636 995 2700; x_wconf 86' lang='lat' dir='ltr'><strong>habens;</strong></span> <span class='ocrx_word' id='word_1_282' title='bbox 1034 2649 1145 2687; x_wconf 91' lang='lat' dir='ltr'><strong>uno</strong></span> <span class='ocrx_word' id='word_1_283' title='bbox 1172 2634 1342 2688; x_wconf 89' lang='lat' dir='ltr'><strong>verbo</strong></span> <span class='ocrx_word' id='word_1_284' title='bbox 1370 2634 1487 2687; x_wconf 65' lang='lat' dir='ltr'><strong>ham</strong></span> <span class='ocrx_word' id='word_1_285' title='bbox 1528 2634 1665 2687; x_wconf 90' lang='lat' dir='ltr'><strong>meri</strong></span> <span class='ocrx_word' id='word_1_286' title='bbox 1714 2642 1769 2688; x_wconf 91' lang='lat' dir='ltr'><strong>et</strong></span> <span class='ocrx_word' id='word_1_287' title='bbox 1810 2634 2078 2703; x_wconf 86' lang='lat' dir='ltr'><strong>simplicis</strong></span> 
     </span>
    </p>
   </div>
   <div class='ocr_carea' id='block_1_42' title="bbox 496 2724 2079 2793">
    <p class='ocr_par' dir='ltr' id='par_1_42' title="bbox 496 2724 2079 2793">
     <span class='ocr_line' id='line_1_42' title="bbox 496 2724 2079 2793; baseline -0.002 -12"><span class='ocrx_word' id='word_1_288' title='bbox 496 2729 684 2789; x_wconf 78' lang='lat' dir='ltr'><strong>Verbi,</strong></span> <span class='ocrx_word' id='word_1_289' title='bbox 726 2728 816 2780; x_wconf 87' lang='lat' dir='ltr'><strong>illa</strong></span> <span class='ocrx_word' id='word_1_290' title='bbox 849 2734 1031 2779; x_wconf 88' lang='lat' dir='ltr'><strong>autem</strong></span> <span class='ocrx_word' id='word_1_291' title='bbox 1085 2725 1293 2779; x_wconf 87' lang='lat' dir='ltr'><strong>Christi</strong></span> <span class='ocrx_word' id='word_1_292' title='bbox 1341 2725 1631 2793; x_wconf 88' lang='lat' dir='ltr'><strong>compositi</strong></span> <span class='ocrx_word' id='word_1_293' title='bbox 1669 2740 1825 2790; x_wconf 90' lang='lat' dir='ltr'><strong>esse;</strong></span> <span class='ocrx_word' id='word_1_294' title='bbox 1877 2733 1933 2777; x_wconf 92' lang='lat' dir='ltr'><strong>et</strong></span> <span class='ocrx_word' id='word_1_295' title='bbox 1964 2724 2079 2779; x_wconf 71' lang='lat' dir='ltr'><strong>lucc</strong></span> 
     </span>
    </p>
   </div>
   <div class='ocr_carea' id='block_1_43' title="bbox 498 2816 2075 2887">
    <p class='ocr_par' dir='ltr' id='par_1_43' title="bbox 498 2816 2075 2887">
     <span class='ocr_line' id='line_1_43' title="bbox 498 2816 2075 2887; baseline -0.003 -14"><span class='ocrx_word' id='word_1_296' title='bbox 498 2819 722 2887; x_wconf 84' lang='lat' dir='ltr'><strong>quidem</strong></span> <span class='ocrx_word' id='word_1_297' title='bbox 766 2818 885 2872; x_wconf 90' lang='lat' dir='ltr'><strong>sine</strong></span> <span class='ocrx_word' id='word_1_298' title='bbox 920 2818 1250 2887; x_wconf 87' lang='lat' dir='ltr'><strong>gestatione,</strong></span> <span class='ocrx_word' id='word_1_299' title='bbox 1300 2816 1391 2869; x_wconf 89' lang='lat' dir='ltr'><strong>illa</strong></span> <span class='ocrx_word' id='word_1_300' title='bbox 1441 2827 1624 2871; x_wconf 86' lang='lat' dir='ltr'><strong>autem</strong></span> <span class='ocrx_word' id='word_1_301' title='bbox 1654 2832 1721 2870; x_wconf 81' lang='lat' dir='ltr'><strong>ex</strong></span> <span class='ocrx_word' id='word_1_302' title='bbox 1748 2818 2075 2886; x_wconf 88' lang='lat' dir='ltr'><strong>gestatione,</strong></span> 
     </span>
    </p>
   </div>
   <div class='ocr_carea' id='block_1_44' title="bbox 498 2906 2081 2979">
    <p class='ocr_par' dir='ltr' id='par_1_44' title="bbox 498 2906 2081 2979">
     <span class='ocr_line' id='line_1_44' title="bbox 498 2906 2081 2979; baseline -0.003 -16"><span class='ocrx_word' id='word_1_303' title='bbox 498 2910 731 2979; x_wconf 88' lang='lat' dir='ltr'><strong>aliisque</strong></span> <span class='ocrx_word' id='word_1_304' title='bbox 788 2909 937 2963; x_wconf 90' lang='lat' dir='ltr'><strong>mille</strong></span> <span class='ocrx_word' id='word_1_305' title='bbox 971 2906 1523 2962; x_wconf 89' lang='lat' dir='ltr'><strong>dissimilitudinibus</strong></span> <span class='ocrx_word' id='word_1_306' title='bbox 1566 2906 1907 2971; x_wconf 77' lang='lat' dir='ltr'><strong>diﬂerentes,</strong></span> <span class='ocrx_word' id='word_1_307' title='bbox 1944 2922 2081 2976; x_wconf 88' lang='lat' dir='ltr'><strong>quo-</strong></span> 
     </span>
    </p>
   </div>
   <div class='ocr_carea' id='block_1_45' title="bbox 501 2996 2081 3069">
    <p class='ocr_par' dir='ltr' id='par_1_45' title="bbox 501 2996 2081 3069">
     <span class='ocr_line' id='line_1_45' title="bbox 501 2996 2081 3069; baseline -0.002 -15"><span class='ocrx_word' id='word_1_308' title='bbox 501 3000 688 3063; x_wconf 90' lang='lat' dir='ltr'><strong>modo,</strong></span> <span class='ocrx_word' id='word_1_309' title='bbox 712 2999 904 3065; x_wconf 89' lang='lat' dir='ltr'><strong>dicite,</strong></span> <span class='ocrx_word' id='word_1_310' title='bbox 934 3014 1142 3069; x_wconf 83' lang='lat' dir='ltr'><strong>quaeso,</strong></span> <span class='ocrx_word' id='word_1_311' title='bbox 1178 2998 1509 3053; x_wconf 90' lang='lat' dir='ltr'><strong>concluditis</strong></span> <span class='ocrx_word' id='word_1_312' title='bbox 1548 2996 1604 3052; x_wconf 92' lang='lat' dir='ltr'><strong>in</strong></span> <span class='ocrx_word' id='word_1_313' title='bbox 1652 3006 1885 3067; x_wconf 89' lang='lat' dir='ltr'><strong>utraque</strong></span> <span class='ocrx_word' id='word_1_314' title='bbox 1917 3013 2081 3067; x_wconf 87' lang='lat' dir='ltr'><strong>gene-</strong></span> 
     </span>
    </p>
   </div>
   <div class='ocr_carea' id='block_1_46' title="bbox 501 3084 2079 3160">
    <p class='ocr_par' dir='ltr' id='par_1_46' title="bbox 501 3084 2079 3160">
     <span class='ocr_line' id='line_1_46' title="bbox 501 3084 2079 3160; baseline -0.005 -15"><span class='ocrx_word' id='word_1_315' title='bbox 501 3091 782 3145; x_wconf 87' lang='lat' dir='ltr'><strong>rationum</strong></span> <span class='ocrx_word' id='word_1_316' title='bbox 828 3090 1076 3160; x_wconf 84' lang='lat' dir='ltr'><strong>ejusdem</strong></span> <span class='ocrx_word' id='word_1_317' title='bbox 1110 3088 1278 3142; x_wconf 90' lang='lat' dir='ltr'><strong>unius</strong></span> <span class='ocrx_word' id='word_1_318' title='bbox 1312 3087 1408 3141; x_wconf 85' lang='lat' dir='ltr'><strong>ﬁlii</strong></span> <span class='ocrx_word' id='word_1_319' title='bbox 1453 3102 1482 3140; x_wconf 90' lang='lat' dir='ltr'><strong>a</strong></span> <span class='ocrx_word' id='word_1_320' title='bbox 1507 3085 1829 3155; x_wconf 90' lang='lat' dir='ltr'><strong>parentibus</strong></span> <span class='ocrx_word' id='word_1_321' title='bbox 1857 3084 2079 3139; x_wconf 84' lang='lat' dir='ltr'><strong>absimi—</strong></span> 
     </span>
    </p>
   </div>
   <div class='ocr_carea' id='block_1_47' title="bbox 2177 1888 3769 1965">
    <p class='ocr_par' dir='ltr' id='par_1_47' title="bbox 2177 1888 3769 1965">
     <span class='ocr_line' id='line_1_47' title="bbox 2177 1888 3769 1965; baseline 0.001 -21"><span class='ocrx_word' id='word_1_322' title='bbox 2177 1895 2314 1963; x_wconf 83' lang='grc' dir='ltr'><strong>μήτε</strong></span> <span class='ocrx_word' id='word_1_323' title='bbox 2325 1892 2432 1944; x_wconf 90' lang='grc' dir='ltr'><strong>τῶν</strong></span> <span class='ocrx_word' id='word_1_324' title='bbox 2452 1894 2758 1963; x_wconf 78' lang='grc' dir='ltr'><strong>γεννήσεων</strong></span> <span class='ocrx_word' id='word_1_325' title='bbox 2782 1892 2899 1944; x_wconf 83' lang='grc' dir='ltr'><strong>κατ’</strong></span> <span class='ocrx_word' id='word_1_326' title='bbox 2925 1888 3061 1957; x_wconf 81' lang='grc' dir='ltr'><strong>εἶδος</strong></span> <span class='ocrx_word' id='word_1_327' title='bbox 3086 1892 3607 1962; x_wconf 84' lang='grc' dir='ltr'><strong>παραλλαττουσῶν,</strong></span> <span class='ocrx_word' id='word_1_328' title='bbox 3621 1894 3769 1965; x_wconf 83' lang='grc' dir='ltr'><strong>μήτε</strong></span> 
     </span>
    </p>
   </div>
   <div class='ocr_carea' id='block_1_48' title="bbox 2172 1983 3769 2057">
    <p class='ocr_par' dir='ltr' id='par_1_48' title="bbox 2172 1983 3769 2057">
     <span class='ocr_line' id='line_1_48' title="bbox 2172 1983 3769 2057; baseline 0.002 -20"><span class='ocrx_word' id='word_1_329' title='bbox 2172 1984 2268 2037; x_wconf 90' lang='grc' dir='ltr'><strong>τοῦ</strong></span> <span class='ocrx_word' id='word_1_330' title='bbox 2292 1985 2634 2054; x_wconf 81' lang='grc' dir='ltr'><strong>γεννωμένου</strong></span> <span class='ocrx_word' id='word_1_331' title='bbox 2659 1983 2944 2051; x_wconf 78' lang='grc' dir='ltr'><strong>καθάπαξς</strong></span> <span class='ocrx_word' id='word_1_332' title='bbox 2975 1986 3087 2038; x_wconf 68' lang='grc' dir='ltr'><strong>Καί⁵</strong></span> <span class='ocrx_word' id='word_1_333' title='bbox 3129 1985 3239 2057; x_wconf 78' lang='grc' dir='ltr'><strong>γὰρ</strong></span> <span class='ocrx_word' id='word_1_334' title='bbox 3292 1986 3339 2038; x_wconf 86' lang='grc' dir='ltr'><strong>εί</strong></span> <span class='ocrx_word' id='word_1_335' title='bbox 3369 1985 3468 2056; x_wconf 82' lang='grc' dir='ltr'><strong>μὲν</strong></span> <span class='ocrx_word' id='word_1_336' title='bbox 3500 1986 3674 2049; x_wconf 77' lang='grc' dir='ltr'><strong>ὅντως</strong></span> <span class='ocrx_word' id='word_1_337' title='bbox 3704 1988 3769 2040; x_wconf 73' lang='grc' dir='ltr'><strong>αἱ</strong></span> 
     </span>
    </p>
   </div>
   <div class='ocr_carea' id='block_1_49' title="bbox 2174 2068 3768 2149">
    <p class='ocr_par' dir='ltr' id='par_1_49' title="bbox 2174 2068 3768 2149">
     <span class='ocr_line' id='line_1_49' title="bbox 2174 2068 3768 2149; baseline 0.002 -20"><span class='ocrx_word' id='word_1_338' title='bbox 2174 2079 2455 2148; x_wconf 82' lang='grc' dir='ltr'><strong>γεννήσεις</strong></span> <span class='ocrx_word' id='word_1_339' title='bbox 2472 2079 2593 2131; x_wconf 76' lang='grc' dir='ltr'><strong>κατ’</strong></span> <span class='ocrx_word' id='word_1_340' title='bbox 2622 2073 2759 2140; x_wconf 75' lang='grc' dir='ltr'><strong>εἶδος</strong></span> <span class='ocrx_word' id='word_1_341' title='bbox 2792 2078 2853 2131; x_wconf 92' lang='grc' dir='ltr'><strong>οὐ</strong></span> <span class='ocrx_word' id='word_1_342' title='bbox 2882 2077 3282 2149; x_wconf 81' lang='grc' dir='ltr'><strong>παρήλλαττον,</strong></span> <span class='ocrx_word' id='word_1_343' title='bbox 3312 2079 3407 2131; x_wconf 70' lang='grc' dir='ltr'><strong>καὶ</strong></span> <span class='ocrx_word' id='word_1_344' title='bbox 3428 2078 3488 2132; x_wconf 82' lang='grc' dir='ltr'><strong>τὺ</strong></span> <span class='ocrx_word' id='word_1_345' title='bbox 3520 2078 3644 2132; x_wconf 80' lang='grc' dir='ltr'><strong>ὅλον</strong></span> <span class='ocrx_word' id='word_1_346' title='bbox 3663 2068 3768 2132; x_wconf 85' lang='grc' dir='ltr'><strong>τοῦ</strong></span> 
     </span>
    </p>
   </div>
   <div class='ocr_carea' id='block_1_50' title="bbox 2176 2166 3767 2244">
    <p class='ocr_par' dir='ltr' id='par_1_50' title="bbox 2176 2166 3767 2244">
     <span class='ocr_line' id='line_1_50' title="bbox 2176 2166 3767 2244; baseline 0.001 -21"><span class='ocrx_word' id='word_1_347' title='bbox 2176 2172 2515 2242; x_wconf 84' lang='grc' dir='ltr'><strong>γεννήματος</strong></span> <span class='ocrx_word' id='word_1_348' title='bbox 2559 2170 2821 2233; x_wconf 77' lang='grc' dir='ltr'><strong>ὡσαύτως</strong></span> <span class='ocrx_word' id='word_1_349' title='bbox 2883 2166 3031 2241; x_wconf 79' lang='grc' dir='ltr'><strong>εῖχεν</strong></span> <span class='ocrx_word' id='word_1_350' title='bbox 3081 2172 3141 2224; x_wconf 90' lang='grc' dir='ltr'><strong>ἐν</strong></span> <span class='ocrx_word' id='word_1_351' title='bbox 3197 2171 3438 2243; x_wconf 75' lang='grc' dir='ltr'><strong>ἑκατέρᾳ</strong></span> <span class='ocrx_word' id='word_1_352' title='bbox 3480 2173 3767 2244; x_wconf 86' lang='grc' dir='ltr'><strong>γεννήσει,</strong></span> 
     </span>
    </p>
   </div>
   <div class='ocr_carea' id='block_1_51' title="bbox 2180 2259 3766 2334">
    <p class='ocr_par' dir='ltr' id='par_1_51' title="bbox 2180 2259 3766 2334">
     <span class='ocr_line' id='line_1_51' title="bbox 2180 2259 3766 2334; baseline -0.001 -17"><span class='ocrx_word' id='word_1_353' title='bbox 2180 2264 2333 2333; x_wconf 85' lang='grc' dir='ltr'><strong>ίσχὺν</strong></span> <span class='ocrx_word' id='word_1_354' title='bbox 2366 2259 2512 2333; x_wconf 75' lang='grc' dir='ltr'><strong>εἶχεν</strong></span> <span class='ocrx_word' id='word_1_355' title='bbox 2549 2262 2616 2317; x_wconf 82' lang='grc' dir='ltr'><strong>ἂν</strong></span> <span class='ocrx_word' id='word_1_356' title='bbox 2658 2264 2788 2333; x_wconf 83' lang='grc' dir='ltr'><strong>ὑμῖν</strong></span> <span class='ocrx_word' id='word_1_357' title='bbox 2818 2263 2879 2316; x_wconf 79' lang='grc' dir='ltr'><strong>τὸ</strong></span> <span class='ocrx_word' id='word_1_358' title='bbox 2910 2263 3273 2334; x_wconf 76' lang='grc' dir='ltr'><strong>ἐπιχείρημα.</strong></span> <span class='ocrx_word' id='word_1_359' title='bbox 3308 2262 3536 2333; x_wconf 74' lang='grc' dir='ltr'><strong>Ἐπειδὴ</strong></span> <span class='ocrx_word' id='word_1_360' title='bbox 3572 2263 3633 2316; x_wconf 86' lang='grc' dir='ltr'><strong>δὲ</strong></span> <span class='ocrx_word' id='word_1_361' title='bbox 3664 2280 3766 2315; x_wconf 87' lang='grc' dir='ltr'><strong>το-</strong></span> 
     </span>
    </p>
   </div>
   <div class='ocr_carea' id='block_1_52' title="bbox 2178 2352 3769 2425">
    <p class='ocr_par' dir='ltr' id='par_1_52' title="bbox 2178 2352 3769 2425">
     <span class='ocr_line' id='line_1_52' title="bbox 2178 2352 3769 2425; baseline 0 -19"><span class='ocrx_word' id='word_1_362' title='bbox 2178 2354 2351 2424; x_wconf 87' lang='grc' dir='ltr'><strong>σαύτη</strong></span> <span class='ocrx_word' id='word_1_363' title='bbox 2380 2354 2487 2407; x_wconf 91' lang='grc' dir='ltr'><strong>τῶν</strong></span> <span class='ocrx_word' id='word_1_364' title='bbox 2511 2356 2822 2423; x_wconf 87' lang='grc' dir='ltr'><strong>γεννήσεων</strong></span> <span class='ocrx_word' id='word_1_365' title='bbox 2851 2356 2883 2422; x_wconf 83' lang='grc' dir='ltr'><strong>ή</strong></span> <span class='ocrx_word' id='word_1_366' title='bbox 2936 2353 3193 2425; x_wconf 73' lang='grc' dir='ltr'><strong>διαφορὰ,</strong></span> <span class='ocrx_word' id='word_1_367' title='bbox 3234 2355 3312 2415; x_wconf 85' lang='grc' dir='ltr'><strong>ὡς</strong></span> <span class='ocrx_word' id='word_1_368' title='bbox 3336 2353 3435 2424; x_wconf 79' lang='grc' dir='ltr'><strong>τὴν</strong></span> <span class='ocrx_word' id='word_1_369' title='bbox 3464 2352 3563 2424; x_wconf 86' lang='grc' dir='ltr'><strong>μὲν</strong></span> <span class='ocrx_word' id='word_1_370' title='bbox 3590 2353 3769 2407; x_wconf 73' lang='grc' dir='ltr'><strong>ἀΐδιον</strong></span> 
     </span>
    </p>
   </div>
   <div class='ocr_carea' id='block_1_53' title="bbox 2178 2446 3771 2517">
    <p class='ocr_par' dir='ltr' id='par_1_53' title="bbox 2178 2446 3771 2517">
     <span class='ocr_line' id='line_1_53' title="bbox 2178 2446 3771 2517; baseline 0 -16"><span class='ocrx_word' id='word_1_371' title='bbox 2178 2446 2436 2511; x_wconf 88' lang='grc' dir='ltr'><strong>νοεῖσθαι,</strong></span> <span class='ocrx_word' id='word_1_372' title='bbox 2502 2448 2603 2517; x_wconf 83' lang='grc' dir='ltr'><strong>τὴν</strong></span> <span class='ocrx_word' id='word_1_373' title='bbox 2638 2446 2694 2499; x_wconf 81' lang='grc' dir='ltr'><strong>δὲ</strong></span> <span class='ocrx_word' id='word_1_374' title='bbox 2724 2446 3067 2516; x_wconf 72' lang='grc' dir='ltr'><strong>ἀρχομένην*</strong></span> <span class='ocrx_word' id='word_1_375' title='bbox 3115 2446 3212 2499; x_wconf 76' lang='grc' dir='ltr'><strong>καὶ</strong></span> <span class='ocrx_word' id='word_1_376' title='bbox 3244 2446 3346 2514; x_wconf 82' lang='grc' dir='ltr'><strong>τὴν</strong></span> <span class='ocrx_word' id='word_1_377' title='bbox 3383 2446 3483 2514; x_wconf 83' lang='grc' dir='ltr'><strong>μὲν</strong></span> <span class='ocrx_word' id='word_1_378' title='bbox 3532 2446 3771 2516; x_wconf 82' lang='grc' dir='ltr'><strong>ἀσωμά-</strong></span> 
     </span>
    </p>
   </div>
   <div class='ocr_carea' id='block_1_54' title="bbox 2175 2537 3769 2609">
    <p class='ocr_par' dir='ltr' id='par_1_54' title="bbox 2175 2537 3769 2609">
     <span class='ocr_line' id='line_1_54' title="bbox 2175 2537 3769 2609; baseline 0.001 -19"><span class='ocrx_word' id='word_1_379' title='bbox 2175 2555 2306 2601; x_wconf 87' lang='grc' dir='ltr'><strong>τως,</strong></span> <span class='ocrx_word' id='word_1_380' title='bbox 2334 2537 2433 2608; x_wconf 86' lang='grc' dir='ltr'><strong>τὴν</strong></span> <span class='ocrx_word' id='word_1_381' title='bbox 2461 2537 2519 2591; x_wconf 80' lang='grc' dir='ltr'><strong>δὲ</strong></span> <span class='ocrx_word' id='word_1_382' title='bbox 2539 2539 2597 2590; x_wconf 85' lang='grc' dir='ltr'><strong>ἐν</strong></span> <span class='ocrx_word' id='word_1_383' title='bbox 2625 2537 2869 2607; x_wconf 80' lang='grc' dir='ltr'><strong>σώματιο</strong></span> <span class='ocrx_word' id='word_1_384' title='bbox 2896 2540 2990 2591; x_wconf 75' lang='grc' dir='ltr'><strong>καὶ</strong></span> <span class='ocrx_word' id='word_1_385' title='bbox 3025 2537 3125 2607; x_wconf 81' lang='grc' dir='ltr'><strong>τὴν</strong></span> <span class='ocrx_word' id='word_1_386' title='bbox 3152 2537 3251 2606; x_wconf 85' lang='grc' dir='ltr'><strong>μὲν</strong></span> <span class='ocrx_word' id='word_1_387' title='bbox 3279 2537 3643 2601; x_wconf 80' lang='grc' dir='ltr'><strong>ἀδιαστάτως,</strong></span> <span class='ocrx_word' id='word_1_388' title='bbox 3662 2540 3769 2609; x_wconf 86' lang='grc' dir='ltr'><strong>τήν</strong></span> 
     </span>
    </p>
   </div>
   <div class='ocr_carea' id='block_1_55' title="bbox 2176 2628 3765 2702">
    <p class='ocr_par' dir='ltr' id='par_1_55' title="bbox 2176 2628 3765 2702">
     <span class='ocr_line' id='line_1_55' title="bbox 2176 2628 3765 2702; baseline 0.001 -19"><span class='ocrx_word' id='word_1_389' title='bbox 2176 2630 2232 2683; x_wconf 82' lang='grc' dir='ltr'><strong>δὲ</strong></span> <span class='ocrx_word' id='word_1_390' title='bbox 2249 2630 2553 2693; x_wconf 83' lang='grc' dir='ltr'><strong>διαστατῶς</strong></span> <span class='ocrx_word' id='word_1_391' title='bbox 2575 2646 2590 2661; x_wconf 84' lang='grc'>⁶</span> <span class='ocrx_word' id='word_1_392' title='bbox 2627 2630 2723 2684; x_wconf 81' lang='grc' dir='ltr'><strong>καὶ</strong></span> <span class='ocrx_word' id='word_1_393' title='bbox 2756 2630 2941 2692; x_wconf 85' lang='grc' dir='ltr'><strong>ἁπλῶς</strong></span> <span class='ocrx_word' id='word_1_394' title='bbox 2971 2631 3071 2701; x_wconf 81' lang='grc' dir='ltr'><strong>τὴν</strong></span> <span class='ocrx_word' id='word_1_395' title='bbox 3103 2630 3203 2700; x_wconf 84' lang='grc' dir='ltr'><strong>μὲν</strong></span> <span class='ocrx_word' id='word_1_396' title='bbox 3225 2628 3321 2683; x_wconf 89' lang='grc' dir='ltr'><strong>τοῦ</strong></span> <span class='ocrx_word' id='word_1_397' title='bbox 3340 2630 3518 2698; x_wconf 89' lang='grc' dir='ltr'><strong>Λόγου</strong></span> <span class='ocrx_word' id='word_1_398' title='bbox 3549 2630 3765 2702; x_wconf 92' lang='grc' dir='ltr'><strong>γυμνοῦ</strong></span> 
     </span>
    </p>
   </div>
   <div class='ocr_carea' id='block_1_56' title="bbox 2177 2719 3767 2793">
    <p class='ocr_par' dir='ltr' id='par_1_56' title="bbox 2177 2719 3767 2793">
     <span class='ocr_line' id='line_1_56' title="bbox 2177 2719 3767 2793; baseline 0.001 -20"><span class='ocrx_word' id='word_1_399' title='bbox 2177 2721 2273 2773; x_wconf 75' lang='grc' dir='ltr'><strong>καὶ</strong></span> <span class='ocrx_word' id='word_1_400' title='bbox 2300 2720 2496 2785; x_wconf 80' lang='grc' dir='ltr'><strong>ἁπλοῦ,</strong></span> <span class='ocrx_word' id='word_1_401' title='bbox 2527 2720 2625 2793; x_wconf 84' lang='grc' dir='ltr'><strong>τὴν</strong></span> <span class='ocrx_word' id='word_1_402' title='bbox 2657 2720 2715 2774; x_wconf 80' lang='grc' dir='ltr'><strong>δὲ</strong></span> <span class='ocrx_word' id='word_1_403' title='bbox 2750 2720 2988 2793; x_wconf 79' lang='grc' dir='ltr'><strong>Χριστοῦ</strong></span> <span class='ocrx_word' id='word_1_404' title='bbox 3018 2719 3109 2774; x_wconf 90' lang='grc' dir='ltr'><strong>τοῦ</strong></span> <span class='ocrx_word' id='word_1_405' title='bbox 3138 2720 3395 2774; x_wconf 83' lang='grc' dir='ltr'><strong>συνθέτου</strong></span> <span class='ocrx_word' id='word_1_406' title='bbox 3432 2720 3599 2774; x_wconf 81' lang='grc' dir='ltr'><strong>οὖσαν</strong></span> <span class='ocrx_word' id='word_1_407' title='bbox 3623 2740 3637 2753; x_wconf 74' lang='grc' dir='ltr'><strong>ο</strong></span> <span class='ocrx_word' id='word_1_408' title='bbox 3667 2723 3767 2775; x_wconf 80' lang='grc' dir='ltr'><strong>καὶ</strong></span> 
     </span>
    </p>
   </div>
   <div class='ocr_carea' id='block_1_57' title="bbox 2176 2809 3769 2886">
    <p class='ocr_par' dir='ltr' id='par_1_57' title="bbox 2176 2809 3769 2886">
     <span class='ocr_line' id='line_1_57' title="bbox 2176 2809 3769 2886; baseline 0.002 -20"><span class='ocrx_word' id='word_1_409' title='bbox 2176 2813 2277 2884; x_wconf 81' lang='grc' dir='ltr'><strong>τὴν</strong></span> <span class='ocrx_word' id='word_1_410' title='bbox 2311 2814 2410 2884; x_wconf 84' lang='grc' dir='ltr'><strong>μὲν</strong></span> <span class='ocrx_word' id='word_1_411' title='bbox 2447 2815 2721 2885; x_wconf 83' lang='grc' dir='ltr'><strong>ἀκυήτως,</strong></span> <span class='ocrx_word' id='word_1_412' title='bbox 2768 2817 2868 2883; x_wconf 79' lang='grc' dir='ltr'><strong>τὴν</strong></span> <span class='ocrx_word' id='word_1_413' title='bbox 2894 2816 2949 2866; x_wconf 85' lang='grc' dir='ltr'><strong>δὲ</strong></span> <span class='ocrx_word' id='word_1_414' title='bbox 2974 2814 3063 2867; x_wconf 80' lang='grc' dir='ltr'><strong>διὰ</strong></span> <span class='ocrx_word' id='word_1_415' title='bbox 3095 2815 3347 2886; x_wconf 86' lang='grc' dir='ltr'><strong>κυήσεως</strong></span> <span class='ocrx_word' id='word_1_416' title='bbox 3375 2809 3539 2879; x_wconf 78' lang='grc' dir='ltr'><strong>εἶναι,</strong></span> <span class='ocrx_word' id='word_1_417' title='bbox 3580 2814 3769 2879; x_wconf 78' lang='grc' dir='ltr'><strong>ἄλλοις</strong></span> 
     </span>
    </p>
   </div>
   <div class='ocr_carea' id='block_1_58' title="bbox 2178 2905 3764 2977">
    <p class='ocr_par' dir='ltr' id='par_1_58' title="bbox 2178 2905 3764 2977">
     <span class='ocr_line' id='line_1_58' title="bbox 2178 2905 3764 2977; baseline 0.002 -19"><span class='ocrx_word' id='word_1_418' title='bbox 2178 2923 2237 2958; x_wconf 88' lang='grc' dir='ltr'><strong>τε</strong></span> <span class='ocrx_word' id='word_1_419' title='bbox 2264 2905 2481 2976; x_wconf 82' lang='grc' dir='ltr'><strong>μυρίοις</strong></span> <span class='ocrx_word' id='word_1_420' title='bbox 2513 2905 2924 2976; x_wconf 79' lang='grc' dir='ltr'><strong>ἀπαράϐλήτοις</strong></span> <span class='ocrx_word' id='word_1_421' title='bbox 2949 2906 3356 2976; x_wconf 89' lang='grc' dir='ltr'><strong>διενηνοχότων,</strong></span> <span class='ocrx_word' id='word_1_422' title='bbox 3386 2907 3527 2974; x_wconf 89' lang='grc' dir='ltr'><strong>πῶς,</strong></span> <span class='ocrx_word' id='word_1_423' title='bbox 3545 2908 3764 2977; x_wconf 87' lang='grc' dir='ltr'><strong>λέγετε,</strong></span> 
     </span>
    </p>
   </div>
   <div class='ocr_carea' id='block_1_59' title="bbox 2182 2997 3766 3069">
    <p class='ocr_par' dir='ltr' id='par_1_59' title="bbox 2182 2997 3766 3069">
     <span class='ocr_line' id='line_1_59' title="bbox 2182 2997 3766 3069; baseline 0.004 -20"><span class='ocrx_word' id='word_1_424' title='bbox 2182 2997 2445 3064; x_wconf 84' lang='grc' dir='ltr'><strong>συνάγετε</strong></span> <span class='ocrx_word' id='word_1_425' title='bbox 2499 2998 2587 3049; x_wconf 69' lang='grc' dir='ltr'><strong>ἐπὶ</strong></span> <span class='ocrx_word' id='word_1_426' title='bbox 2637 2998 2907 3069; x_wconf 72' lang='grc' dir='ltr'><strong>ἑκατέρας</strong></span> <span class='ocrx_word' id='word_1_427' title='bbox 2949 2999 3057 3052; x_wconf 89' lang='grc' dir='ltr'><strong>τῶν</strong></span> <span class='ocrx_word' id='word_1_428' title='bbox 3087 3004 3396 3069; x_wconf 88' lang='grc' dir='ltr'><strong>γεννήσεων</strong></span> <span class='ocrx_word' id='word_1_429' title='bbox 3435 3001 3529 3054; x_wconf 87' lang='grc' dir='ltr'><strong>τοῦ</strong></span> <span class='ocrx_word' id='word_1_430' title='bbox 3590 3001 3766 3055; x_wconf 87' lang='grc' dir='ltr'><strong>αὐτοῦ</strong></span> 
     </span>
    </p>
   </div>
   <div class='ocr_carea' id='block_1_60' title="bbox 2180 3087 3769 3165">
    <p class='ocr_par' dir='ltr' id='par_1_60' title="bbox 2180 3087 3769 3165">
     <span class='ocr_line' id='line_1_60' title="bbox 2180 3087 3769 3165; baseline 0.006 -25"><span class='ocrx_word' id='word_1_431' title='bbox 2180 3089 2299 3151; x_wconf 82' lang='grc' dir='ltr'><strong>ἐνὸς</strong></span> <span class='ocrx_word' id='word_1_432' title='bbox 2328 3087 2459 3142; x_wconf 87' lang='grc' dir='ltr'><strong>Υίοῦ</strong></span> <span class='ocrx_word' id='word_1_433' title='bbox 2493 3088 2555 3142; x_wconf 85' lang='grc' dir='ltr'><strong>τὺ</strong></span> <span class='ocrx_word' id='word_1_434' title='bbox 2583 3090 2719 3161; x_wconf 81' lang='grc' dir='ltr'><strong>πρὸς</strong></span> <span class='ocrx_word' id='word_1_435' title='bbox 2748 3092 2875 3154; x_wconf 82' lang='grc' dir='ltr'><strong>τούς</strong></span> <span class='ocrx_word' id='word_1_436' title='bbox 2927 3092 3186 3157; x_wconf 88' lang='grc' dir='ltr'><strong>τεκόντας</strong></span> <span class='ocrx_word' id='word_1_437' title='bbox 3228 3093 3481 3164; x_wconf 85' lang='grc' dir='ltr'><strong>ἀνόμοιον</strong></span> <span class='ocrx_word' id='word_1_438' title='bbox 3521 3095 3769 3165; x_wconf 75' lang='grc' dir='ltr'><strong>ὀφείλειν</strong></span> 
     </span>
    </p>
   </div>
   <div class='ocr_carea' id='block_1_61' title="bbox 500 3154 2080 3259">
    <p class='ocr_par' dir='ltr' id='par_1_61' title="bbox 500 3177 2077 3250">
     <span class='ocr_line' id='line_1_61' title="bbox 500 3177 2077 3250; baseline -0.004 -13"><span class='ocrx_word' id='word_1_439' title='bbox 500 3183 791 3238; x_wconf 85' lang='lat' dir='ltr'><strong>Iitudinem</strong></span> <span class='ocrx_word' id='word_1_440' title='bbox 847 3192 1161 3237; x_wconf 80' lang='lat' dir='ltr'><strong>secuturam</strong></span> <span class='ocrx_word' id='word_1_441' title='bbox 1227 3180 1382 3244; x_wconf 83' lang='lat' dir='ltr'><strong>fore,</strong></span> <span class='ocrx_word' id='word_1_442' title='bbox 1437 3178 1594 3248; x_wconf 90' lang='lat' dir='ltr'><strong>quasi</strong></span> <span class='ocrx_word' id='word_1_443' title='bbox 1660 3177 1906 3250; x_wconf 91' lang='lat' dir='ltr'><strong>ejusdem</strong></span> <span class='ocrx_word' id='word_1_444' title='bbox 1964 3177 2077 3231; x_wconf 89' lang='lat' dir='ltr'><strong>sint</strong></span> 
     </span>
    </p>
   </div>
   <div class='ocr_carea' id='block_1_62' title="bbox 2179 3154 3767 3259">
    <p class='ocr_par' dir='ltr' id='par_1_62' title="bbox 2179 3179 3767 3259">
     <span class='ocr_line' id='line_1_62' title="bbox 2179 3179 3767 3259; baseline 0.007 -27"><span class='ocrx_word' id='word_1_445' title='bbox 2179 3179 2429 3246; x_wconf 74' lang='grc' dir='ltr'><strong>ἕπεσθαι,</strong></span> <span class='ocrx_word' id='word_1_446' title='bbox 2465 3181 2540 3244; x_wconf 85' lang='grc' dir='ltr'><strong>ὡς</strong></span> <span class='ocrx_word' id='word_1_447' title='bbox 2568 3183 2830 3252; x_wconf 84' lang='grc' dir='ltr'><strong>ὁμοειδῶν</strong></span> <span class='ocrx_word' id='word_1_448' title='bbox 2864 3184 3040 3237; x_wconf 83' lang='grc' dir='ltr'><strong>οὐσῶν</strong></span> <span class='ocrx_word' id='word_1_449' title='bbox 3066 3184 3175 3239; x_wconf 92' lang='grc' dir='ltr'><strong>τῶν</strong></span> <span class='ocrx_word' id='word_1_450' title='bbox 3198 3186 3387 3240; x_wconf 85' lang='grc' dir='ltr'><strong>τούτου</strong></span> <span class='ocrx_word' id='word_1_451' title='bbox 3417 3190 3767 3259; x_wconf 81' lang='grc' dir='ltr'><strong>γεννήσεων;</strong></span> 
     </span>
    </p>
   </div>
   <div class='ocr_carea' id='block_1_63' title="bbox 502 3269 2077 3345">
    <p class='ocr_par' dir='ltr' id='par_1_63' title="bbox 502 3269 2077 3345">
     <span class='ocr_line' id='line_1_63' title="bbox 502 3269 2077 3345; baseline -0.005 -15"><span class='ocrx_word' id='word_1_452' title='bbox 502 3276 705 3345; x_wconf 90' lang='lat' dir='ltr'><strong>speciei</strong></span> <span class='ocrx_word' id='word_1_453' title='bbox 758 3274 906 3329; x_wconf 85' lang='lat' dir='ltr'><strong>illius</strong></span> <span class='ocrx_word' id='word_1_454' title='bbox 953 3272 1379 3345; x_wconf 82' lang='lat' dir='ltr'><strong>generationes?</strong></span> <span class='ocrx_word' id='word_1_455' title='bbox 1410 3271 1506 3325; x_wconf 90' lang='lat' dir='ltr'><strong>sed</strong></span> <span class='ocrx_word' id='word_1_456' title='bbox 1550 3271 1603 3324; x_wconf 94' lang='lat' dir='ltr'><strong>in</strong></span> <span class='ocrx_word' id='word_1_457' title='bbox 1637 3286 1748 3340; x_wconf 92' lang='lat' dir='ltr'><strong>quo</strong></span> <span class='ocrx_word' id='word_1_458' title='bbox 1781 3285 1851 3325; x_wconf 86' lang='lat' dir='ltr'><strong>ne</strong></span> <span class='ocrx_word' id='word_1_459' title='bbox 1887 3269 2077 3324; x_wconf 87' lang='lat' dir='ltr'><strong>oIl‘en-</strong></span> 
     </span>
    </p>
   </div>
   <div class='ocr_carea' id='block_1_64' title="bbox 502 3363 2076 3433">
    <p class='ocr_par' dir='ltr' id='par_1_64' title="bbox 502 3363 2076 3433">
     <span class='ocr_line' id='line_1_64' title="bbox 502 3363 2076 3433; baseline -0.004 -11"><span class='ocrx_word' id='word_1_460' title='bbox 502 3368 645 3422; x_wconf 90' lang='lat' dir='ltr'><strong>datis</strong></span> <span class='ocrx_word' id='word_1_461' title='bbox 690 3383 801 3422; x_wconf 92' lang='lat' dir='ltr'><strong>non</strong></span> <span class='ocrx_word' id='word_1_462' title='bbox 849 3366 1094 3430; x_wconf 82' lang='lat' dir='ltr'><strong>cavistis,</strong></span> <span class='ocrx_word' id='word_1_463' title='bbox 1138 3365 1272 3419; x_wconf 91' lang='lat' dir='ltr'><strong>illud</strong></span> <span class='ocrx_word' id='word_1_464' title='bbox 1309 3364 1529 3428; x_wconf 90' lang='lat' dir='ltr'><strong>discite,</strong></span> <span class='ocrx_word' id='word_1_465' title='bbox 1571 3379 1605 3418; x_wconf 95' lang='lat' dir='ltr'><strong>o</strong></span> <span class='ocrx_word' id='word_1_466' title='bbox 1638 3363 1765 3428; x_wconf 93' lang='lat' dir='ltr'><strong>viri,</strong></span> <span class='ocrx_word' id='word_1_467' title='bbox 1806 3363 2076 3433; x_wconf 89' lang='lat' dir='ltr'><strong>siquidem</strong></span> 
     </span>
    </p>
   </div>
   <div class='ocr_carea' id='block_1_65' title="bbox 502 3454 2077 3529">
    <p class='ocr_par' dir='ltr' id='par_1_65' title="bbox 502 3454 2077 3529">
     <span class='ocr_line' id='line_1_65' title="bbox 502 3454 2077 3529; baseline -0.003 -16"><span class='ocrx_word' id='word_1_468' title='bbox 502 3474 613 3513; x_wconf 90' lang='lat' dir='ltr'><strong>non</strong></span> <span class='ocrx_word' id='word_1_469' title='bbox 664 3473 884 3529; x_wconf 76' lang='lat' dir='ltr'><strong>semper</strong></span> <span class='ocrx_word' id='word_1_470' title='bbox 928 3457 1308 3512; x_wconf 88' lang='lat' dir='ltr'><strong>contradicere</strong></span> <span class='ocrx_word' id='word_1_471' title='bbox 1356 3456 1542 3511; x_wconf 88' lang='lat' dir='ltr'><strong>vultis.</strong></span> <span class='ocrx_word' id='word_1_472' title='bbox 1594 3454 1896 3525; x_wconf 88' lang='lat' dir='ltr'><strong>Loquendo</strong></span> <span class='ocrx_word' id='word_1_473' title='bbox 1929 3454 2077 3509; x_wconf 90' lang='lat' dir='ltr'><strong>enim</strong></span> 
     </span>
    </p>
   </div>
   <div class='ocr_carea' id='block_1_66' title="bbox 503 3547 2079 3620">
    <p class='ocr_par' dir='ltr' id='par_1_66' title="bbox 503 3547 2079 3620">
     <span class='ocr_line' id='line_1_66' title="bbox 503 3547 2079 3620; baseline -0.001 -17"><span class='ocrx_word' id='word_1_474' title='bbox 503 3550 727 3620; x_wconf 88' lang='lat' dir='ltr'><strong>proprie</strong></span> <span class='ocrx_word' id='word_1_475' title='bbox 760 3558 817 3603; x_wconf 91' lang='lat' dir='ltr'><strong>et</strong></span> <span class='ocrx_word' id='word_1_476' title='bbox 853 3565 980 3604; x_wconf 88' lang='lat' dir='ltr'><strong>vere</strong></span> <span class='ocrx_word' id='word_1_477' title='bbox 1032 3549 1100 3604; x_wconf 90' lang='lat' dir='ltr'><strong>de</strong></span> <span class='ocrx_word' id='word_1_478' title='bbox 1152 3557 1385 3618; x_wconf 90' lang='lat' dir='ltr'><strong>utraque</strong></span> <span class='ocrx_word' id='word_1_479' title='bbox 1439 3547 1819 3619; x_wconf 85' lang='lat' dir='ltr'><strong>generatione,</strong></span> <span class='ocrx_word' id='word_1_480' title='bbox 1870 3548 2079 3618; x_wconf 88' lang='lat' dir='ltr'><strong>putatis</strong></span> 
     </span>
    </p>
   </div>
   <div class='ocr_carea' id='block_1_67' title="bbox 506 3637 2079 3702">
    <p class='ocr_par' dir='ltr' id='par_1_67' title="bbox 506 3637 2079 3702">
     <span class='ocr_line' id='line_1_67' title="bbox 506 3637 2079 3702; baseline -0.003 -5"><span class='ocrx_word' id='word_1_481' title='bbox 506 3642 754 3697; x_wconf 84' lang='lat' dir='ltr'><strong>eamdem</strong></span> <span class='ocrx_word' id='word_1_482' title='bbox 786 3657 906 3696; x_wconf 87' lang='lat' dir='ltr'><strong>esse</strong></span> <span class='ocrx_word' id='word_1_483' title='bbox 940 3656 1103 3695; x_wconf 91' lang='lat' dir='ltr'><strong>unam</strong></span> <span class='ocrx_word' id='word_1_484' title='bbox 1137 3656 1201 3695; x_wconf 89' lang='lat' dir='ltr'><strong>ac</strong></span> <span class='ocrx_word' id='word_1_485' title='bbox 1241 3641 1492 3702; x_wconf 75' lang='lat' dir='ltr'><strong>alteram,</strong></span> <span class='ocrx_word' id='word_1_486' title='bbox 1537 3646 1595 3693; x_wconf 92' lang='lat' dir='ltr'><strong>et</strong></span> <span class='ocrx_word' id='word_1_487' title='bbox 1637 3638 1847 3693; x_wconf 89' lang='lat' dir='ltr'><strong>similes</strong></span> <span class='ocrx_word' id='word_1_488' title='bbox 1891 3637 2079 3692; x_wconf 87' lang='lat' dir='ltr'><strong>ambas</strong></span> 
     </span>
    </p>
   </div>
   <div class='ocr_carea' id='block_1_68' title="bbox 506 3732 2079 3806">
    <p class='ocr_par' dir='ltr' id='par_1_68' title="bbox 506 3732 2079 3806">
     <span class='ocr_line' id='line_1_68' title="bbox 506 3732 2079 3806; baseline -0.004 -17"><span class='ocrx_word' id='word_1_489' title='bbox 506 3733 892 3806; x_wconf 89' lang='lat' dir='ltr'><strong>generationes</strong></span> <span class='ocrx_word' id='word_1_490' title='bbox 943 3732 1226 3801; x_wconf 91' lang='lat' dir='ltr'><strong>accipitis;</strong></span> <span class='ocrx_word' id='word_1_491' title='bbox 1283 3747 1395 3785; x_wconf 91' lang='lat' dir='ltr'><strong>non</strong></span> <span class='ocrx_word' id='word_1_492' title='bbox 1442 3737 1733 3785; x_wconf 87' lang='lat' dir='ltr'><strong>cernentes</strong></span> <span class='ocrx_word' id='word_1_493' title='bbox 1786 3738 2079 3799; x_wconf 82' lang='lat' dir='ltr'><strong>utramque</strong></span> 
     </span>
    </p>
   </div>
   <div class='ocr_carea' id='block_1_69' title="bbox 506 3821 2075 3897">
    <p class='ocr_par' dir='ltr' id='par_1_69' title="bbox 506 3821 2075 3897">
     <span class='ocr_line' id='line_1_69' title="bbox 506 3821 2075 3897; baseline -0.004 -18"><span class='ocrx_word' id='word_1_494' title='bbox 506 3824 733 3897; x_wconf 92' lang='lat' dir='ltr'><strong>proprie</strong></span> <span class='ocrx_word' id='word_1_495' title='bbox 782 3833 838 3878; x_wconf 89' lang='lat' dir='ltr'><strong>et</strong></span> <span class='ocrx_word' id='word_1_496' title='bbox 882 3838 1012 3877; x_wconf 89' lang='lat' dir='ltr'><strong>vere</strong></span> <span class='ocrx_word' id='word_1_497' title='bbox 1056 3822 1357 3877; x_wconf 89' lang='lat' dir='ltr'><strong>secundam</strong></span> <span class='ocrx_word' id='word_1_498' title='bbox 1395 3836 1549 3876; x_wconf 90' lang='lat' dir='ltr'><strong>suam</strong></span> <span class='ocrx_word' id='word_1_499' title='bbox 1595 3821 1769 3891; x_wconf 91' lang='lat' dir='ltr'><strong>ipsius</strong></span> <span class='ocrx_word' id='word_1_500' title='bbox 1810 3821 2075 3874; x_wconf 88' lang='lat' dir='ltr'><strong>rationem</strong></span> 
     </span>
    </p>
   </div>
   <div class='ocr_carea' id='block_1_70' title="bbox 505 3912 2078 3985">
    <p class='ocr_par' dir='ltr' id='par_1_70' title="bbox 505 3912 2078 3985">
     <span class='ocr_line' id='line_1_70' title="bbox 505 3912 2078 3985; baseline -0.005 -13"><span class='ocrx_word' id='word_1_501' title='bbox 505 3932 648 3983; x_wconf 90' lang='lat' dir='ltr'><strong>esse,</strong></span> <span class='ocrx_word' id='word_1_502' title='bbox 694 3931 873 3985; x_wconf 89' lang='lat' dir='ltr'><strong>neque</strong></span> <span class='ocrx_word' id='word_1_503' title='bbox 904 3914 1207 3971; x_wconf 87' lang='lat' dir='ltr'><strong>secundum</strong></span> <span class='ocrx_word' id='word_1_504' title='bbox 1239 3914 1469 3969; x_wconf 87' lang='lat' dir='ltr'><strong>alterius</strong></span> <span class='ocrx_word' id='word_1_505' title='bbox 1519 3914 1812 3968; x_wconf 91' lang='lat' dir='ltr'><strong>rationem.</strong></span> <span class='ocrx_word' id='word_1_506' title='bbox 1841 3913 1897 3966; x_wconf 85' lang='lat' dir='ltr'><strong>Si</strong></span> <span class='ocrx_word' id='word_1_507' title='bbox 1931 3912 2078 3965; x_wconf 90' lang='lat' dir='ltr'><strong>enim</strong></span> 
     </span>
    </p>
   </div>
   <div class='ocr_carea' id='block_1_71' title="bbox 506 4005 2081 4078">
    <p class='ocr_par' dir='ltr' id='par_1_71' title="bbox 506 4005 2081 4078">
     <span class='ocr_line' id='line_1_71' title="bbox 506 4005 2081 4078; baseline -0.005 -13"><span class='ocrx_word' id='word_1_508' title='bbox 506 4010 690 4065; x_wconf 87' lang='lat' dir='ltr'><strong>omnia</strong></span> <span class='ocrx_word' id='word_1_509' title='bbox 728 4008 929 4063; x_wconf 90' lang='lat' dir='ltr'><strong>similia</strong></span> <span class='ocrx_word' id='word_1_510' title='bbox 963 4007 1254 4078; x_wconf 84' lang='lat' dir='ltr'><strong>cogitanda</strong></span> <span class='ocrx_word' id='word_1_511' title='bbox 1302 4007 1411 4061; x_wconf 90' lang='lat' dir='ltr'><strong>sint</strong></span> <span class='ocrx_word' id='word_1_512' title='bbox 1440 4006 1507 4061; x_wconf 91' lang='lat' dir='ltr'><strong>de</strong></span> <span class='ocrx_word' id='word_1_513' title='bbox 1542 4006 1745 4076; x_wconf 87' lang='lat' dir='ltr'><strong>quibus</strong></span> <span class='ocrx_word' id='word_1_514' title='bbox 1780 4005 1999 4075; x_wconf 90' lang='lat' dir='ltr'><strong>proprie</strong></span> <span class='ocrx_word' id='word_1_515' title='bbox 2024 4011 2081 4058; x_wconf 88' lang='lat' dir='ltr'><strong>et</strong></span> 
     </span>
    </p>
   </div>
   <div class='ocr_carea' id='block_1_72' title="bbox 508 4096 2080 4172">
    <p class='ocr_par' dir='ltr' id='par_1_72' title="bbox 508 4096 2080 4172">
     <span class='ocr_line' id='line_1_72' title="bbox 508 4096 2080 4172; baseline -0.005 -15"><span class='ocrx_word' id='word_1_516' title='bbox 508 4118 635 4158; x_wconf 89' lang='lat' dir='ltr'><strong>vere</strong></span> <span class='ocrx_word' id='word_1_517' title='bbox 681 4102 1033 4172; x_wconf 71' lang='lat' dir='ltr'><strong>praedicatur,</strong></span> <span class='ocrx_word' id='word_1_518' title='bbox 1078 4108 1296 4171; x_wconf 87' lang='lat' dir='ltr'><strong>oportet</strong></span> <span class='ocrx_word' id='word_1_519' title='bbox 1345 4116 1464 4165; x_wconf 90' lang='lat' dir='ltr'><strong>vos,</strong></span> <span class='ocrx_word' id='word_1_520' title='bbox 1510 4116 1634 4155; x_wconf 91' lang='lat' dir='ltr'><strong>cum</strong></span> <span class='ocrx_word' id='word_1_521' title='bbox 1686 4099 1825 4168; x_wconf 88' lang='lat' dir='ltr'><strong>lapis</strong></span> <span class='ocrx_word' id='word_1_522' title='bbox 1858 4096 2080 4168; x_wconf 88' lang='lat' dir='ltr'><strong>proprie</strong></span> 
     </span>
    </p>
   </div>
   <div class='ocr_carea' id='block_1_73' title="bbox 506 4192 2081 4265">
    <p class='ocr_par' dir='ltr' id='par_1_73' title="bbox 506 4192 2081 4265">
     <span class='ocr_line' id='line_1_73' title="bbox 506 4192 2081 4265; baseline -0.004 -15"><span class='ocrx_word' id='word_1_523' title='bbox 506 4203 566 4250; x_wconf 90' lang='lat' dir='ltr'><strong>ct</strong></span> <span class='ocrx_word' id='word_1_524' title='bbox 594 4210 724 4249; x_wconf 89' lang='lat' dir='ltr'><strong>vere</strong></span> <span class='ocrx_word' id='word_1_525' title='bbox 770 4209 970 4265; x_wconf 92' lang='lat' dir='ltr'><strong>corpus</strong></span> <span class='ocrx_word' id='word_1_526' title='bbox 1003 4209 1124 4250; x_wconf 88' lang='lat' dir='ltr'><strong>esse</strong></span> <span class='ocrx_word' id='word_1_527' title='bbox 1154 4194 1379 4261; x_wconf 88' lang='lat' dir='ltr'><strong>dicitur,</strong></span> <span class='ocrx_word' id='word_1_528' title='bbox 1407 4204 1464 4250; x_wconf 93' lang='lat' dir='ltr'><strong>ct</strong></span> <span class='ocrx_word' id='word_1_529' title='bbox 1489 4193 1569 4249; x_wconf 92' lang='lat' dir='ltr'><strong>sol</strong></span> <span class='ocrx_word' id='word_1_530' title='bbox 1609 4192 1831 4263; x_wconf 91' lang='lat' dir='ltr'><strong>proprie</strong></span> <span class='ocrx_word' id='word_1_531' title='bbox 1869 4201 1925 4245; x_wconf 86' lang='lat' dir='ltr'><strong>et</strong></span> <span class='ocrx_word' id='word_1_532' title='bbox 1952 4205 2081 4244; x_wconf 90' lang='lat' dir='ltr'><strong>vere</strong></span> 
     </span>
    </p>
   </div>
   <div class='ocr_carea' id='block_1_74' title="bbox 507 4282 2082 4358">
    <p class='ocr_par' dir='ltr' id='par_1_74' title="bbox 507 4282 2082 4358">
     <span class='ocr_line' id='line_1_74' title="bbox 507 4282 2082 4358; baseline -0.003 -18"><span class='ocrx_word' id='word_1_533' title='bbox 507 4302 713 4358; x_wconf 89' lang='lat' dir='ltr'><strong>corpus</strong></span> <span class='ocrx_word' id='word_1_534' title='bbox 745 4303 867 4343; x_wconf 90' lang='lat' dir='ltr'><strong>esse</strong></span> <span class='ocrx_word' id='word_1_535' title='bbox 909 4288 1133 4353; x_wconf 90' lang='lat' dir='ltr'><strong>dicitur,</strong></span> <span class='ocrx_word' id='word_1_536' title='bbox 1178 4296 1234 4343; x_wconf 90' lang='lat' dir='ltr'><strong>et</strong></span> <span class='ocrx_word' id='word_1_537' title='bbox 1277 4288 1423 4342; x_wconf 89' lang='lat' dir='ltr'><strong>Deus</strong></span> <span class='ocrx_word' id='word_1_538' title='bbox 1460 4285 1822 4355; x_wconf 87' lang='lat' dir='ltr'><strong>incorporalis</strong></span> <span class='ocrx_word' id='word_1_539' title='bbox 1858 4282 2082 4354; x_wconf 89' lang='lat' dir='ltr'><strong>proprie</strong></span> 
     </span>
    </p>
   </div>
   <div class='ocr_carea' id='block_1_75' title="bbox 507 4375 2083 4446">
    <p class='ocr_par' dir='ltr' id='par_1_75' title="bbox 507 4375 2083 4446">
     <span class='ocr_line' id='line_1_75' title="bbox 507 4375 2083 4446; baseline -0.004 -13"><span class='ocrx_word' id='word_1_540' title='bbox 507 4389 565 4433; x_wconf 90' lang='lat' dir='ltr'><strong>et</strong></span> <span class='ocrx_word' id='word_1_541' title='bbox 606 4394 735 4433; x_wconf 87' lang='lat' dir='ltr'><strong>vere</strong></span> <span class='ocrx_word' id='word_1_542' title='bbox 769 4379 992 4445; x_wconf 91' lang='lat' dir='ltr'><strong>dicitur,</strong></span> <span class='ocrx_word' id='word_1_543' title='bbox 1048 4379 1255 4434; x_wconf 92' lang='lat' dir='ltr'><strong>similes</strong></span> <span class='ocrx_word' id='word_1_544' title='bbox 1297 4379 1501 4432; x_wconf 90' lang='lat' dir='ltr'><strong>habere</strong></span> <span class='ocrx_word' id='word_1_545' title='bbox 1532 4376 1792 4446; x_wconf 89' lang='lat' dir='ltr'><strong>lapidem,</strong></span> <span class='ocrx_word' id='word_1_546' title='bbox 1828 4375 1996 4429; x_wconf 90' lang='lat' dir='ltr'><strong>solem</strong></span> <span class='ocrx_word' id='word_1_547' title='bbox 2026 4381 2083 4427; x_wconf 88' lang='lat' dir='ltr'><strong>et</strong></span> 
     </span>
    </p>
   </div>
   <div class='ocr_carea' id='block_1_76' title="bbox 507 4467 2160 4553">
    <p class='ocr_par' dir='ltr' id='par_1_76' title="bbox 507 4467 2160 4553">
     <span class='ocr_line' id='line_1_76' title="bbox 507 4467 2160 4553; baseline -0.005 -28"><span class='ocrx_word' id='word_1_548' title='bbox 507 4471 702 4527; x_wconf 89' lang='lat' dir='ltr'><strong>Deum.</strong></span> <span class='ocrx_word' id='word_1_549' title='bbox 728 4470 939 4526; x_wconf 88' lang='lat' dir='ltr'><strong>Pariter</strong></span> <span class='ocrx_word' id='word_1_550' title='bbox 964 4486 1181 4541; x_wconf 90' lang='lat' dir='ltr'><strong>quoque</strong></span> <span class='ocrx_word' id='word_1_551' title='bbox 1211 4471 1490 4524; x_wconf 89' lang='lat' dir='ltr'><strong>hominem</strong></span> <span class='ocrx_word' id='word_1_552' title='bbox 1527 4476 1584 4523; x_wconf 91' lang='lat' dir='ltr'><strong>et</strong></span> <span class='ocrx_word' id='word_1_553' title='bbox 1628 4483 1840 4531; x_wconf 87' lang='lat' dir='ltr'><strong>ranam,</strong></span> <span class='ocrx_word' id='word_1_554' title='bbox 1870 4467 2081 4519; x_wconf 90' lang='lat' dir='ltr'><strong>anima-</strong></span> <span class='ocrx_word' id='word_1_555' title='bbox 2107 4492 2160 4553; x_wconf 69' lang='grc' dir='ltr'><strong><em>Β</em></strong></span> 
     </span>
    </p>
   </div>
   <div class='ocr_carea' id='block_1_77' title="bbox 508 4556 2077 4632">
    <p class='ocr_par' dir='ltr' id='par_1_77' title="bbox 508 4556 2077 4632">
     <span class='ocr_line' id='line_1_77' title="bbox 508 4556 2077 4632; baseline -0.005 -15"><span class='ocrx_word' id='word_1_556' title='bbox 508 4564 580 4617; x_wconf 87' lang='lat' dir='ltr'><strong>lia</strong></span> <span class='ocrx_word' id='word_1_557' title='bbox 617 4563 841 4632; x_wconf 82' lang='lat' dir='ltr'><strong>proprie</strong></span> <span class='ocrx_word' id='word_1_558' title='bbox 887 4570 943 4617; x_wconf 86' lang='lat' dir='ltr'><strong>et</strong></span> <span class='ocrx_word' id='word_1_559' title='bbox 993 4579 1125 4617; x_wconf 89' lang='lat' dir='ltr'><strong>vere</strong></span> <span class='ocrx_word' id='word_1_560' title='bbox 1175 4578 1299 4617; x_wconf 91' lang='lat' dir='ltr'><strong>cum</strong></span> <span class='ocrx_word' id='word_1_561' title='bbox 1341 4563 1454 4617; x_wconf 89' lang='lat' dir='ltr'><strong>sint</strong></span> <span class='ocrx_word' id='word_1_562' title='bbox 1497 4570 1550 4615; x_wconf 87' lang='lat' dir='ltr'><strong>et</strong></span> <span class='ocrx_word' id='word_1_563' title='bbox 1590 4560 1847 4614; x_wconf 88' lang='lat' dir='ltr'><strong>dicantur</strong></span> <span class='ocrx_word' id='word_1_564' title='bbox 1894 4556 2077 4621; x_wconf 87' lang='lat' dir='ltr'><strong>ambo,</strong></span> 
     </span>
    </p>
   </div>
   <div class='ocr_carea' id='block_1_78' title="bbox 507 4648 2083 4723">
    <p class='ocr_par' dir='ltr' id='par_1_78' title="bbox 507 4648 2083 4723">
     <span class='ocr_line' id='line_1_78' title="bbox 507 4648 2083 4723; baseline -0.006 -14"><span class='ocrx_word' id='word_1_565' title='bbox 507 4663 564 4710; x_wconf 91' lang='lat' dir='ltr'><strong>et</strong></span> <span class='ocrx_word' id='word_1_566' title='bbox 613 4668 833 4723; x_wconf 88' lang='lat' dir='ltr'><strong>aquam,</strong></span> <span class='ocrx_word' id='word_1_567' title='bbox 887 4654 1185 4708; x_wconf 90' lang='lat' dir='ltr'><strong>inanimata</strong></span> <span class='ocrx_word' id='word_1_568' title='bbox 1239 4670 1370 4709; x_wconf 88' lang='lat' dir='ltr'><strong>vere</strong></span> <span class='ocrx_word' id='word_1_569' title='bbox 1422 4668 1547 4708; x_wconf 89' lang='lat' dir='ltr'><strong>eum</strong></span> <span class='ocrx_word' id='word_1_570' title='bbox 1600 4653 1838 4715; x_wconf 91' lang='lat' dir='ltr'><strong>dicatur,</strong></span> <span class='ocrx_word' id='word_1_571' title='bbox 1882 4648 2083 4703; x_wconf 89' lang='lat' dir='ltr'><strong>similia</strong></span> 
     </span>
    </p>
   </div>
   <div class='ocr_carea' id='block_1_79' title="bbox 510 4745 2081 4814">
    <p class='ocr_par' dir='ltr' id='par_1_79' title="bbox 510 4745 2081 4814">
     <span class='ocr_line' id='line_1_79' title="bbox 510 4745 2081 4814; baseline -0.006 -13"><span class='ocrx_word' id='word_1_572' title='bbox 510 4754 693 4801; x_wconf 90' lang='lat' dir='ltr'><strong>tamen</strong></span> <span class='ocrx_word' id='word_1_573' title='bbox 729 4745 1005 4799; x_wconf 88' lang='lat' dir='ltr'><strong>censenda</strong></span> <span class='ocrx_word' id='word_1_574' title='bbox 1042 4760 1193 4805; x_wconf 84' lang='lat' dir='ltr'><strong>esse;</strong></span> <span class='ocrx_word' id='word_1_575' title='bbox 1242 4745 1440 4799; x_wconf 62' lang='lat' dir='ltr'><strong>caelum</strong></span> <span class='ocrx_word' id='word_1_576' title='bbox 1471 4758 1691 4814; x_wconf 90' lang='lat' dir='ltr'><strong>quoque</strong></span> <span class='ocrx_word' id='word_1_577' title='bbox 1741 4751 1797 4796; x_wconf 93' lang='lat' dir='ltr'><strong>et</strong></span> <span class='ocrx_word' id='word_1_578' title='bbox 1828 4754 2081 4811; x_wconf 89' lang='lat' dir='ltr'><strong>granum,</strong></span> 
     </span>
    </p>
   </div>
   <div class='ocr_carea' id='block_1_80' title="bbox 509 4834 2085 4906">
    <p class='ocr_par' dir='ltr' id='par_1_80' title="bbox 509 4834 2085 4906">
     <span class='ocr_line' id='line_1_80' title="bbox 509 4834 2085 4906; baseline -0.006 -13"><span class='ocrx_word' id='word_1_579' title='bbox 509 4847 566 4893; x_wconf 89' lang='lat' dir='ltr'><strong>et</strong></span> <span class='ocrx_word' id='word_1_580' title='bbox 605 4838 812 4906; x_wconf 90' lang='lat' dir='ltr'><strong>reliqua</strong></span> <span class='ocrx_word' id='word_1_581' title='bbox 847 4838 1031 4892; x_wconf 90' lang='lat' dir='ltr'><strong>omnia</strong></span> <span class='ocrx_word' id='word_1_582' title='bbox 1067 4838 1214 4892; x_wconf 90' lang='lat' dir='ltr'><strong>entia</strong></span> <span class='ocrx_word' id='word_1_583' title='bbox 1242 4835 1439 4891; x_wconf 90' lang='lat' dir='ltr'><strong>eodem</strong></span> <span class='ocrx_word' id='word_1_584' title='bbox 1482 4836 1665 4899; x_wconf 91' lang='lat' dir='ltr'><strong>modo,</strong></span> <span class='ocrx_word' id='word_1_585' title='bbox 1699 4834 1957 4888; x_wconf 83' lang='lat' dir='ltr'><strong>exulante</strong></span> <span class='ocrx_word' id='word_1_586' title='bbox 1985 4846 2085 4901; x_wconf 88' lang='lat' dir='ltr'><strong>per</strong></span> 
     </span>
    </p>
   </div>
   <div class='ocr_carea' id='block_1_81' title="bbox 509 4923 2085 4999">
    <p class='ocr_par' dir='ltr' id='par_1_81' title="bbox 509 4923 2085 4999">
     <span class='ocr_line' id='line_1_81' title="bbox 509 4923 2085 4999; baseline -0.003 -16"><span class='ocrx_word' id='word_1_587' title='bbox 509 4946 607 4985; x_wconf 87' lang='lat' dir='ltr'><strong>vos</strong></span> <span class='ocrx_word' id='word_1_588' title='bbox 637 4930 786 4984; x_wconf 91' lang='lat' dir='ltr'><strong>omni</strong></span> <span class='ocrx_word' id='word_1_589' title='bbox 814 4929 1270 4984; x_wconf 90' lang='lat' dir='ltr'><strong>absimilitudine.</strong></span> <span class='ocrx_word' id='word_1_590' title='bbox 1304 4928 1533 4999; x_wconf 91' lang='lat' dir='ltr'><strong>Proprie</strong></span> <span class='ocrx_word' id='word_1_591' title='bbox 1565 4926 1840 4998; x_wconf 89' lang='lat' dir='ltr'><strong>loquendo</strong></span> <span class='ocrx_word' id='word_1_592' title='bbox 1865 4923 2085 4995; x_wconf 90' lang='lat' dir='ltr'><strong>proprie</strong></span> 
     </span>
    </p>
   </div>
   <div class='ocr_carea' id='block_1_82' title="bbox 509 5006 2085 5092">
    <p class='ocr_par' dir='ltr' id='par_1_82' title="bbox 509 5006 2085 5092">
     <span class='ocr_line' id='line_1_82' title="bbox 509 5006 2085 5092; baseline -0.005 -15"><span class='ocrx_word' id='word_1_593' title='bbox 509 5031 566 5077; x_wconf 91' lang='lat' dir='ltr'><strong>et</strong></span> <span class='ocrx_word' id='word_1_594' title='bbox 615 5038 744 5077; x_wconf 87' lang='lat' dir='ltr'><strong>vere</strong></span> <span class='ocrx_word' id='word_1_595' title='bbox 794 5032 900 5084; x_wconf 88' lang='lat' dir='ltr'><strong>est,</strong></span> <span class='ocrx_word' id='word_1_596' title='bbox 947 5006 1083 5077; x_wconf 85' lang='lat' dir='ltr'><strong>illud</strong></span> <span class='ocrx_word' id='word_1_597' title='bbox 1121 5020 1269 5092; x_wconf 91' lang='lat' dir='ltr'><strong>quod</strong></span> <span class='ocrx_word' id='word_1_598' title='bbox 1311 5030 1416 5087; x_wconf 89' lang='lat' dir='ltr'><strong>est,</strong></span> <span class='ocrx_word' id='word_1_599' title='bbox 1462 5021 1594 5077; x_wconf 88' lang='lat' dir='ltr'><strong>licet</strong></span> <span class='ocrx_word' id='word_1_600' title='bbox 1634 5021 1831 5076; x_wconf 90' lang='lat' dir='ltr'><strong>eodem</strong></span> <span class='ocrx_word' id='word_1_601' title='bbox 1863 5015 2085 5072; x_wconf 90' lang='lat' dir='ltr'><strong>nomine</strong></span> 
     </span>
    </p>
   </div>
   <div class='ocr_carea' id='block_1_83' title="bbox 510 5113 1521 5185">
    <p class='ocr_par' dir='ltr' id='par_1_83' title="bbox 510 5113 1521 5185">
     <span class='ocr_line' id='line_1_83' title="bbox 510 5113 1521 5185; baseline 0 -18"><span class='ocrx_word' id='word_1_602' title='bbox 510 5121 605 5168; x_wconf 83' lang='lat' dir='ltr'><strong>aut</strong></span> <span class='ocrx_word' id='word_1_603' title='bbox 654 5114 784 5180; x_wconf 89' lang='lat' dir='ltr'><strong>alio,</strong></span> <span class='ocrx_word' id='word_1_604' title='bbox 819 5122 984 5185; x_wconf 90' lang='lat' dir='ltr'><strong>atque</strong></span> <span class='ocrx_word' id='word_1_605' title='bbox 1020 5123 1127 5179; x_wconf 92' lang='lat' dir='ltr'><strong>est,</strong></span> <span class='ocrx_word' id='word_1_606' title='bbox 1182 5113 1521 5169; x_wconf 87' lang='lat' dir='ltr'><strong>nominetur.</strong></span> 
     </span>
    </p>
   </div>
   <div class='ocr_carea' id='block_1_84' title="bbox 1074 5228 1516 5283">
    <p class='ocr_par' dir='ltr' id='par_1_84' title="bbox 1074 5228 1516 5283">
     <span class='ocr_line' id='line_1_84' title="bbox 1074 5228 1516 5283; baseline -0.002 0"><span class='ocrx_word' id='word_1_607' title='bbox 1074 5229 1227 5283; x_wconf 85' lang='lat' dir='ltr'><strong>CAP.</strong></span> <span class='ocrx_word' id='word_1_608' title='bbox 1276 5228 1516 5283; x_wconf 80' lang='lat' dir='ltr'>XXXIV.</span> 
     </span>
    </p>
   </div>
   <div class='ocr_carea' id='block_1_85' title="bbox 584 5332 2087 5411">
    <p class='ocr_par' dir='ltr' id='par_1_85' title="bbox 584 5332 2087 5411">
     <span class='ocr_line' id='line_1_85' title="bbox 584 5332 2087 5411; baseline -0.005 -18"><span class='ocrx_word' id='word_1_609' title='bbox 584 5338 641 5393; x_wconf 91' lang='lat' dir='ltr'><strong>Si</strong></span> <span class='ocrx_word' id='word_1_610' title='bbox 700 5338 848 5393; x_wconf 88' lang='lat' dir='ltr'><strong>Deus</strong></span> <span class='ocrx_word' id='word_1_611' title='bbox 894 5337 1137 5394; x_wconf 77' lang='lat' dir='ltr'><strong>Verbum</strong></span> <span class='ocrx_word' id='word_1_612' title='bbox 1186 5354 1318 5395; x_wconf 91' lang='lat' dir='ltr'><strong>vere</strong></span> <span class='ocrx_word' id='word_1_613' title='bbox 1372 5339 1593 5411; x_wconf 85' lang='lat' dir='ltr'><strong>genitus</strong></span> <span class='ocrx_word' id='word_1_614' title='bbox 1637 5344 1722 5393; x_wconf 88' lang='lat' dir='ltr'><strong>est</strong></span> <span class='ocrx_word' id='word_1_615' title='bbox 1768 5351 1800 5392; x_wconf 92' lang='lat' dir='ltr'><strong>e</strong></span> <span class='ocrx_word' id='word_1_616' title='bbox 1842 5332 2087 5404; x_wconf 80' lang='lat' dir='ltr'><strong>Virgine,</strong></span> 
     </span>
    </p>
   </div>
   <div class='ocr_carea' id='block_1_86' title="bbox 511 5425 2089 5500">
    <p class='ocr_par' dir='ltr' id='par_1_86' title="bbox 511 5425 2089 5500">
     <span class='ocr_line' id='line_1_86' title="bbox 511 5425 2089 5500; baseline -0.004 -15"><span class='ocrx_word' id='word_1_617' title='bbox 511 5430 800 5499; x_wconf 88' lang='lat' dir='ltr'><strong>omnisque</strong></span> <span class='ocrx_word' id='word_1_618' title='bbox 850 5432 1135 5500; x_wconf 89' lang='lat' dir='ltr'><strong>generatio</strong></span> <span class='ocrx_word' id='word_1_619' title='bbox 1182 5446 1295 5485; x_wconf 90' lang='lat' dir='ltr'><strong>non</strong></span> <span class='ocrx_word' id='word_1_620' title='bbox 1354 5432 1658 5497; x_wconf 83' lang='lat' dir='ltr'><strong>auferatur,</strong></span> <span class='ocrx_word' id='word_1_621' title='bbox 1720 5430 1838 5485; x_wconf 86' lang='lat' dir='ltr'><strong>sive</strong></span> <span class='ocrx_word' id='word_1_622' title='bbox 1902 5425 2089 5498; x_wconf 91' lang='lat' dir='ltr'><strong>genito</strong></span> 
     </span>
    </p>
   </div>
   <div class='ocr_carea' id='block_1_87' title="bbox 509 5518 2088 5592">
    <p class='ocr_par' dir='ltr' id='par_1_87' title="bbox 509 5518 2088 5592">
     <span class='ocr_line' id='line_1_87' title="bbox 509 5518 2088 5592; baseline -0.004 -16"><span class='ocrx_word' id='word_1_623' title='bbox 509 5537 632 5577; x_wconf 90' lang='lat' dir='ltr'><strong>esse</strong></span> <span class='ocrx_word' id='word_1_624' title='bbox 669 5521 902 5586; x_wconf 88' lang='lat' dir='ltr'><strong>dederit,</strong></span> <span class='ocrx_word' id='word_1_625' title='bbox 934 5523 1049 5577; x_wconf 88' lang='lat' dir='ltr'><strong>sive</strong></span> <span class='ocrx_word' id='word_1_626' title='bbox 1097 5538 1208 5576; x_wconf 91' lang='lat' dir='ltr'><strong>non</strong></span> <span class='ocrx_word' id='word_1_627' title='bbox 1242 5522 1480 5585; x_wconf 88' lang='lat' dir='ltr'><strong>dederit,</strong></span> <span class='ocrx_word' id='word_1_628' title='bbox 1513 5522 1740 5592; x_wconf 68' lang='lat' dir='ltr'><strong>aequalis</strong></span> <span class='ocrx_word' id='word_1_629' title='bbox 1784 5518 2088 5576; x_wconf 89' lang='lat' dir='ltr'><strong>secundum</strong></span> 
     </span>
    </p>
   </div>
   <div class='ocr_carea' id='block_1_88' title="bbox 513 5610 2091 5683">
    <p class='ocr_par' dir='ltr' id='par_1_88' title="bbox 513 5610 2091 5683">
     <span class='ocr_line' id='line_1_88' title="bbox 513 5610 2091 5683; baseline 0.001 -20"><span class='ocrx_word' id='word_1_630' title='bbox 513 5610 878 5665; x_wconf 88' lang='lat' dir='ltr'><strong>substantiam</strong></span> <span class='ocrx_word' id='word_1_631' title='bbox 910 5614 1144 5683; x_wconf 89' lang='lat' dir='ltr'><strong>genitori</strong></span> <span class='ocrx_word' id='word_1_632' title='bbox 1176 5616 1398 5683; x_wconf 88' lang='lat' dir='ltr'><strong>genitus</strong></span> <span class='ocrx_word' id='word_1_633' title='bbox 1444 5617 1703 5679; x_wconf 86' lang='lat' dir='ltr'><strong>habetur,</strong></span> <span class='ocrx_word' id='word_1_634' title='bbox 1738 5615 1823 5669; x_wconf 87' lang='lat' dir='ltr'><strong>vel</strong></span> <span class='ocrx_word' id='word_1_635' title='bbox 1875 5612 1968 5667; x_wconf 93' lang='lat' dir='ltr'><strong>illo</strong></span> <span class='ocrx_word' id='word_1_636' title='bbox 2009 5612 2091 5665; x_wconf 88' lang='lat' dir='ltr'><strong>in-</strong></span> 
     </span>
    </p>
   </div>
   <div class='ocr_carea' id='block_1_89' title="bbox 511 5698 2089 5779">
    <p class='ocr_par' dir='ltr' id='par_1_89' title="bbox 511 5698 2089 5779">
     <span class='ocr_line' id='line_1_89' title="bbox 511 5698 2089 5779; baseline 0.004 -28"><span class='ocrx_word' id='word_1_637' title='bbox 511 5698 684 5752; x_wconf 78' lang='lat' dir='ltr'><strong>ferior</strong></span> <span class='ocrx_word' id='word_1_638' title='bbox 714 5718 727 5753; x_wconf 89' lang='lat'><strong>:</strong></span> <span class='ocrx_word' id='word_1_639' title='bbox 766 5703 992 5770; x_wconf 62' lang='lat' dir='ltr'><strong>aequalis</strong></span> <span class='ocrx_word' id='word_1_640' title='bbox 1044 5706 1292 5773; x_wconf 91' lang='lat' dir='ltr'><strong>quidem,</strong></span> <span class='ocrx_word' id='word_1_641' title='bbox 1335 5717 1527 5778; x_wconf 90' lang='lat' dir='ltr'><strong>utpote</strong></span> <span class='ocrx_word' id='word_1_642' title='bbox 1561 5709 1753 5779; x_wconf 89' lang='lat' dir='ltr'><strong>genuit</strong></span> <span class='ocrx_word' id='word_1_643' title='bbox 1786 5704 2005 5776; x_wconf 87' lang='lat' dir='ltr'><strong>genitor</strong></span> <span class='ocrx_word' id='word_1_644' title='bbox 2032 5703 2089 5757; x_wconf 88' lang='lat' dir='ltr'><strong>in</strong></span> 
     </span>
    </p>
   </div>
   <div class='ocr_carea' id='block_1_90' title="bbox 516 5788 2090 5868">
    <p class='ocr_par' dir='ltr' id='par_1_90' title="bbox 516 5788 2090 5868">
     <span class='ocr_line' id='line_1_90' title="bbox 516 5788 2090 5868; baseline 0.006 -26"><span class='ocrx_word' id='word_1_645' title='bbox 516 5801 615 5844; x_wconf 80' lang='lat' dir='ltr'><strong>sua</strong></span> <span class='ocrx_word' id='word_1_646' title='bbox 656 5788 864 5860; x_wconf 85' lang='lat' dir='ltr'><strong>forma;</strong></span> <span class='ocrx_word' id='word_1_647' title='bbox 898 5801 954 5852; x_wconf 87' lang='lat' dir='ltr'><strong>et</strong></span> <span class='ocrx_word' id='word_1_648' title='bbox 1002 5794 1058 5848; x_wconf 91' lang='lat' dir='ltr'><strong>in</strong></span> <span class='ocrx_word' id='word_1_649' title='bbox 1092 5795 1313 5853; x_wconf 87' lang='lat' dir='ltr'><strong>Christo</strong></span> <span class='ocrx_word' id='word_1_650' title='bbox 1362 5799 1511 5856; x_wconf 87' lang='lat' dir='ltr'><strong>enim</strong></span> <span class='ocrx_word' id='word_1_651' title='bbox 1558 5799 1687 5856; x_wconf 80' lang='lat' dir='ltr'><strong>Jesu</strong></span> <span class='ocrx_word' id='word_1_652' title='bbox 1726 5813 1825 5868; x_wconf 88' lang='lat' dir='ltr'><strong>per</strong></span> <span class='ocrx_word' id='word_1_653' title='bbox 1853 5809 2090 5866; x_wconf 83' lang='lat' dir='ltr'><strong>evange-</strong></span> 
     </span>
    </p>
   </div>
   <div class='ocr_carea' id='block_1_91' title="bbox 2175 3264 3768 3349">
    <p class='ocr_par' dir='ltr' id='par_1_91' title="bbox 2175 3264 3768 3349">
     <span class='ocr_line' id='line_1_91' title="bbox 2175 3264 3768 3349; baseline 0.008 -28"><span class='ocrx_word' id='word_1_654' title='bbox 2175 3268 2292 3322; x_wconf 78' lang='grc' dir='ltr'><strong>ἀλλ’</strong></span> <span class='ocrx_word' id='word_1_655' title='bbox 2322 3272 2378 3323; x_wconf 91' lang='grc' dir='ltr'><strong>ἐν</strong></span> <span class='ocrx_word' id='word_1_656' title='bbox 2399 3264 2442 3338; x_wconf 85' lang='grc' dir='ltr'>ᾧ</span> <span class='ocrx_word' id='word_1_657' title='bbox 2471 3273 2902 3341; x_wconf 80' lang='grc' dir='ltr'><strong>προσπταίοντες</strong></span> <span class='ocrx_word' id='word_1_658' title='bbox 2924 3274 3023 3329; x_wconf 90' lang='grc' dir='ltr'><strong>οὐκ</strong></span> <span class='ocrx_word' id='word_1_659' title='bbox 3051 3276 3439 3344; x_wconf 84' lang='grc' dir='ltr'><strong>ἐπισκέπτετε,</strong></span> <span class='ocrx_word' id='word_1_660' title='bbox 3466 3279 3693 3349; x_wconf 81' lang='grc' dir='ltr'><strong>μάθετε,</strong></span> <span class='ocrx_word' id='word_1_661' title='bbox 3719 3274 3768 3334; x_wconf 78' lang='grc' dir='ltr'><strong>ὦ</strong></span> 
     </span>
    </p>
   </div>
   <div class='ocr_carea' id='block_1_92' title="bbox 2176 3355 3769 3445">
    <p class='ocr_par' dir='ltr' id='par_1_92' title="bbox 2176 3355 3769 3445">
     <span class='ocr_line' id='line_1_92' title="bbox 2176 3355 3769 3445; baseline 0.009 -32"><span class='ocrx_word' id='word_1_662' title='bbox 2176 3355 2345 3429; x_wconf 80' lang='grc' dir='ltr'><strong>οῦτοι,</strong></span> <span class='ocrx_word' id='word_1_663' title='bbox 2376 3362 2493 3430; x_wconf 77' lang='grc' dir='ltr'><strong>είγε</strong></span> <span class='ocrx_word' id='word_1_664' title='bbox 2529 3365 2605 3433; x_wconf 79' lang='grc' dir='ltr'><strong>μὴ</strong></span> <span class='ocrx_word' id='word_1_665' title='bbox 2655 3365 2743 3417; x_wconf 74' lang='grc' dir='ltr'><strong>ἀεὶ</strong></span> <span class='ocrx_word' id='word_1_666' title='bbox 2773 3370 3145 3439; x_wconf 87' lang='grc' dir='ltr'><strong>γνωσιμαχεῖν</strong></span> <span class='ocrx_word' id='word_1_667' title='bbox 3199 3370 3477 3439; x_wconf 88' lang='grc' dir='ltr'><strong>βούλεσθε.</strong></span> <span class='ocrx_word' id='word_1_668' title='bbox 3514 3372 3605 3443; x_wconf 85' lang='grc' dir='ltr'><strong>Τῷ</strong></span> <span class='ocrx_word' id='word_1_669' title='bbox 3652 3373 3769 3445; x_wconf 78' lang='grc' dir='ltr'><strong>γὰρ</strong></span> 
     </span>
    </p>
   </div>
   <div class='ocr_carea' id='block_1_93' title="bbox 2177 3453 3770 3534">
    <p class='ocr_par' dir='ltr' id='par_1_93' title="bbox 2177 3453 3770 3534">
     <span class='ocr_line' id='line_1_93' title="bbox 2177 3453 3770 3534; baseline 0.009 -29"><span class='ocrx_word' id='word_1_670' title='bbox 2177 3453 2382 3523; x_wconf 90' lang='grc' dir='ltr'><strong>κυρίως</strong></span> <span class='ocrx_word' id='word_1_671' title='bbox 2422 3454 2514 3508; x_wconf 72' lang='grc' dir='ltr'><strong>καὶ</strong></span> <span class='ocrx_word' id='word_1_672' title='bbox 2544 3456 2686 3509; x_wconf 80' lang='grc' dir='ltr'><strong>κατὰ</strong></span> <span class='ocrx_word' id='word_1_673' title='bbox 2734 3457 2992 3528; x_wconf 84' lang='grc' dir='ltr'><strong>ἀλήθειαν</strong></span> <span class='ocrx_word' id='word_1_674' title='bbox 3028 3460 3298 3530; x_wconf 79' lang='grc' dir='ltr'><strong>ἑκατέραν</strong></span> <span class='ocrx_word' id='word_1_675' title='bbox 3321 3461 3580 3531; x_wconf 88' lang='grc' dir='ltr'><strong>λέγεσθαι</strong></span> <span class='ocrx_word' id='word_1_676' title='bbox 3634 3467 3770 3534; x_wconf 85' lang='grc' dir='ltr'><strong>γέν-</strong></span> 
     </span>
    </p>
   </div>
   <div class='ocr_carea' id='block_1_94' title="bbox 2177 3544 3770 3627">
    <p class='ocr_par' dir='ltr' id='par_1_94' title="bbox 2177 3544 3770 3627">
     <span class='ocr_line' id='line_1_94' title="bbox 2177 3544 3770 3627; baseline 0.009 -28"><span class='ocrx_word' id='word_1_677' title='bbox 2177 3562 2354 3615; x_wconf 90' lang='grc' dir='ltr'><strong>νησιν,</strong></span> <span class='ocrx_word' id='word_1_678' title='bbox 2383 3544 2560 3599; x_wconf 84' lang='grc' dir='ltr'><strong>οῐεσθε</strong></span> <span class='ocrx_word' id='word_1_679' title='bbox 2602 3548 2701 3620; x_wconf 80' lang='grc' dir='ltr'><strong>τὴν</strong></span> <span class='ocrx_word' id='word_1_680' title='bbox 2733 3550 2904 3619; x_wconf 77' lang='grc' dir='ltr'><strong>αὐτὴν</strong></span> <span class='ocrx_word' id='word_1_681' title='bbox 2959 3546 3099 3605; x_wconf 85' lang='grc' dir='ltr'><strong>εἴναι</strong></span> <span class='ocrx_word' id='word_1_682' title='bbox 3135 3552 3371 3623; x_wconf 89' lang='grc' dir='ltr'><strong>θατέραν</strong></span> <span class='ocrx_word' id='word_1_683' title='bbox 3406 3555 3633 3627; x_wconf 77' lang='grc' dir='ltr'><strong>θατέρᾳ,</strong></span> <span class='ocrx_word' id='word_1_684' title='bbox 3668 3559 3770 3613; x_wconf 79' lang='grc' dir='ltr'><strong>καὶ</strong></span> 
     </span>
    </p>
   </div>
   <div class='ocr_carea' id='block_1_95' title="bbox 2177 3638 3767 3717">
    <p class='ocr_par' dir='ltr' id='par_1_95' title="bbox 2177 3638 3767 3717">
     <span class='ocr_line' id='line_1_95' title="bbox 2177 3638 3767 3717; baseline 0.009 -26"><span class='ocrx_word' id='word_1_685' title='bbox 2177 3638 2441 3707; x_wconf 82' lang='grc' dir='ltr'><strong>ὁμοειδεῖς</strong></span> <span class='ocrx_word' id='word_1_686' title='bbox 2500 3638 2670 3710; x_wconf 78' lang='grc' dir='ltr'><strong>ἄμφω</strong></span> <span class='ocrx_word' id='word_1_687' title='bbox 2718 3640 2815 3705; x_wconf 81' lang='grc' dir='ltr'><strong>τὰς</strong></span> <span class='ocrx_word' id='word_1_688' title='bbox 2864 3644 3148 3714; x_wconf 84' lang='grc' dir='ltr'><strong>γεννήσεις</strong></span> <span class='ocrx_word' id='word_1_689' title='bbox 3201 3645 3652 3717; x_wconf 74' lang='grc' dir='ltr'><strong>ὑπολαμϐάνετεο</strong></span> <span class='ocrx_word' id='word_1_690' title='bbox 3701 3652 3767 3705; x_wconf 87' lang='grc' dir='ltr'><strong>οὐ</strong></span> 
     </span>
    </p>
   </div>
   <div class='ocr_carea' id='block_1_96' title="bbox 2180 3728 3768 3813">
    <p class='ocr_par' dir='ltr' id='par_1_96' title="bbox 2180 3728 3768 3813">
     <span class='ocr_line' id='line_1_96' title="bbox 2180 3728 3768 3813; baseline 0.009 -32"><span class='ocrx_word' id='word_1_691' title='bbox 2180 3728 2508 3793; x_wconf 84' lang='grc' dir='ltr'><strong>σκοποῦντες</strong></span> <span class='ocrx_word' id='word_1_692' title='bbox 2528 3731 2610 3784; x_wconf 85' lang='grc' dir='ltr'><strong>ὅτι</strong></span> <span class='ocrx_word' id='word_1_693' title='bbox 2641 3733 2720 3795; x_wconf 89' lang='grc' dir='ltr'><strong>είς</strong></span> <span class='ocrx_word' id='word_1_694' title='bbox 2743 3732 2834 3785; x_wconf 84' lang='grc' dir='ltr'><strong>τὸν</strong></span> <span class='ocrx_word' id='word_1_695' title='bbox 2863 3734 3065 3806; x_wconf 87' lang='grc' dir='ltr'><strong>ἐαυτῆς</strong></span> <span class='ocrx_word' id='word_1_696' title='bbox 3091 3736 3249 3805; x_wconf 90' lang='grc' dir='ltr'><strong>λόγον</strong></span> <span class='ocrx_word' id='word_1_697' title='bbox 3280 3738 3518 3810; x_wconf 79' lang='grc' dir='ltr'><strong>ἑκατέρα</strong></span> <span class='ocrx_word' id='word_1_698' title='bbox 3549 3741 3768 3813; x_wconf 80' lang='grc' dir='ltr'><strong>κυρίως</strong></span> 
     </span>
    </p>
   </div>
   <div class='ocr_carea' id='block_1_97' title="bbox 2179 3822 3765 3905">
    <p class='ocr_par' dir='ltr' id='par_1_97' title="bbox 2179 3822 3765 3905">
     <span class='ocr_line' id='line_1_97' title="bbox 2179 3822 3765 3905; baseline 0.008 -28"><span class='ocrx_word' id='word_1_699' title='bbox 2179 3824 2296 3877; x_wconf 70' lang='grc' dir='ltr'><strong>ἐστὶ</strong></span> <span class='ocrx_word' id='word_1_700' title='bbox 2330 3822 2425 3876; x_wconf 73' lang='grc' dir='ltr'><strong>καὶ</strong></span> <span class='ocrx_word' id='word_1_701' title='bbox 2454 3822 2593 3877; x_wconf 80' lang='grc' dir='ltr'><strong>κατὰ</strong></span> <span class='ocrx_word' id='word_1_702' title='bbox 2625 3824 2905 3894; x_wconf 83' lang='grc' dir='ltr'><strong>ἀλήθειαν,</strong></span> <span class='ocrx_word' id='word_1_703' title='bbox 2934 3829 3029 3881; x_wconf 81' lang='grc' dir='ltr'><strong>καὶ</strong></span> <span class='ocrx_word' id='word_1_704' title='bbox 3058 3827 3159 3881; x_wconf 90' lang='grc' dir='ltr'><strong>οὐκ</strong></span> <span class='ocrx_word' id='word_1_705' title='bbox 3186 3830 3268 3893; x_wconf 86' lang='grc' dir='ltr'><strong>είς</strong></span> <span class='ocrx_word' id='word_1_706' title='bbox 3295 3831 3388 3885; x_wconf 75' lang='grc' dir='ltr'><strong>τὸν</strong></span> <span class='ocrx_word' id='word_1_707' title='bbox 3414 3832 3515 3903; x_wconf 80' lang='grc' dir='ltr'><strong>τῆς</strong></span> <span class='ocrx_word' id='word_1_708' title='bbox 3538 3833 3765 3905; x_wconf 86' lang='grc' dir='ltr'><strong>ἐτέρας.</strong></span> 
     </span>
    </p>
   </div>
   <div class='ocr_carea' id='block_1_98' title="bbox 2180 3916 3772 3995">
    <p class='ocr_par' dir='ltr' id='par_1_98' title="bbox 2180 3916 3772 3995">
     <span class='ocr_line' id='line_1_98' title="bbox 2180 3916 3772 3995; baseline 0.009 -26"><span class='ocrx_word' id='word_1_709' title='bbox 2180 3917 2243 3970; x_wconf 87' lang='grc' dir='ltr'><strong>Εί</strong></span> <span class='ocrx_word' id='word_1_710' title='bbox 2272 3916 2380 3989; x_wconf 77' lang='grc' dir='ltr'><strong>γάρ</strong></span> <span class='ocrx_word' id='word_1_711' title='bbox 2418 3919 2596 3972; x_wconf 83' lang='grc' dir='ltr'><strong>πάντα</strong></span> <span class='ocrx_word' id='word_1_712' title='bbox 2639 3920 2856 3991; x_wconf 84' lang='grc' dir='ltr'><strong>ὁμοειδῆ</strong></span> <span class='ocrx_word' id='word_1_713' title='bbox 2888 3922 3170 3992; x_wconf 85' lang='grc' dir='ltr'><strong>νομιστέον</strong></span> <span class='ocrx_word' id='word_1_714' title='bbox 3210 3917 3292 3989; x_wconf 78' lang='grc' dir='ltr'><strong>οἷς</strong></span> <span class='ocrx_word' id='word_1_715' title='bbox 3320 3926 3382 3979; x_wconf 81' lang='grc' dir='ltr'><strong>τὸ</strong></span> <span class='ocrx_word' id='word_1_716' title='bbox 3405 3926 3615 3995; x_wconf 85' lang='grc' dir='ltr'><strong>κυρίως</strong></span> <span class='ocrx_word' id='word_1_717' title='bbox 3668 3930 3772 3985; x_wconf 75' lang='grc' dir='ltr'><strong>καὶ</strong></span> 
     </span>
    </p>
   </div>
   <div class='ocr_carea' id='block_1_99' title="bbox 2181 3998 3775 4088">
    <p class='ocr_par' dir='ltr' id='par_1_99' title="bbox 2181 3998 3775 4088">
     <span class='ocr_line' id='line_1_99' title="bbox 2181 3998 3775 4088; baseline 0.008 -26"><span class='ocrx_word' id='word_1_718' title='bbox 2181 4011 2320 4062; x_wconf 79' lang='grc' dir='ltr'><strong>κατὰ</strong></span> <span class='ocrx_word' id='word_1_719' title='bbox 2342 4010 2597 4080; x_wconf 82' lang='grc' dir='ltr'><strong>ἀλήθειαν</strong></span> <span class='ocrx_word' id='word_1_720' title='bbox 2619 4012 3099 4085; x_wconf 64' lang='grc' dir='ltr'><strong>ἐπιμαρτυρεὴαι,</strong></span> <span class='ocrx_word' id='word_1_721' title='bbox 3130 4015 3253 4069; x_wconf 90' lang='grc' dir='ltr'><strong>δέον</strong></span> <span class='ocrx_word' id='word_1_722' title='bbox 3283 4018 3431 4088; x_wconf 78' lang='grc' dir='ltr'><strong>ὑμᾶς</strong></span> <span class='ocrx_word' id='word_1_723' title='bbox 3453 4020 3577 4073; x_wconf 75' lang='grc' dir='ltr'><strong>ἐπεὶ</strong></span> <span class='ocrx_word' id='word_1_724' title='bbox 3601 4022 3630 4074; x_wconf 90' lang='grc' dir='ltr'><strong>ὁ</strong></span> <span class='ocrx_word' id='word_1_725' title='bbox 3678 3998 3775 4074; x_wconf 7' lang='grc' dir='ltr'><strong>λίοη</strong></span> 
     </span>
    </p>
   </div>
   <div class='ocr_carea' id='block_1_100' title="bbox 2182 4100 3767 4187">
    <p class='ocr_par' dir='ltr' id='par_1_100' title="bbox 2182 4100 3767 4187">
     <span class='ocr_line' id='line_1_100' title="bbox 2182 4100 3767 4187; baseline 0.009 -34"><span class='ocrx_word' id='word_1_726' title='bbox 2182 4100 2269 4163; x_wconf 82' lang='grc' dir='ltr'><strong>θος</strong></span> <span class='ocrx_word' id='word_1_727' title='bbox 2288 4100 2491 4171; x_wconf 88' lang='grc' dir='ltr'><strong>κυρίως</strong></span> <span class='ocrx_word' id='word_1_728' title='bbox 2519 4102 2613 4155; x_wconf 74' lang='grc' dir='ltr'><strong>καὶ</strong></span> <span class='ocrx_word' id='word_1_729' title='bbox 2668 4104 2807 4157; x_wconf 70' lang='grc' dir='ltr'><strong>κατὰ</strong></span> <span class='ocrx_word' id='word_1_730' title='bbox 2830 4104 3094 4176; x_wconf 83' lang='grc' dir='ltr'><strong>ἀλήθειαν</strong></span> <span class='ocrx_word' id='word_1_731' title='bbox 3136 4105 3471 4187; x_wconf 12' lang='grc' dir='ltr'><strong>σῶμαῗείναι</strong></span> <span class='ocrx_word' id='word_1_732' title='bbox 3520 4112 3767 4181; x_wconf 88' lang='grc' dir='ltr'><strong>λέγεται,</strong></span> 
     </span>
    </p>
   </div>
   <div class='ocr_carea' id='block_1_101' title="bbox 2181 4186 3769 4274">
    <p class='ocr_par' dir='ltr' id='par_1_101' title="bbox 2181 4186 3769 4274">
     <span class='ocr_line' id='line_1_101' title="bbox 2181 4186 3769 4274; baseline 0.01 -30"><span class='ocrx_word' id='word_1_733' title='bbox 2181 4193 2276 4245; x_wconf 75' lang='grc' dir='ltr'><strong>καὶ</strong></span> <span class='ocrx_word' id='word_1_734' title='bbox 2297 4193 2325 4244; x_wconf 87' lang='grc' dir='ltr'><strong>ὁ</strong></span> <span class='ocrx_word' id='word_1_735' title='bbox 2350 4192 2500 4263; x_wconf 82' lang='grc' dir='ltr'><strong>ήλιος</strong></span> <span class='ocrx_word' id='word_1_736' title='bbox 2525 4192 2580 4245; x_wconf 82' lang='grc' dir='ltr'><strong>δὲ</strong></span> <span class='ocrx_word' id='word_1_737' title='bbox 2612 4194 2816 4263; x_wconf 89' lang='grc' dir='ltr'><strong>κυρίως</strong></span> <span class='ocrx_word' id='word_1_738' title='bbox 2844 4197 2937 4250; x_wconf 77' lang='grc' dir='ltr'><strong>καὶ</strong></span> <span class='ocrx_word' id='word_1_739' title='bbox 2976 4198 3119 4252; x_wconf 80' lang='grc' dir='ltr'><strong>κατὰ</strong></span> <span class='ocrx_word' id='word_1_740' title='bbox 3141 4186 3405 4272; x_wconf 78' lang='grc' dir='ltr'><strong>ἀλήθειαν</strong></span> <span class='ocrx_word' id='word_1_741' title='bbox 3434 4204 3599 4274; x_wconf 88' lang='grc' dir='ltr'><strong>σῶμα</strong></span> <span class='ocrx_word' id='word_1_742' title='bbox 3621 4199 3769 4260; x_wconf 74' lang='grc' dir='ltr'><strong>εἶναι</strong></span> 
     </span>
    </p>
   </div>
   <div class='ocr_carea' id='block_1_102' title="bbox 2183 4282 3773 4363">
    <p class='ocr_par' dir='ltr' id='par_1_102' title="bbox 2183 4282 3773 4363">
     <span class='ocr_line' id='line_1_102' title="bbox 2183 4282 3773 4363; baseline 0.011 -29"><span class='ocrx_word' id='word_1_743' title='bbox 2183 4282 2423 4352; x_wconf 81' lang='grc' dir='ltr'><strong>λέγεται,</strong></span> <span class='ocrx_word' id='word_1_744' title='bbox 2474 4285 2569 4339; x_wconf 69' lang='grc' dir='ltr'><strong>καί⁵</strong></span> <span class='ocrx_word' id='word_1_745' title='bbox 2590 4288 2619 4339; x_wconf 87' lang='grc' dir='ltr'><strong>ὁ</strong></span> <span class='ocrx_word' id='word_1_746' title='bbox 2647 4287 2779 4351; x_wconf 77' lang='grc' dir='ltr'><strong>Θεὸς</strong></span> <span class='ocrx_word' id='word_1_747' title='bbox 2810 4288 3104 4359; x_wconf 83' lang='grc' dir='ltr'><strong>ἀσώματος</strong></span> <span class='ocrx_word' id='word_1_748' title='bbox 3139 4293 3349 4363; x_wconf 90' lang='grc' dir='ltr'><strong>κυρίως</strong></span> <span class='ocrx_word' id='word_1_749' title='bbox 3396 4312 3457 4348; x_wconf 90' lang='grc' dir='ltr'><strong>τε</strong></span> <span class='ocrx_word' id='word_1_750' title='bbox 3482 4298 3583 4350; x_wconf 79' lang='grc' dir='ltr'><strong>καὶ</strong></span> <span class='ocrx_word' id='word_1_751' title='bbox 3620 4300 3773 4353; x_wconf 85' lang='grc' dir='ltr'><strong>κατὰ</strong></span> 
     </span>
    </p>
   </div>
   <div class='ocr_carea' id='block_1_103' title="bbox 2183 4374 3772 4451">
    <p class='ocr_par' dir='ltr' id='par_1_103' title="bbox 2183 4374 3772 4451">
     <span class='ocr_line' id='line_1_103' title="bbox 2183 4374 3772 4451; baseline 0.009 -23"><span class='ocrx_word' id='word_1_752' title='bbox 2183 4374 2441 4445; x_wconf 81' lang='grc' dir='ltr'><strong>ἀλήθειαν</strong></span> <span class='ocrx_word' id='word_1_753' title='bbox 2466 4376 2704 4444; x_wconf 85' lang='grc' dir='ltr'><strong>λέγεται,</strong></span> <span class='ocrx_word' id='word_1_754' title='bbox 2737 4380 2956 4451; x_wconf 76' lang='grc' dir='ltr'><strong>ὁμοειδῆ</strong></span> <span class='ocrx_word' id='word_1_755' title='bbox 2986 4382 3229 4451; x_wconf 78' lang='grc' dir='ltr'><strong>νομίζειν</strong></span> <span class='ocrx_word' id='word_1_756' title='bbox 3262 4385 3353 4439; x_wconf 83' lang='grc' dir='ltr'><strong>τόν</strong></span> <span class='ocrx_word' id='word_1_757' title='bbox 3386 4402 3447 4438; x_wconf 89' lang='grc' dir='ltr'><strong>τε</strong></span> <span class='ocrx_word' id='word_1_758' title='bbox 3480 4385 3633 4441; x_wconf 88' lang='grc' dir='ltr'><strong>λίθον</strong></span> <span class='ocrx_word' id='word_1_759' title='bbox 3669 4390 3772 4443; x_wconf 74' lang='grc' dir='ltr'><strong>καὶ</strong></span> 
     </span>
    </p>
   </div>
   <div class='ocr_carea' id='block_1_104' title="bbox 2185 4466 3773 4548">
    <p class='ocr_par' dir='ltr' id='par_1_104' title="bbox 2185 4466 3773 4548">
     <span class='ocr_line' id='line_1_104' title="bbox 2185 4466 3773 4548; baseline 0.009 -29"><span class='ocrx_word' id='word_1_760' title='bbox 2185 4466 2275 4520; x_wconf 83' lang='grc' dir='ltr'><strong>τὸν</strong></span> <span class='ocrx_word' id='word_1_761' title='bbox 2294 4468 2444 4537; x_wconf 78' lang='grc' dir='ltr'><strong>ἥλιον</strong></span> <span class='ocrx_word' id='word_1_762' title='bbox 2474 4468 2570 4521; x_wconf 69' lang='grc' dir='ltr'><strong>καὶ</strong></span> <span class='ocrx_word' id='word_1_763' title='bbox 2598 4469 2688 4522; x_wconf 84' lang='grc' dir='ltr'><strong>τὸν</strong></span> <span class='ocrx_word' id='word_1_764' title='bbox 2719 4469 2851 4523; x_wconf 81' lang='grc' dir='ltr'><strong>Θεόν</strong></span> <span class='ocrx_word' id='word_1_765' title='bbox 2871 4487 2886 4503; x_wconf 76' lang='grc'><strong><em>⁸</em></strong></span> <span class='ocrx_word' id='word_1_766' title='bbox 2920 4474 3123 4542; x_wconf 89' lang='grc' dir='ltr'><strong>ὁμοίως</strong></span> <span class='ocrx_word' id='word_1_767' title='bbox 3151 4474 3208 4528; x_wconf 85' lang='grc' dir='ltr'><strong>δὲ</strong></span> <span class='ocrx_word' id='word_1_768' title='bbox 3239 4475 3530 4548; x_wconf 77' lang='grc' dir='ltr'><strong>ἄνθρωπόν</strong></span> <span class='ocrx_word' id='word_1_769' title='bbox 3558 4496 3620 4532; x_wconf 90' lang='grc' dir='ltr'><strong>τε</strong></span> <span class='ocrx_word' id='word_1_770' title='bbox 3672 4481 3773 4535; x_wconf 76' lang='grc' dir='ltr'><strong>καὶ</strong></span> 
     </span>
    </p>
   </div>
   <div class='ocr_carea' id='block_1_105' title="bbox 2186 4559 3773 4641">
    <p class='ocr_par' dir='ltr' id='par_1_105' title="bbox 2186 4559 3773 4641">
     <span class='ocr_line' id='line_1_105' title="bbox 2186 4559 3773 4641; baseline 0.008 -28"><span class='ocrx_word' id='word_1_771' title='bbox 2186 4559 2455 4631; x_wconf 83' lang='grc' dir='ltr'><strong>βάτραχον</strong></span> <span class='ocrx_word' id='word_1_772' title='bbox 2475 4576 2488 4589; x_wconf 91' lang='grc'><strong>·</strong></span> <span class='ocrx_word' id='word_1_773' title='bbox 2516 4560 2631 4624; x_wconf 56' lang='lat' dir='ltr'><strong>qua</strong></span> <span class='ocrx_word' id='word_1_774' title='bbox 2656 4579 2715 4615; x_wconf 93' lang='grc' dir='ltr'><strong>τε</strong></span> <span class='ocrx_word' id='word_1_775' title='bbox 2737 4562 2866 4618; x_wconf 76' lang='grc' dir='ltr'><strong>ὄντα</strong></span> <span class='ocrx_word' id='word_1_776' title='bbox 2893 4564 2989 4618; x_wconf 79' lang='grc' dir='ltr'><strong>καὶ</strong></span> <span class='ocrx_word' id='word_1_777' title='bbox 3014 4566 3216 4637; x_wconf 89' lang='grc' dir='ltr'><strong>κυρίως</strong></span> <span class='ocrx_word' id='word_1_778' title='bbox 3236 4569 3493 4623; x_wconf 77' lang='grc' dir='ltr'><strong>καὶκατὰ</strong></span> <span class='ocrx_word' id='word_1_779' title='bbox 3508 4570 3773 4641; x_wconf 82' lang='grc' dir='ltr'><strong>ἀλήθειαν</strong></span> 
     </span>
    </p>
   </div>
   <div class='ocr_carea' id='block_1_106' title="bbox 2185 4650 3770 4731">
    <p class='ocr_par' dir='ltr' id='par_1_106' title="bbox 2185 4650 3770 4731">
     <span class='ocr_line' id='line_1_106' title="bbox 2185 4650 3770 4731; baseline 0.007 -28"><span class='ocrx_word' id='word_1_780' title='bbox 2185 4651 2446 4722; x_wconf 77' lang='grc' dir='ltr'><strong>ἑκάτερον</strong></span> <span class='ocrx_word' id='word_1_781' title='bbox 2474 4650 2747 4721; x_wconf 89' lang='grc' dir='ltr'><strong>λεγόμενα</strong></span> <span class='ocrx_word' id='word_1_782' title='bbox 2770 4669 2786 4684; x_wconf 76' lang='grc' dir='ltr'><strong>ο</strong></span> <span class='ocrx_word' id='word_1_783' title='bbox 2824 4655 2917 4706; x_wconf 66' lang='grc' dir='ltr'><strong>καὶ¹</strong></span> <span class='ocrx_word' id='word_1_784' title='bbox 2941 4654 3003 4707; x_wconf 84' lang='grc' dir='ltr'><strong>τὸ</strong></span> <span class='ocrx_word' id='word_1_785' title='bbox 3028 4653 3176 4727; x_wconf 86' lang='grc' dir='ltr'><strong>ῦδωρ</strong></span> <span class='ocrx_word' id='word_1_786' title='bbox 3218 4657 3397 4720; x_wconf 75' lang='grc' dir='ltr'><strong>ἄζωον</strong></span> <span class='ocrx_word' id='word_1_787' title='bbox 3428 4658 3647 4731; x_wconf 82' lang='grc' dir='ltr'><strong>ἀληθῶς</strong></span> <span class='ocrx_word' id='word_1_788' title='bbox 3676 4661 3770 4714; x_wconf 82' lang='grc' dir='ltr'><strong>λε·-</strong></span> 
     </span>
    </p>
   </div>
   <div class='ocr_carea' id='block_1_107' title="bbox 2184 4743 3774 4823">
    <p class='ocr_par' dir='ltr' id='par_1_107' title="bbox 2184 4743 3774 4823">
     <span class='ocr_line' id='line_1_107' title="bbox 2184 4743 3774 4823; baseline 0.008 -29"><span class='ocrx_word' id='word_1_789' title='bbox 2184 4743 2434 4813; x_wconf 83' lang='grc' dir='ltr'><strong>γὸμενον.</strong></span> <span class='ocrx_word' id='word_1_790' title='bbox 2455 4744 2678 4815; x_wconf 83' lang='grc' dir='ltr'><strong>ὁμοειδῆ</strong></span> <span class='ocrx_word' id='word_1_791' title='bbox 2712 4745 3024 4815; x_wconf 83' lang='grc' dir='ltr'><strong>νομιστέον·</strong></span> <span class='ocrx_word' id='word_1_792' title='bbox 3054 4747 3285 4819; x_wconf 82' lang='grc' dir='ltr'><strong>οὐρανόν</strong></span> <span class='ocrx_word' id='word_1_793' title='bbox 3304 4766 3363 4803; x_wconf 89' lang='grc' dir='ltr'><strong>τε</strong></span> <span class='ocrx_word' id='word_1_794' title='bbox 3403 4751 3499 4803; x_wconf 75' lang='grc' dir='ltr'><strong>καὶ</strong></span> <span class='ocrx_word' id='word_1_795' title='bbox 3531 4752 3774 4823; x_wconf 79' lang='grc' dir='ltr'><strong>κέγχρον</strong></span> 
     </span>
    </p>
   </div>
   <div class='ocr_carea' id='block_1_108' title="bbox 2186 4835 3775 4914">
    <p class='ocr_par' dir='ltr' id='par_1_108' title="bbox 2186 4835 3775 4914">
     <span class='ocr_line' id='line_1_108' title="bbox 2186 4835 3775 4914; baseline 0.004 -24"><span class='ocrx_word' id='word_1_796' title='bbox 2186 4836 2364 4890; x_wconf 76' lang='grc' dir='ltr'><strong>καὶτὰ</strong></span> <span class='ocrx_word' id='word_1_797' title='bbox 2380 4835 2541 4888; x_wconf 76' lang='grc' dir='ltr'><strong>λοιπὰ</strong></span> <span class='ocrx_word' id='word_1_798' title='bbox 2568 4836 2746 4891; x_wconf 88' lang='grc' dir='ltr'><strong>πάντα</strong></span> <span class='ocrx_word' id='word_1_799' title='bbox 2767 4837 2874 4890; x_wconf 85' lang='grc' dir='ltr'><strong>τῶν</strong></span> <span class='ocrx_word' id='word_1_800' title='bbox 2892 4838 3061 4892; x_wconf 69' lang='grc' dir='ltr'><strong>ὅντων</strong></span> <span class='ocrx_word' id='word_1_801' title='bbox 3080 4838 3366 4904; x_wconf 84' lang='grc' dir='ltr'><strong>ὡσαύτως,</strong></span> <span class='ocrx_word' id='word_1_802' title='bbox 3390 4842 3775 4914; x_wconf 79' lang='grc' dir='ltr'><strong>ἐξορισθείσης</strong></span> 
     </span>
    </p>
   </div>
   <div class='ocr_carea' id='block_1_109' title="bbox 2187 4925 3775 5003">
    <p class='ocr_par' dir='ltr' id='par_1_109' title="bbox 2187 4925 3775 5003">
     <span class='ocr_line' id='line_1_109' title="bbox 2187 4925 3775 5003; baseline 0.005 -25"><span class='ocrx_word' id='word_1_803' title='bbox 2187 4925 2317 4992; x_wconf 65' lang='grc' dir='ltr'><strong>ὑμῖν</strong></span> <span class='ocrx_word' id='word_1_804' title='bbox 2339 4925 2519 4995; x_wconf 88' lang='grc' dir='ltr'><strong>πάσης</strong></span> <span class='ocrx_word' id='word_1_805' title='bbox 2551 4927 2955 4998; x_wconf 71' lang='grc' dir='ltr'><strong>ἀνομοιότητος⁹</strong></span> <span class='ocrx_word' id='word_1_806' title='bbox 2981 4928 3059 4999; x_wconf 85' lang='grc' dir='ltr'><strong>τῷ</strong></span> <span class='ocrx_word' id='word_1_807' title='bbox 3098 4930 3214 4998; x_wconf 78' lang='grc' dir='ltr'><strong>ἰδίῳ</strong></span> <span class='ocrx_word' id='word_1_808' title='bbox 3253 4930 3398 5001; x_wconf 82' lang='grc' dir='ltr'><strong>λόγῳ</strong></span> <span class='ocrx_word' id='word_1_809' title='bbox 3418 4933 3624 5003; x_wconf 83' lang='grc' dir='ltr'><strong>κυρίως</strong></span> <span class='ocrx_word' id='word_1_810' title='bbox 3652 4934 3775 4987; x_wconf 72' lang='grc' dir='ltr'><strong>ἐστὶ</strong></span> 
     </span>
    </p>
   </div>
   <div class='ocr_carea' id='block_1_110' title="bbox 2186 5016 3775 5095">
    <p class='ocr_par' dir='ltr' id='par_1_110' title="bbox 2186 5016 3775 5095">
     <span class='ocr_line' id='line_1_110' title="bbox 2186 5016 3775 5095; baseline 0.006 -25"><span class='ocrx_word' id='word_1_811' title='bbox 2186 5018 2439 5071; x_wconf 75' lang='grc' dir='ltr'><strong>καὶκατὰ</strong></span> <span class='ocrx_word' id='word_1_812' title='bbox 2477 5016 2757 5086; x_wconf 78' lang='grc' dir='ltr'><strong>ἀλήθειαν,</strong></span> <span class='ocrx_word' id='word_1_813' title='bbox 2781 5020 2942 5073; x_wconf 88' lang='grc' dir='ltr'><strong>τοῦτο</strong></span> <span class='ocrx_word' id='word_1_814' title='bbox 2975 5021 3112 5088; x_wconf 86' lang='grc' dir='ltr'><strong>ὅπερ</strong></span> <span class='ocrx_word' id='word_1_815' title='bbox 3143 5024 3281 5087; x_wconf 69' lang='grc' dir='ltr'><strong>ἐστὶ,</strong></span> <span class='ocrx_word' id='word_1_816' title='bbox 3321 5024 3425 5077; x_wconf 79' lang='grc' dir='ltr'><strong>κᾶν</strong></span> <span class='ocrx_word' id='word_1_817' title='bbox 3459 5024 3775 5095; x_wconf 89' lang='grc' dir='ltr'><strong>ὁμωνύμως</strong></span> 
     </span>
    </p>
   </div>
   <div class='ocr_carea' id='block_1_111' title="bbox 2188 5109 3773 5187">
    <p class='ocr_par' dir='ltr' id='par_1_111' title="bbox 2188 5109 3773 5187">
     <span class='ocr_line' id='line_1_111' title="bbox 2188 5109 3773 5187; baseline 0.006 -25"><span class='ocrx_word' id='word_1_818' title='bbox 2188 5109 2319 5185; x_wconf 85' lang='grc' dir='ltr'><strong>ποτέ</strong></span> <span class='ocrx_word' id='word_1_819' title='bbox 2345 5111 2437 5164; x_wconf 76' lang='grc' dir='ltr'><strong>καὶ</strong></span> <span class='ocrx_word' id='word_1_820' title='bbox 2459 5110 2549 5163; x_wconf 74' lang='grc' dir='ltr'><strong>ἐπὶ</strong></span> <span class='ocrx_word' id='word_1_821' title='bbox 2566 5111 2755 5181; x_wconf 82' lang='grc' dir='ltr'><strong>ἐτέρου</strong></span> <span class='ocrx_word' id='word_1_822' title='bbox 2775 5111 2835 5163; x_wconf 77' lang='grc' dir='ltr'><strong>τὸ</strong></span> <span class='ocrx_word' id='word_1_823' title='bbox 2854 5111 3006 5165; x_wconf 90' lang='grc' dir='ltr'><strong>τοῦδε</strong></span> <span class='ocrx_word' id='word_1_824' title='bbox 3027 5112 3223 5184; x_wconf 78' lang='grc' dir='ltr'><strong>ὄνομα,</strong></span> <span class='ocrx_word' id='word_1_825' title='bbox 3248 5114 3323 5179; x_wconf 84' lang='grc' dir='ltr'><strong>ὠς</strong></span> <span class='ocrx_word' id='word_1_826' title='bbox 3341 5115 3519 5181; x_wconf 77' lang='grc' dir='ltr'><strong>ὄντος,</strong></span> <span class='ocrx_word' id='word_1_827' title='bbox 3536 5116 3773 5187; x_wconf 83' lang='grc' dir='ltr'><strong>λέγοιτο.</strong></span> 
     </span>
    </p>
   </div>
   <div class='ocr_carea' id='block_1_112' title="bbox 2768 5223 3187 5290">
    <p class='ocr_par' dir='ltr' id='par_1_112' title="bbox 2768 5223 3187 5290">
     <span class='ocr_line' id='line_1_112' title="bbox 2768 5223 3187 5290; baseline 0.002 -13"><span class='ocrx_word' id='word_1_828' title='bbox 2768 5223 3022 5278; x_wconf 78' lang='grc' dir='ltr'><strong>ΚΕΦΑΛ.</strong></span> <span class='ocrx_word' id='word_1_829' title='bbox 3046 5224 3187 5290; x_wconf 74' lang='lat' dir='ltr'><strong>Aq&#39;.</strong></span> 
     </span>
    </p>
   </div>
   <div class='ocr_carea' id='block_1_113' title="bbox 2261 5336 3778 5410">
    <p class='ocr_par' dir='ltr' id='par_1_113' title="bbox 2261 5336 3778 5410">
     <span class='ocr_line' id='line_1_113' title="bbox 2261 5336 3778 5410; baseline 0.001 -18"><span class='ocrx_word' id='word_1_830' title='bbox 2261 5338 2324 5393; x_wconf 85' lang='grc' dir='ltr'><strong>Εἰ</strong></span> <span class='ocrx_word' id='word_1_831' title='bbox 2346 5339 2375 5391; x_wconf 92' lang='grc' dir='ltr'><strong>ὁ</strong></span> <span class='ocrx_word' id='word_1_832' title='bbox 2404 5338 2535 5403; x_wconf 82' lang='grc' dir='ltr'><strong>Θεὸς</strong></span> <span class='ocrx_word' id='word_1_833' title='bbox 2556 5339 2726 5407; x_wconf 83' lang='grc' dir='ltr'><strong>Λόγος</strong></span> <span class='ocrx_word' id='word_1_834' title='bbox 2755 5336 3020 5409; x_wconf 86' lang='grc' dir='ltr'><strong>ἐγεννήθη</strong></span> <span class='ocrx_word' id='word_1_835' title='bbox 3061 5336 3206 5391; x_wconf 84' lang='grc' dir='ltr'><strong>κατὰ</strong></span> <span class='ocrx_word' id='word_1_836' title='bbox 3231 5337 3494 5408; x_wconf 83' lang='grc' dir='ltr'><strong>ἀλήθειαν</strong></span> <span class='ocrx_word' id='word_1_837' title='bbox 3545 5339 3611 5393; x_wconf 83' lang='grc' dir='ltr'><strong>ἐκ</strong></span> <span class='ocrx_word' id='word_1_838' title='bbox 3670 5339 3778 5410; x_wconf 81' lang='grc' dir='ltr'><strong>τῆς</strong></span> 
     </span>
    </p>
   </div>
   <div class='ocr_carea' id='block_1_114' title="bbox 2190 5425 3779 5500">
    <p class='ocr_par' dir='ltr' id='par_1_114' title="bbox 2190 5425 3779 5500">
     <span class='ocr_line' id='line_1_114' title="bbox 2190 5425 3779 5500; baseline 0.001 -19"><span class='ocrx_word' id='word_1_839' title='bbox 2190 5428 2494 5500; x_wconf 89' lang='grc' dir='ltr'><strong>Παρθένου,</strong></span> <span class='ocrx_word' id='word_1_840' title='bbox 2551 5427 2700 5480; x_wconf 78' lang='grc' dir='ltr'><strong>πᾶσα</strong></span> <span class='ocrx_word' id='word_1_841' title='bbox 2719 5426 2777 5479; x_wconf 84' lang='grc' dir='ltr'><strong>δέ</strong></span> <span class='ocrx_word' id='word_1_842' title='bbox 2798 5426 3053 5498; x_wconf 88' lang='grc' dir='ltr'><strong>γέννησις</strong></span> <span class='ocrx_word' id='word_1_843' title='bbox 3089 5425 3167 5497; x_wconf 82' lang='grc' dir='ltr'><strong>μὴ</strong></span> <span class='ocrx_word' id='word_1_844' title='bbox 3191 5427 3498 5499; x_wconf 77' lang='grc' dir='ltr'><strong>ψεγομένη,</strong></span> <span class='ocrx_word' id='word_1_845' title='bbox 3537 5430 3573 5499; x_wconf 78' lang='grc' dir='ltr'><strong>ἥ</strong></span> <span class='ocrx_word' id='word_1_846' title='bbox 3604 5446 3668 5482; x_wconf 85' lang='grc' dir='ltr'><strong>τε</strong></span> <span class='ocrx_word' id='word_1_847' title='bbox 3712 5431 3779 5484; x_wconf 77' lang='grc' dir='ltr'><strong>τὸ</strong></span> 
     </span>
    </p>
   </div>
   <div class='ocr_carea' id='block_1_115' title="bbox 2191 5514 3781 5591">
    <p class='ocr_par' dir='ltr' id='par_1_115' title="bbox 2191 5514 3781 5591">
     <span class='ocr_line' id='line_1_115' title="bbox 2191 5514 3781 5591; baseline 0.003 -19"><span class='ocrx_word' id='word_1_848' title='bbox 2191 5514 2331 5573; x_wconf 79' lang='grc' dir='ltr'><strong>εἶναι</strong></span> <span class='ocrx_word' id='word_1_849' title='bbox 2359 5517 2580 5573; x_wconf 85' lang='grc' dir='ltr'><strong>διδοῦσα</strong></span> <span class='ocrx_word' id='word_1_850' title='bbox 2599 5518 2676 5588; x_wconf 83' lang='grc' dir='ltr'><strong>τῷ</strong></span> <span class='ocrx_word' id='word_1_851' title='bbox 2702 5520 3029 5590; x_wconf 83' lang='grc' dir='ltr'><strong>τικτομένῳ,</strong></span> <span class='ocrx_word' id='word_1_852' title='bbox 3066 5519 3163 5573; x_wconf 75' lang='grc' dir='ltr'><strong>καὶ</strong></span> <span class='ocrx_word' id='word_1_853' title='bbox 3190 5520 3224 5589; x_wconf 84' lang='grc' dir='ltr'>ἡ</span> <span class='ocrx_word' id='word_1_854' title='bbox 3262 5520 3338 5591; x_wconf 82' lang='grc' dir='ltr'><strong>μὴ</strong></span> <span class='ocrx_word' id='word_1_855' title='bbox 3363 5521 3602 5587; x_wconf 84' lang='grc' dir='ltr'><strong>διδοῦσα,</strong></span> <span class='ocrx_word' id='word_1_856' title='bbox 3660 5523 3781 5577; x_wconf 71' lang='grc' dir='ltr'><strong>ἴσον</strong></span> 
     </span>
    </p>
   </div>
   <div class='ocr_carea' id='block_1_116' title="bbox 2191 5610 3776 5686">
    <p class='ocr_par' dir='ltr' id='par_1_116' title="bbox 2191 5610 3776 5686">
     <span class='ocr_line' id='line_1_116' title="bbox 2191 5610 3776 5686; baseline -0.001 -18"><span class='ocrx_word' id='word_1_857' title='bbox 2191 5613 2312 5667; x_wconf 87' lang='grc' dir='ltr'><strong>κατ’</strong></span> <span class='ocrx_word' id='word_1_858' title='bbox 2352 5611 2545 5665; x_wconf 82' lang='grc' dir='ltr'><strong>οὐσίαν</strong></span> <span class='ocrx_word' id='word_1_859' title='bbox 2586 5610 2680 5663; x_wconf 84' lang='grc' dir='ltr'><strong>τοῦ</strong></span> <span class='ocrx_word' id='word_1_860' title='bbox 2727 5610 3026 5679; x_wconf 86' lang='grc' dir='ltr'><strong>γεννῶντος</strong></span> <span class='ocrx_word' id='word_1_861' title='bbox 3065 5612 3180 5681; x_wconf 74' lang='grc' dir='ltr'><strong>ἔχει</strong></span> <span class='ocrx_word' id='word_1_862' title='bbox 3230 5612 3293 5665; x_wconf 82' lang='grc' dir='ltr'><strong>τὸ</strong></span> <span class='ocrx_word' id='word_1_863' title='bbox 3340 5612 3704 5683; x_wconf 85' lang='grc' dir='ltr'><strong>γεννώμενον,</strong></span> <span class='ocrx_word' id='word_1_864' title='bbox 3738 5615 3776 5686; x_wconf 73' lang='grc' dir='ltr'>ἢ</span> 
     </span>
    </p>
   </div>
   <div class='ocr_carea' id='block_1_117' title="bbox 2192 5701 3776 5776">
    <p class='ocr_par' dir='ltr' id='par_1_117' title="bbox 2192 5701 3776 5776">
     <span class='ocr_line' id='line_1_117' title="bbox 2192 5701 3776 5776; baseline 0.001 -18"><span class='ocrx_word' id='word_1_865' title='bbox 2192 5705 2447 5758; x_wconf 76' lang='grc' dir='ltr'><strong>ἔλαττον·</strong></span> <span class='ocrx_word' id='word_1_866' title='bbox 2481 5703 2594 5758; x_wconf 90' lang='grc' dir='ltr'><strong>ῐσον</strong></span> <span class='ocrx_word' id='word_1_867' title='bbox 2623 5702 2746 5773; x_wconf 82' lang='grc' dir='ltr'><strong>μὲν,</strong></span> <span class='ocrx_word' id='word_1_868' title='bbox 2775 5701 2852 5766; x_wconf 85' lang='grc' dir='ltr'><strong>ὡς</strong></span> <span class='ocrx_word' id='word_1_869' title='bbox 2897 5703 2978 5770; x_wconf 77' lang='grc' dir='ltr'><strong>τὸ,</strong></span> <span class='ocrx_word' id='word_1_870' title='bbox 3012 5703 3270 5774; x_wconf 87' lang='grc' dir='ltr'><strong>ἐγέννησε</strong></span> <span class='ocrx_word' id='word_1_871' title='bbox 3313 5703 3457 5758; x_wconf 82' lang='grc' dir='ltr'><strong>κατὰ</strong></span> <span class='ocrx_word' id='word_1_872' title='bbox 3494 5705 3593 5776; x_wconf 82' lang='grc' dir='ltr'><strong>τὴν</strong></span> <span class='ocrx_word' id='word_1_873' title='bbox 3628 5705 3776 5760; x_wconf 75' lang='grc' dir='ltr'><strong>ἰδέαν</strong></span> 
     </span>
    </p>
   </div>
   <div class='ocr_carea' id='block_1_118' title="bbox 2195 5792 3776 5866">
    <p class='ocr_par' dir='ltr' id='par_1_118' title="bbox 2195 5792 3776 5866">
     <span class='ocr_line' id='line_1_118' title="bbox 2195 5792 3776 5866; baseline 0 -17"><span class='ocrx_word' id='word_1_874' title='bbox 2195 5792 2360 5849; x_wconf 82' lang='grc' dir='ltr'><strong>αὐτοῦ</strong></span> <span class='ocrx_word' id='word_1_875' title='bbox 2382 5810 2395 5825; x_wconf 82' lang='lat'><strong>&#39;</strong></span> <span class='ocrx_word' id='word_1_876' title='bbox 2424 5792 2517 5850; x_wconf 76' lang='grc' dir='ltr'><strong>καὶ</strong></span> <span class='ocrx_word' id='word_1_877' title='bbox 2542 5793 2673 5866; x_wconf 84' lang='grc' dir='ltr'><strong>γὰρ,</strong></span> <span class='ocrx_word' id='word_1_878' title='bbox 2710 5792 2801 5849; x_wconf 84' lang='grc' dir='ltr'><strong>Ἑν</strong></span> <span class='ocrx_word' id='word_1_879' title='bbox 2818 5792 3044 5865; x_wconf 85' lang='grc' dir='ltr'><strong>Χριστῷ</strong></span> <span class='ocrx_word' id='word_1_880' title='bbox 3082 5793 3258 5865; x_wconf 85' lang='grc' dir='ltr'><strong>Ἰησοῦ</strong></span> <span class='ocrx_word' id='word_1_881' title='bbox 3282 5794 3371 5852; x_wconf 81' lang='grc' dir='ltr'><strong>διὰ</strong></span> <span class='ocrx_word' id='word_1_882' title='bbox 3402 5794 3497 5850; x_wconf 86' lang='grc' dir='ltr'><strong>τοῦ</strong></span> <span class='ocrx_word' id='word_1_883' title='bbox 3523 5796 3776 5866; x_wconf 79' lang='grc' dir='ltr'><strong>Εὐάγγε-</strong></span> 
     </span>
    </p>
   </div>
  </div>
