4116 6444
354 389 485 457 1701

1306 382 1704 445 ADVERSUS
1741 380 2292 445 NESTORIANOS.
2322 379 2561 442 —LIB.
2602 380 2708 443 IV.

3485 345 3624 438 1702

349 504 469 557 λίου
505 495 619 565 ἐγὼ
652 494 797 567 ὑμᾶς
825 490 1094 562 ἐγέννησα
1119 505 1135 521 ⁶
1164 489 1387 543 ἔλαττον
1426 490 1506 556 δὲ,
1532 491 1609 555 ὡς
1638 491 1673 562 ή
1708 491 1820 545 τῶν
1846 510 1937 545 πι-

2062 492 2175 546 ium
2225 490 2438 546 dictum
2486 499 2593 557 est,
2625 503 2728 560 ego
2774 502 2873 543 vos
2918 484 3083 558 genui
3116 501 3131 540 :
3164 483 3348 540 minor
3381 498 3535 551 vero,
3561 495 3626 539 ut

353 590 499 646 στῶν
526 591 592 642 ἐκ
620 585 758 640 Θεοῦ
779 584 1036 654 γέννησις
1057 598 1072 614 ο
1099 582 1349 651 κρεῖττον
1373 581 1432 634 δὲ
1453 581 1685 651 οὐδεμία
1709 595 1723 611 ⁸
1755 581 1788 652 ἢ
1822 580 1937 644 ἴσος

352 680 465 749 ἄρα
488 675 611 730 κατ’
646 674 839 727 οὐσίαν
866 674 897 726 δ
937 670 1073 735 Θεὸς
1104 672 1203 741 τῆς
1254 669 1555 741 Παρθένου,
1588 670 1622 741 ἢ
1661 670 1936 725 ἐλάττωνο

353 768 472 823 ἀλλ’
492 766 729 835 ἑκάτερα
750 761 984 833 δυσσεϐῆ
1000 777 1015 791 ⁸
1040 761 1143 815 οὐκ
1165 761 1276 833 ἄρα
1308 761 1337 813 ὁ
1357 761 1489 825 Θεὸς
1518 762 1661 816 κατὰ
1679 763 1941 833 ἀλήθειαν

355 857 623 929 ἐγεννήθη
656 857 724 910 ἐκ
753 857 857 926 τῆς
884 853 1182 927 Παρθένου.
1229 852 1474 924 Ἀληθῶς
1512 855 1610 925 μὲν
1636 856 1787 910 πᾶσα
1816 854 1942 924 γέν-

356 968 514 1023 νησις
548 949 624 1021 μὴ
675 948 979 1019 ψεγομένη,
1026 946 1090 1000 τὸ
1143 946 1321 1018 ἰσονῆ
1360 940 1523 1019 ἦττον
1554 947 1797 1002 δείκνυσι
1844 947 1941 1002 τοῦ

356 1045 712 1118 γεννηθέντος
741 1043 877 1114 πρὸς
899 1042 991 1096 τὸν
1011 1041 1548 1113 γεννήσαντα.Ἀλλ’,
1577 1035 1623 1096 ὦ
1642 1041 1737 1096 τοῦ
1766 1059 1940 1114 μεγα-

356 1139 503 1194 λείου
532 1138 632 1208 τῆς
660 1135 811 1200 θείας
853 1133 1164 1204 οἰκονομίας
1202 1131 1543 1205 ἀναίσθητοι,
1574 1137 1829 1188 σκοπεῖτε
1866 1134 1945 1198 ὡς

357 1231 519 1287 τοῦτο
548 1229 662 1301 ἔχει
680 1229 831 1281 πᾶσα
860 1227 1135 1298 γέννησις,
1167 1227 1231 1281 οὐ
1279 1227 1443 1297 μόνον
1470 1228 1504 1299 ή
1533 1226 1608 1298 μή
1638 1226 1940 1299 ψεγομένη,

359 1324 501 1378 ἀλλὰ
543 1321 679 1393 μηδὲ
714 1319 1107 1391 θαυμαζομένη
1163 1319 1241 1381 ῶς
1276 1318 1613 1391 παράδοξος’
1646 1319 1738 1373 ἐπὶ
1767 1319 1824 1373 δὲ
1848 1319 1943 1373 τοῦ

360 1415 463 1485 τῆς
477 1411 789 1481 οἰκονομίας
809 1408 1148 1482 θεοπρεποῦς
1162 1410 1337 1479 Λόγου
1355 1409 1534 1477 (τοῦτο
1554 1409 1662 1479 γὰρ
1682 1409 1768 1480 δὴ,
1786 1407 1945 1462 τοῦτό

362 1503 563 1559 ἔστιτὸ
589 1501 867 1571 ὑπερφυὲς
892 1501 991 1571 τῆς
1021 1498 1362 1570 ἀγαθότητος
1396 1499 1722 1571 μυστήριον,
1748 1499 1844 1552 καὶ
1883 1496 1944 1551 τὺ

361 1600 463 1669 τῆς
489 1596 639 1660 θείας
668 1593 1080 1665 φιλανθρωπίας
1095 1591 1446 1664 τεκμήριον),
1463 1592 1547 1646 ὅτι
1576 1594 1603 1646 ὁ
1628 1592 1809 1662 πάσης
1829 1591 1946 1644 κτί-

366 1704 506 1750 σεως
526 1683 762 1754 Ποιητὴς
791 1682 886 1735 καί⁷
909 1681 1171 1745 παντοίας
1193 1682 1499 1752 γεννήσεως
1530 1680 1702 1743 αἰτιος
1728 1681 1823 1734 καὶ
1841 1679 1946 1733 πά-

367 1796 470 1848 σης
500 1776 716 1848 φύσεως
735 1774 1015 1844 Δεσπότης
1039 1775 1134 1826 καὶ
1155 1772 1215 1826 τὸ
1242 1773 1615 1843 ὑπερκόσμιον
1633 1771 1727 1827 τοῦ
1743 1770 1947 1835 παντὸς

2043 597 2103 637 εε
2132 581 2302 636 habet
2331 597 2398 636 ex
2435 581 2547 635 Deo
2580 579 2825 634 ﬁdelium
2872 576 3194 649 generatio:
3229 575 3427 631 melior
3472 575 3625 630 nulla

2042 680 2150 737 est,
2181 672 2408 743 aequalis
2443 687 2574 741 ergo
2619 670 2925 725 secundum
2977 667 3341 723 substantiam
3373 668 3519 722 Deus
3545 675 3630 722 est

2045 763 2281 834 Virgini,
2336 774 2430 818 aut
2468 762 2733 827 inferior;
2775 760 2870 815 sed
2912 770 3215 829 utrumque
3253 758 3482 828 impium
3517 768 3626 822 est,

2045 871 2155 910 n0n
2208 856 2377 927 igitur
2423 856 2571 909 Deus
2599 869 2729 908 vere
2763 853 2984 923 genitus
3028 860 3115 907 est
3148 866 3179 906 e
3209 849 3456 919 Virgine.
3489 850 3629 905 Vere

2047 948 2269 1018 quidem
2306 946 2487 1001 omnis
2525 946 2810 1017 generatio
2864 961 2975 999 non
3032 943 3213 998 ablata
3257 942 3631 1013 aequalitatem

2047 1048 2145 1095 aut
2193 1039 2620 1094 inferioritatem
2668 1036 2913 1092 ostendit
2967 1036 3137 1105 geniti
3188 1034 3253 1088 ad
3302 1034 3629 1104 genitorem,

2048 1130 2168 1194 sed,
2219 1146 2253 1184 o
2304 1128 2704 1200 magnitudinis
2740 1126 3140 1181 incarnationis
3174 1125 3375 1179 divinae
3417 1124 3628 1195 ignari!

2048 1222 2277 1277 cernitis
2299 1222 2580 1293 quomodo
2613 1221 2719 1274 hoc
2741 1219 2942 1273 habeat
2974 1219 3153 1272 omnis
3182 1218 3486 1287 generatio,
3522 1232 3633 1271 non

2049 1315 2226 1369 solum
2280 1330 2403 1383 quze
2440 1328 2553 1366 non
2601 1311 2871 1374 aufertur,
2928 1308 3025 1363 sed
3068 1323 3190 1377 quae
3244 1322 3354 1361 non
3408 1314 3468 1360 ut
3504 1322 3633 1375 pro-

2050 1406 2259 1477 digium
2292 1404 2615 1460 admiranda
2656 1402 2766 1457 sit:
2801 1400 2896 1455 scd
2929 1400 2985 1453 in
3019 1399 3208 1453 divina
3240 1396 3635 1452 incarnationis

2050 1499 2287 1562 ratione,
2318 1495 2453 1551 illud
2486 1504 2570 1549 est
2603 1494 2749 1547 enim
2784 1491 2891 1546 hoc
2917 1487 3340 1558 supernaturale
3372 1486 3637 1541 bonitatis

2050 1589 2405 1661 mysterium,
2457 1593 2514 1640 et
2563 1584 2764 1638 divinae
2814 1582 3101 1636 charitatis
3150 1580 3438 1643 indicium,
3487 1579 3635 1650 quod

2050 1680 2231 1737 omnis
2273 1688 2543 1734 creaturae
2583 1684 2799 1739 auctor,
2846 1682 2903 1728 et
2951 1672 3227 1728 universa:
3266 1672 3638 1743 generationis

2051 1772 2409 1845 principium,
2456 1768 2512 1825 εί
2540 1770 2720 1824 omnis
2765 1776 2976 1823 natura:
3027 1767 3311 1830 dominus,
3365 1780 3434 1819 eo
3464 1766 3637 1835 major

365 1869 578 1939 κόσμου
606 1865 831 1937 κράτος,
862 1865 1119 1934 γέννησιν
1146 1861 1505 1930 κατεδέξατο·
1537 1863 1631 1917 καὶ
1660 1862 1867 1933 ταύτην
1881 1863 1947 1917 ὲκ

2056 1865 2256 1920 mundo
2298 1863 2489 1919 mundi
2518 1862 2689 1917 totius
2722 1861 3056 1927 dominator,
3088 1858 3504 1930 generationem
3532 1874 3628 1911 ac-

368 1960 585 2031 φύσεως
612 1960 882 2028 ὲπικήρου
934 1955 1031 2010 καὶ
1061 1953 1311 2027 φθαρτῆς
1364 1954 1461 2009 καὶ
1501 1954 1909 2027 εὐεπηρεάστου
1931 1969 1947 1987 ο

367 2052 436 2107 δι’
481 2052 631 2123 ήμᾶς
669 2066 729 2104 τε
779 2046 1095 2118 ἑπτώχευσε
1130 2046 1386 2110 πλούσιος
1412 2044 1537 2111 ῶν,
1569 2046 1655 2101 ἴνα
1684 2049 1846 2119 ἡμεῖς
1879 2048 1947 2120 τῇ

365 2144 577 2199 ἐκείνου
609 2141 856 2213 πτωχεία
883 2140 1300 2211 πλουτήσωμεν.
1334 2140 1396 2193 Εἰ
1420 2135 1515 2194 οὖν
1533 2140 1701 2205 δντως
1730 2141 1951 2196 καὶτῶν

370 2232 449 2305 μὴ
486 2231 920 2303 θαυμαζομένων
960 2225 1030 2301 ἦν
1062 2229 1393 2300 γεννήσεων,
1444 2226 1618 2293 οὕτως
1670 2228 1814 2300 ἔχειν
1840 2230 1950 2284 ἔδει

368 2327 465 2383 καλ⁵
494 2324 653 2398 τήνδε
708 2325 809 2396 τὴν
840 2323 1097 2393 γέννησιν
1146 2320 1225 2393 μὴ
1268 2319 1616 2391 ψεγομένην’
1667 2320 1807 2375 εἰδὲ
1855 2321 1952 2375 καὶ

371 2417 749 2489 θαυμάζεσθαι
766 2416 895 2482 ἔδει,
921 2416 1137 2484 ἀνάγκη
1164 2413 1317 2484 παρὰ
1340 2412 1439 2483 τὴν
1475 2412 1679 2485 συνήθη
1697 2413 1954 2485 γέννησιν

368 2509 593 2562 πάντων
631 2507 777 2578 ἔχειν
807 2506 980 2577 αὑτήν
1012 2523 1087 2572 τι,
1122 2506 1243 2559 ἐπεὶ
1263 2505 1384 2559 οὐδὲ
1417 2504 1538 2558 θεία
1562 2504 1684 2558 τότε
1716 2506 1783 2560 ἂν
1824 2507 1955 2577 ὑμῖν

367 2599 612 2671 ἀμογητὶ
637 2598 1014 2670 δειχθήσεται·
1044 2598 1095 2652 εἰ
1128 2597 1186 2652 δὲ
1209 2597 1311 2664 δεῖ,
1336 2598 1401 2651 ὲκ
1422 2596 1531 2650 τῶν
1561 2596 1792 2650 καθόλου
1827 2599 1955 2652 συλ·

364 2691 647 2761 λογιστέον
669 2691 797 2761 ὑμῖν
825 2691 916 2744 καὶ
938 2689 1048 2744 τῶν
1077 2690 1256 2759 πάντη
1280 2689 1483 2760 ὁμοίων
1514 2688 1645 2758 ἄρα,
1673 2683 1719 2743 ὧ
1751 2689 1907 2761 σοφοί
1932 2691 1946 2744 l

366 2780 524 2833 πᾶσα
550 2773 645 2831 οὖν
670 2778 926 2848 γέννησις
979 2777 1182 2848 ὁμοίως
1233 2778 1363 2848 τῇδε
1400 2776 1825 2851 θαυμαζομένη·
1860 2778 1957 2833 καὶ

365 2870 496 2941 τῇδε
546 2870 781 2932 ἐοικυῖα,
816 2868 899 2921 ὃτι
940 2867 1186 2939 χεῖρονῆ
1225 2869 1342 2922 ἴσον
1391 2868 1506 2939 ἔχει
1546 2868 1608 2922 τὸ
1655 2869 1848 2939 τεχθὲν
1876 2868 1957 2940 τῷ

365 2961 604 3023 τεκόντι,
638 2958 799 3013 τοῦτο
818 2956 1055 3023 δείξατε.
1082 2959 1179 3022 Τίς
1222 2958 1282 3012 δὲ
1306 2957 1461 3029 ὑμῶν
1488 2959 1549 3012 οὐ
1569 2959 1832 3030 δακρύσει
1856 2962 1956 3031 τήν

366 3052 676 3121 τύφλωσιν;
699 3050 866 3104 ὃτιδι⁹
884 3043 960 3105 ὧν
981 3050 1151 3121 ἐχρῆν
1175 3049 1499 3105 πιστοῦσθαι
1527 3050 1654 3121 περὶ
1682 3050 1778 3103 τοῦ
1810 3051 1955 3104 θείου

368 3143 571 3211 Τόκου,
612 3143 783 3214 ήγουν
813 3144 878 3195 ὲκ
906 3142 1020 3195 τῶν
1050 3141 1370 3214 παραδόξων
1397 3141 1491 3195 καὶ
1523 3140 1817 3212 ὑπερφυῶν
1860 3142 1956 3196 καί⁵

367 3237 523 3306 παρὰ
543 3235 642 3307 τὴν
661 3234 952 3305 συνήθειαν
970 3233 1167 3302 λόγων,
1185 3232 1273 3286 διὰ
1287 3231 1491 3285 τούτων
1511 3232 1955 3297 κατασκευάζειν

366 3328 655 3393 σπεύδετε,
696 3329 777 3381 ὅτι
827 3327 887 3379 οὐ
931 3324 1066 3380 Θεοῦ
1118 3327 1267 3378 ἐστιν
1309 3325 1345 3397 ή
1380 3325 1657 3395 γέννησις,
1698 3324 1822 3378 ἐπεὶ
1878 3326 1954 3396 μὴ

372 3421 570 3489 ὁμοίως
601 3416 715 3489 ἔχει
735 3418 855 3479 ταῖς
873 3415 1141 3488 φθαρταῖς
1165 3414 1321 3486 ήμῶν
1358 3415 1455 3468 καὶ
1486 3416 1745 3483 φυσικαῖς
1768 3417 1959 3485 γεννή-

369 3528 542 3577 σεσιν,
580 3511 655 3573 ὼς
686 3508 809 3563 καθ’
842 3509 987 3577 ὑμᾶς
1012 3508 1060 3561 εἰ
1089 3510 1341 3579 γεννήσει
1366 3508 1434 3579 τῇ
1464 3505 1589 3560 καθ’
1627 3507 1774 3577 ὑμᾶς
1804 3508 1960 3576 ἐγεν-

367 3602 531 3673 νήθη,
558 3602 680 3654 τὸτε
711 3600 778 3654 ἂν
808 3596 951 3654 εἶναι
981 3599 1300 3666 ἀξιόπιστον
1333 3597 1394 3653 τὸ
1428 3599 1571 3671 ὑπὲρ
1608 3601 1760 3670 ἡμᾶς
1797 3601 1959 3655 αὐτὸν

367 3690 509 3748 εἶναι
534 3694 623 3747 τὸν
648 3693 912 3763 τεχθέντα
933 3708 947 3722 ο
982 3694 1030 3746 εί
1064 3691 1123 3745 δὲ
1153 3691 1290 3763 μηδὲ
1346 3691 1493 3756 τότε,
1544 3693 1710 3747 πόθεν
1736 3693 1843 3748 εδει
1869 3712 1961 3747 πι-

370 3784 580 3838 στῶσαι
609 3783 757 3854 ἡμᾶς
799 3784 891 3838 τὸν
926 3783 1060 3837 Θεὸν
1095 3783 1229 3852 περὶ
1253 3783 1354 3851 τῆς
1404 3782 1605 3837 ἑαυτοῦ
1650 3784 1960 3856 γεννήσεως

368 3875 557 3946 τῆσδε,
588 3878 814 3931 εἴπατε·
848 3876 1006 3947 εῖπερ
1053 3876 1189 3946 μηδὲ
1209 3878 1275 3930 ὲκ
1296 3874 1406 3931 τῶν
1463 3876 1586 3931 καθ’
1617 3877 1788 3949 ήμᾶς,
1819 3877 1959 3949 μηδὲ

369 3969 438 4023 ἐκ
458 3970 570 4023 τῶν
596 3968 739 4039 ὑπὲρ
769 3969 940 4040 ἡμᾶς,
962 3962 1008 4026 ὦ
1031 3960 1213 4023 οῦτοιί

2052 1957 2293 2028 ceperit;
2342 1965 2401 2013 et
2456 1957 2617 2011 istam
2664 1971 2695 2011 e
2733 1954 2964 2017 caduca,
3017 1960 3277 2021 corrupta
3331 1961 3388 2005 et
3422 1949 3635 2020 perdita

2050 2059 2249 2106 natura
2272 2066 2287 2116 ;
2314 2057 2539 2119 propter
2562 2063 2663 2101 nos
2686 2061 2897 2117 egenus
2915 2045 3095 2099 factus
3118 2051 3202 2099 est
3226 2043 3319 2113 qui
3350 2042 3504 2096 dives
3528 2050 3633 2105 est,

2052 2152 2115 2198 ut
2155 2158 2257 2198 nos
2303 2142 2607 2213 indigentia
2655 2141 2776 2211 ejus
2820 2140 3065 2194 ditemur
3102 2156 3115 2191 :
3150 2138 3197 2193 si
3242 2138 3412 2208 igitur
3457 2137 3638 2206 reipsa

2050 2252 2164 2291 non
2194 2235 2339 2291 foret
2365 2251 2431 2290 ex
2456 2233 2798 2288 admirandis
2833 2230 3310 2303 generationibus,
3339 2230 3411 2283 ita
3444 2226 3637 2283 haberi

2051 2328 2345 2398 oportebat
2399 2328 2582 2382 haecce
2621 2326 2905 2397 generatio
2958 2340 3069 2377 non
3113 2323 3294 2377 ablata
3346 2338 3360 2375 :
3408 2322 3453 2376 si
3508 2336 3640 2375 vero

2053 2421 2379 2478 admiranda
2405 2420 2497 2481 sit.
2530 2433 2758 2473 necesse
2794 2426 2879 2471 est
2909 2417 3058 2471 illam
3090 2431 3157 2469 ex
3203 2414 3363 2469 solita
3390 2413 3640 2466 omnium

2053 2514 2412 2585 generatione
2463 2510 2673 2581 aliquid
2733 2509 2964 2572 habere,
3004 2506 3280 2577 siquidem
3332 2504 3516 2559 divina
3552 2518 3644 2574 ge—

2054 2605 2270 2661 neratio
2307 2614 2441 2659 tunc
2486 2602 2650 2656 nobis
2691 2616 2799 2655 non
2844 2599 3101 2669 expedite
3143 2597 3552 2653 ostenderetur.
3584 2594 3644 2649 Si

2055 2708 2241 2753 autem
2265 2710 2493 2751 necesse
2515 2704 2619 2758 est,
2645 2708 2713 2748 ex
2737 2692 2973 2748 assuetis
3002 2689 3458 2762 generationibus
3486 2687 3646 2742 vobis

2055 2785 2554 2858 argumentandum
2578 2794 2664 2839 est
2697 2794 2755 2839 et
2774 2784 3018 2837 omnino
3043 2781 3336 2846 similibus,
3369 2795 3402 2834 o
3428 2778 3646 2848 sapien-

2056 2888 2161 2935 tes.
2193 2878 2385 2934 Omnis
2420 2878 2587 2948 igitur
2615 2876 2899 2946 generatio
2928 2875 3094 2944 hujus
3127 2874 3195 2927 ad
3226 2872 3421 2936 instar,
3452 2870 3645 2925 admi~

2058 2970 2253 3033 randa,
2272 2977 2330 3025 et
2350 2969 2482 3023 huic
2503 2968 2793 3038 aequanda,
2818 2967 2965 3037 qudd
2996 2966 3226 3021 inferius
3247 2974 3343 3020 aut
3359 2964 3647 3033 aequaliter

2057 3074 2116 3114 se
2153 3060 2321 3113 habet
2347 3059 2566 3129 genitus
2594 3058 2659 3112 ad
2698 3057 3025 3127 genitorem,
3060 3056 3166 3111 hoc
3189 3053 3487 3111 ostendite.
3512 3053 3646 3121 Quis

2058 3166 2194 3205 vero
2218 3158 2459 3204 vestram
2490 3164 2599 3204 non
2629 3148 2947 3218 deploraret
2979 3146 3322 3203 crecitatem?
3352 3144 3499 3216 quod
3525 3158 3648 3215 quae

2060 3241 2353 3311 oportebat
2396 3240 2546 3295 credi
2589 3239 2658 3295 de
2703 3239 2895 3294 divino
2931 3247 3056 3294 ortu
3089 3238 3160 3293 ob
3190 3236 3492 3308 stupendas
3517 3245 3648 3306 puta

2058 3342 2116 3389 et
2164 3333 2615 3403 supernaturales
2686 3341 2743 3388 et
2808 3342 3010 3402 praeter
3082 3338 3365 3385 assuetum
3421 3327 3645 3382 modum

2058 3424 2321 3488 rationes,
2374 3439 2473 3493 per
2519 3423 2636 3477 hate
2675 3422 2966 3477 instituere
3002 3418 3305 3482 conamini,
3352 3416 3499 3487 quod
3535 3432 3645 3470 non

2057 3516 2154 3572 Dei
2193 3516 2264 3571 sit
2284 3517 2591 3587 generatio.
2617 3530 2741 3569 cum
2788 3530 2898 3568 non
2943 3510 3336 3577 eodemmodo
3374 3524 3435 3565 se
3484 3508 3652 3562 habet

2058 3624 2123 3664 ac
2174 3618 2377 3663 nostrae
2420 3618 2698 3677 corrupta:
2728 3615 2784 3661 et
2813 3607 3093 3661 naturales
3123 3602 3533 3675 generationes,
3564 3610 3648 3664 ut,

2058 3696 2368 3752 secundum
2394 3712 2513 3760 vos,
2544 3695 2590 3749 si
2617 3694 2975 3765 generatione
3004 3702 3205 3749 vestrae
3237 3691 3403 3747 simili
3432 3689 3653 3761 genitus

2058 3789 2149 3853 sit,
2202 3798 2334 3843 tunc
2364 3788 2592 3860 dignum
2635 3788 2745 3843 (ide
2780 3788 2851 3841 sit
2881 3802 3048 3856 supra
3090 3800 3190 3839 nos
3222 3772 3376 3838 illum
3403 3782 3649 3853 genitum

2058 3894 2179 3935 esse
2204 3880 2300 3949 qui
2331 3888 2494 3934 natus
2527 3888 2613 3935 est
2649 3898 2662 3932 :
2697 3879 2743 3935 si
2785 3894 2921 3933 vero
2951 3894 3061 3932 non
3104 3876 3239 3931 illud
3283 3882 3413 3930 tunc
3443 3872 3649 3937 evadit,

2060 3973 2208 4027 unde
2252 3980 2508 4042 oporteat
2561 3988 2665 4026 nos
2692 3972 2865 4026 Deum
2899 3970 3128 4026 credere
3158 3968 3227 4023 de
3267 3984 3367 4023 sua
3416 3967 3520 4021 hac
3557 3981 3653 4037 ge-

368 4060 660 4139 neratione
710 4061 1056 4133 loquentem,
1120 4060 1290 4117 dicite
1331 4078 1347 4118 :
1411 4060 1687 4132 siquidem
1727 4076 1758 4117 a
1792 4063 2244 4135 generationibus
2289 4080 2471 4137 neque
2521 4065 2826 4121 secundum
2896 4079 3021 4129 nos,
3088 4078 3269 4133 neque
3327 4077 3494 4132 supra
3547 4074 3652 4116 nos

368 4158 468 4216 illa
510 4157 604 4227 sit,
638 4171 672 4213 ο
702 4157 1007 4213 insensatil

954 4247 1211 4305 ΚΕΦΑΛ.
1240 4247 1365 4303 AE’.

438 4341 504 4395 Εἰ
532 4341 561 4394 ὁ
583 4340 743 4405 τόκος
773 4341 838 4393 ἐκ
860 4339 969 4395 τῶν
999 4341 1177 4412 πάντη
1204 4340 1405 4413 ὁμοίων
1426 4339 1700 4413 ἀληθινὸς,
1730 4340 1792 4406 ὃς
1822 4340 1950 4396 κατ’

2135 4310 2139 4315 .
2646 4247 2798 4304 CAP.
2855 4247 3074 4304 XXXV.

2130 4343 2189 4399 Si
2238 4359 2371 4399 vere
2424 4352 2618 4415 partus
2655 4359 2722 4397 ex
2768 4339 2994 4396 omnino
3047 4337 3322 4393 similibus
3370 4336 3555 4403 fuerit,
3594 4337 3651 4393 in

366 4432 557 4489 οὐσίαν
607 4433 808 4488 τίκτων
856 4433 1022 4504 ὃμοια
1045 4431 1155 4487 τῶν
1179 4434 1477 4489 τικτόντων
1515 4434 1660 4489 κατὰ
1690 4435 1952 4507 ἀλήθειάν

2059 4451 2170 4506 quo
2200 4436 2508 4492 secundum
2537 4434 2907 4492 substantiam
2938 4431 3161 4502 pariens
3196 4430 3394 4485 similis
3428 4430 3652 4500 parien-

368 4527 550 4591 ἐστιν,
580 4524 609 4578 ό
630 4526 810 4597 πάντη
833 4526 1067 4597 ἀνόμοια
1103 4527 1308 4579 τίκτων
1334 4525 1456 4580 κατ’
1485 4526 1697 4593 οὐσίαν,
1732 4528 1797 4580 ὲκ
1844 4526 1952 4581 τῶν

2065 4502 2213 4579 tibus
2248 4539 2377 4578 vere
2409 4524 2502 4587 sit,
2554 4523 2650 4577 hic
2688 4530 2906 4592 partus,
2956 4519 3013 4573 in
3072 4533 3181 4588 quo
3231 4533 3462 4588 prorsus
3508 4516 3656 4572 absi-

367 4616 594 4684 ὁμοίων,
651 4616 753 4670 οὐκ
805 4615 924 4669 ἐστι
969 4616 1114 4669 κατὰ
1168 4615 1435 4687 ἀλήθειαν
1487 4616 1669 4680 τόκος.
1719 4617 1801 4671 Τὰ
1845 4617 1955 4688 γάρ

368 4707 610 4774 ἐναντία,
636 4708 699 4761 οὑ
735 4707 1167 4780 συναληθεύουσί
1211 4725 1345 4762 ποτε
1366 4723 1382 4740 ⁸
1435 4709 1573 4763 άλλά
1605 4709 1668 4763 τὸ
1697 4709 1914 4780 πρῶτον
1937 4725 1953 4740 ’

366 4801 472 4856 οὐκ
501 4802 611 4872 ἄρα
629 4801 691 4854 τὸ
725 4800 1106 4873 ὖστερον.⁹οτι
1139 4799 1239 4871 μὲν
1259 4801 1289 4853 ὅ
1323 4818 1383 4854 τε
1412 4802 1478 4855 ὲκ
1498 4802 1608 4855 τῶν
1621 4801 1847 4873 ὁμοίων,
1866 4803 1960 4855 καὶ

369 4895 401 4948 ὁ
438 4893 500 4958 ἐξ
525 4893 828 4965 ἀνομοίωνο
862 4893 891 4948 ὃ
931 4910 992 4947 τε
1030 4894 1111 4958 εἰς
1137 4892 1199 4946 τὸ
1232 4888 1394 4960 εἰναι,
1428 4893 1526 4948 καί
1546 4895 1625 4958 εἰς
1646 4895 1706 4948 τὸ
1734 4894 1959 4949 τοιῶσδε

370 4982 516 5041 εἶναι
539 5002 554 5015 ·
589 4986 685 5042 καὶ
718 4987 772 5040 εἰ
795 5003 879 5049 τις
909 4986 1098 5058 ἕτερος
1117 4985 1280 5041 τόκου
1314 4987 1536 5059 τρόπος,
1570 4986 1729 5052 τόκος
1755 4986 1871 5041 ἐστι
1896 5005 1958 5041 τε

369 5078 466 5132 καὶ
496 5076 715 5147 λέγεται
733 5074 955 5148 άληθῶς
972 5079 1039 5149 τῇ
1075 5075 1197 5150 θείᾳ
1225 5077 1419 5149 Γραφῇ
1450 5078 1592 5132 κατὰ
1617 5078 1709 5132 τὸν
1764 5077 1959 5133 ἑαυτοῦ

368 5168 552 5239 λόγον,
580 5167 678 5222 καὶ
722 5168 880 5239 ὑμεῖς
922 5168 1182 5238 εἰρήκατε
1216 5168 1477 5232 πολλάκις
1519 5167 1683 5239 μέχρι
1716 5167 1810 5224 τοῦ
1839 5168 1957 5225 νῦν.

370 5262 440 5315 Εἰ
475 5259 534 5314 δὲ
557 5260 620 5314 τὸ
649 5260 751 5331 μὲν
798 5256 937 5314 εἷναι
968 5260 1129 5313 τόκον
1163 5258 1454 5323 διδοῦντες,
1478 5259 1540 5312 οὐ
1575 5257 1781 5331 κυρίως
1808 5260 1961 5330 ὅμως

364 5353 463 5409 καὶ
519 5351 667 5407 κατὰ
728 5351 992 5424 ἀλήθειαν
1045 5348 1207 5404 τοῦτο
1251 5345 1393 5404 εἷναί
1437 5367 1578 5421 φατε
1606 5351 1701 5405 τὸν
1756 5351 1859 5405 οὐκ
1903 5351 1964 5416 ἐξ

364 5444 573 5517 ὁμοίων
592 5444 714 5498 κατ’
743 5444 935 5498 οὐσίαν
965 5443 1274 5513 γινόμενον,
1326 5442 1546 5513 ἀνάγκη
1582 5446 1652 5515 τῇ
1697 5442 1961 5513 ὁμοιώσει

364 5540 479 5593 τῶν
536 5540 855 5605 τικτόντων,
886 5538 984 5594 καὶ
1015 5538 1077 5592 οὐ
1105 5536 1185 5608 τῷ
1240 5536 1385 5608 λόγῳ
1417 5535 1512 5591 τοῦ
1540 5536 1726 5602 τόκου,
1760 5536 1961 5590 εἰδέναι

369 5629 520 5701 ὑμᾶς
549 5630 651 5701 τήν
682 5630 945 5703 ἀληθινὴν
973 5630 1250 5701 γέννησιν.
1291 5630 1435 5699 Ἤδη
1464 5628 1563 5700 μὲν
1596 5622 1690 5683 οὖν
1710 5627 1963 5682 ἐλέλεκτο

368 5720 531 5774 τοῦτο
576 5721 707 5792 ὑμῖν
748 5719 945 5792 μικρὸν
967 5720 1227 5791 ἀνωτέρω
1253 5717 1511 5781 δεόντως.
1545 5716 1671 5781 Πῶς
1699 5716 1811 5788 γὰρ
1861 5716 1960 5770 άν-

369 5814 558 5885 όμοιος
617 5814 696 5869 ῶν
724 5813 914 5887 ἑτέρου
948 5812 1218 5886 βάτραχος
1255 5812 1321 5867 ὲκ
1345 5809 1439 5867 τοῦ
1465 5810 1650 5884 ὁμοίου
1676 5806 1966 5883 γεννηθείη

2059 4615 2205 4671 milis
2238 4616 2462 4686 pariens
2508 4613 2813 4670 secundum
2872 4611 3239 4668 substantiam
3273 4608 3461 4674 fuerit,
3513 4624 3543 4664 e
3574 4609 3654 4663 si-

2058 4709 2287 4763 milibus
2326 4723 2457 4763 vere
2498 4722 2613 4762 non
2667 4714 2772 4762 est.
2828 4704 3121 4760 Contraria
3176 4701 3327 4757 enim
3367 4717 3651 4771 nunquam

2059 4800 2223 4855 simul
2245 4815 2373 4854 vera
2408 4811 2570 4865 sunt;
2608 4797 2704 4853 sed
2726 4812 2922 4853 verum
2950 4796 3132 4866 prius;
3160 4810 3270 4849 non
3300 4808 3492 4849 verum
3522 4807 3654 4863 ergo

2060 4892 2360 4964 posterius.
2394 4891 2553 4958 Quod
2598 4892 2690 4946 ille
2744 4905 2775 4945 e
2823 4888 3121 4953 similibus,
3156 4894 3212 4942 et
3257 4885 3350 4940 hic
3401 4900 3468 4938 ex
3500 4883 3651 4937 absi-

2062 4984 2323 5051 milibus;
2360 4984 2453 5039 ille
2494 4983 2642 5054 quod
2684 4983 2776 5047 sit,
2818 4990 2875 5036 et
2906 4979 2996 5035 tali
3041 4977 3206 5032 modo
3239 4976 3331 5037 sit.
3365 4982 3421 5029 et
3455 4972 3501 5029 si
3529 4973 3656 5043 quis

2064 5078 2208 5132 alius
2231 5085 2316 5131 est
2341 5084 2533 5146 partus
2580 5074 2800 5137 modus,
2849 5079 3043 5142 partus
3067 5069 3141 5123 sit
3193 5075 3249 5122 et
3280 5066 3498 5121 dicatur
3524 5079 3654 5119 vere

2065 5168 2254 5223 divina
2278 5167 2567 5237 Scriptura
2596 5163 2903 5220 secundum
2934 5176 3091 5215 suam
3143 5157 3438 5221 rationem,
3474 5164 3532 5211 et
3558 5171 3658 5210 vos

2068 5260 2268 5331 smpius
2325 5260 2596 5315 hactenus
2628 5257 2866 5312 dixistis.
2902 5253 2999 5309 Sin
3043 5259 3231 5306 autem
3277 5257 3500 5320 partum
3536 5262 3659 5302 esse

2068 5349 2457 5413 concedentes,
2490 5364 2602 5403 non
2632 5346 2933 5417 proprieet
2961 5358 3091 5398 vere
3142 5356 3265 5397 esse
3289 5338 3477 5395 dicitis
3505 5336 3659 5391 hunc

2069 5444 2164 5513 qui
2201 5458 2232 5497 e
2263 5441 2540 5496 similibus
2567 5436 2875 5495 secundum
2924 5431 3295 5490 substantiam
3338 5428 3517 5484 factus
3546 5437 3655 5490 est,

2068 5547 2297 5588 necesse
2343 5539 2429 5586 est
2464 5529 2536 5585 ob
2580 5526 2999 5583 similitudinem
3054 5522 3408 5595 parientium,
3442 5526 3499 5575 et
3543 5532 3656 5571 non

2069 5625 2141 5681 ob
2167 5632 2360 5694 partus
2402 5623 2697 5686 rationem,
2730 5618 3039 5689 intelligere
3069 5632 3169 5671 vos
3204 5627 3392 5669 veram
3424 5625 3656 5683 gener-ac

2072 5716 2303 5771 tionem.
2355 5713 2475 5769 Jam
2534 5712 2760 5784 quidem
2810 5712 2978 5782 igitur
3030 5708 3239 5764 dictum
3294 5713 3379 5762 est
3424 5702 3568 5760 istud
3626 5718 3659 5758 a

2074 5808 2234 5865 vobis
2274 5816 2583 5879 opportune
2640 5805 2809 5877 paulo
2858 5802 3140 5874 superius.
3173 5798 3461 5868 Quomodo
3509 5796 3653 5853 enim
