4116 6430
572 388 705 451 1703

1834 381 2141 443 LEONTII
2184 379 2589 441 ΒΥΖΛΝΤΙΝῙ

3659 381 3775 447 1⁵204

552 497 820 554 absimilis
853 512 977 551 cum
1027 497 1099 551 sit
1147 514 1295 553 rana:
1332 498 1478 553 alius
1525 513 1683 561 rana,
1725 513 1756 552 e
1786 497 1952 551 simili
1998 512 2131 551 rana

2241 494 2513 564 βατράχου
2536 511 2551 559 ;
2577 492 2769 546 Καίτοι
2823 492 2945 546 οὐδὲ
2977 492 3232 546 τίκτεται
3263 486 3398 556 ὅλως
3446 492 3697 567 βάτραχος
3722 501 3776 551 ἐκ

546 591 727 661 genita
772 590 950 643 foret?
982 598 1135 644 certe
1163 606 1277 643 non
1316 590 1547 643 omnino
1589 588 1807 658 paritur
1838 588 1964 643 talis
1998 604 2131 643 rana

545 697 577 735 e
599 698 729 734 rana
764 696 1030 749 unquam.
1069 680 1174 734 Sed
1208 681 1436 750 quando
1465 681 1519 733 in
1554 680 1751 733 iisdem
1784 679 1857 733 ob
1897 678 2132 734 dilIIcul-

549 781 691 827 tates
722 787 915 825 rursus
938 772 1259 837 volvimini;
1307 780 1502 841 prater
1523 770 1614 823 illa
1637 785 1760 839 quae
1790 784 1954 839 supra
1987 770 2132 823 dixi-

548 881 691 928 mus,
724 866 839 919 haec
873 879 1021 919 nunc
1044 863 1257 918 audite.
1286 864 1344 918 Si
1374 879 1443 917 ex
1465 863 1608 933 ignis
1638 862 1947 917 substantia
1966 861 2127 927 taada,

547 965 603 1009 et
646 971 676 1009 e
730 956 877 1009 cocci
916 955 1227 1010 substantia
1259 970 1481 1019 coccus,
1533 966 1591 1010 et
1622 970 1691 1009 οι
1724 954 1965 1009 hominis
1998 955 2133 1007 sub-

549 1047 750 1099 stantia
780 1046 969 1109 homo,
999 1055 1056 1100 et
1085 1060 1151 1099 ex
1178 1044 1275 1099 Dei
1309 1044 1619 1099 substantia
1655 1044 1801 1099 Deus
1822 1044 1915 1107 sit,
1946 1042 2133 1097 omnia

549 1152 580 1191 e
597 1137 902 1191 substantia
924 1137 1222 1191 convenire
1241 1137 1524 1199 dicuntur,
1543 1151 1655 1190 non
1676 1145 1862 1190 autem
1881 1136 2132 1190 eamdem

550 1248 757 1285 meram
796 1231 1217 1285 similitudinem
1250 1231 1305 1283 in
1336 1230 1596 1285 omnibus
1621 1246 1749 1284 cum
1786 1229 2129 1299 genitoribus

549 1324 791 1377 habeant
823 1324 1015 1394 geniti,
1046 1324 1141 1377 sed
1174 1324 1325 1377 solus
1359 1324 1503 1376 Deus
1535 1322 1736 1376 habeat
1782 1322 1836 1374 in
1866 1321 2129 1375 omnibus

549 1414 995 1479 similitudinem,
1024 1413 1302 1483 quomodo
1334 1422 1517 1481 potest
1557 1413 1662 1467 hoc
1707 1412 1873 1466 modo
1907 1412 2134 1482 proprie

548 1514 607 1559 et
660 1520 788 1557 vere
848 1506 1117 1574 cujusque
1166 1520 1360 1558 eorum
1416 1503 1523 1558 dici
1586 1504 1892 1573 generatio,
1942 1504 2045 1557 etsi
2102 1518 2134 1557 e

550 1595 858 1648 substantia
894 1594 1004 1648 sit?
1039 1595 1274 1648 Necesse
1308 1604 1393 1649 est
1432 1594 1601 1661 enim,
1644 1609 1770 1647 cum
1821 1594 2128 1649 secundum

548 1700 668 1748 vos,
712 1684 977 1738 dilferens
1018 1684 1090 1738 sit
1131 1684 1434 1738 similitudo
1474 1684 1541 1737 ab
1574 1700 1638 1737 ea
1684 1698 1849 1753 quam
1883 1683 1940 1736 in
1971 1692 2132 1752 partu

550 1776 774 1845 prolirie
805 1784 1008 1829 etvere
1035 1777 1371 1845 praedicatis,
1400 1776 1754 1831 diﬂ‘erentem
1785 1791 1882 1831 vos
1912 1791 2134 1845 quoque

2236 586 2515 658 βατράχου
2550 586 2701 639 ποτέ.
2748 585 2885 638 Ἀλλ’
2932 585 3055 639 ἐπεὶ
3107 588 3220 649 τοῖς
3259 586 3437 650 αὐτοῖς
3466 587 3523 652 ἐξ
3569 589 3778 661 ἀπορίας

2233 678 2398 733 πάλιν
2446 677 2873 731 κατακυλίεσθε·
2911 678 3046 749 πρὸς
3098 680 3215 741 τοῖς
3259 678 3559 748 εἰρημένοις
3588 681 3709 753 ἡμῖν
3729 684 3778 734 ἐν

2232 774 2347 836 τοῖς
2374 772 2633 841 φθάσασι,
2676 772 2771 824 καὶ
2798 771 2926 824 τάδε
2956 771 3054 826 νῦν
3102 771 3421 825 ἀκούσεσθεο
3459 774 3516 825 El
3546 774 3574 825 6
3612 774 3671 827 ὲκ
3694 775 3781 844 τῆς

2232 862 2422 925 οὐσίας
2450 862 2544 916 τοῦ
2578 862 2753 932 πυρὸς
2784 861 3013 931 πυρσὸς,
3047 861 3142 914 καὶ
3195 863 3224 914 6
3274 862 3338 914 ὲκ
3366 862 3464 931 τῆς
3497 862 3670 927 οὐσίας
3697 864 3777 915 τοῦ

2234 954 2437 1007 κόκκου
2469 953 2688 1018 κόκκος,
2722 953 2818 1007 καί⁵
2860 955 2889 1006 ό
2923 955 2988 1006 ὲκ
3016 953 3115 1022 τῆς
3141 953 3333 1016 οὐσίας
3382 952 3473 1006 τοῦ
3519 954 3779 1025 ἀνθρώπου

2234 1047 2546 1117 ἄνθρωπος,
2574 1047 2669 1100 καὶ
2693 1047 2803 1099 ὁὲκ
2832 1048 2931 1117 τῆς
2960 1046 3151 1109 οὐσίας
3181 1047 3275 1099 τοῦ
3299 1045 3433 1098 Θεοῦ
3460 1046 3606 1109 Θεὸς,
3627 1048 3779 1100 πάντα

2238 1138 2339 1206 μὲν
2368 1138 2433 1191 ὲκ
2464 1136 2566 1205 τῆς
2598 1136 2788 1198 οὐσίας
2813 1136 3315 1207 συνωμολόγηνται,
3353 1136 3470 1206 οὐχὶ
3490 1136 3544 1189 δὲ
3570 1138 3662 1207 τὴν
3696 1137 3782 1192 αὐ-

2234 1227 2335 1297 τὴν
2373 1225 2651 1297 ἀκραιφνῆ
2679 1225 2976 1296 ὁμοιότητα
3014 1224 3109 1277 ἐπὶ
3173 1225 3394 1279 πάντων
3422 1225 3556 1295 πρὸς
3575 1224 3638 1278 τὰ
3674 1243 3781 1293 γεν-

2237 1318 2414 1371 νῶντα
2441 1317 2625 1387 έχουσι
2656 1317 2725 1369 τά
2756 1315 3095 1385 γεννώμενα,
3128 1316 3265 1371 ἀλλά
3294 1317 3451 1387 μόνος
3475 1315 3599 1380 Θεὸς
3615 1317 3716 1387 ἔχει
3731 1318 3784 1370 τὸ

2235 1409 2412 1477 πάντη
2429 1406 2869 1478 ἀπαράλλακτον,
2883 1407 2998 1471 πῶς
3008 1406 3231 1461 δυνατὸν
3241 1407 3497 1472 ὡσαύτως
3509 1409 3693 1478 κυρίως
3703 1410 3785 1462 καὶ

2237 1500 2380 1553 κατά
2412 1500 2670 1570 ἀλήθειαν
2681 1501 2913 1553 ἑκάστου
2932 1500 3135 1554 τούτων
3146 1500 3269 1567 λέγε
3277 1500 3401 1553 σθαι
3427 1500 3521 1570 τὴν
3536 1501 3782 1571 γέννησιν,

2236 1591 2285 1642 εί
2315 1590 2409 1642 καὶ
2444 1592 2508 1643 ὲκ
2521 1592 2618 1663 τῆς
2640 1592 2827 1654 οὐσίας
2848 1593 3025 1667 taciti;
3044 1591 3283 1663 Ἀνάγκη
3296 1594 3677 1664 γὰρκαθ“ὑμᾶς
3687 1594 3786 1647 δια-

2236 1682 2404 1754 φόρου
2422 1683 2591 1754 οὔσης
2615 1686 2714 1756 τῆς
2739 1686 3052 1755 ὁμοιώσεως
3083 1687 3141 1751 ἐξ
3161 1682 3230 1760 ἦς
3248 1688 3311 1740 τὸ
3340 1688 3539 1758 κυρίως
3561 1689 3648 1741 καὶ
3660 1688 3785 1740 κατά

2239 1777 2497 1846 ἀλήθειαν
2524 1777 2604 1849 τῷ
2629 1778 2776 1849 τόκῳ
2810 1783 3308 1850 προσμαρτυρεὴε,
3337 1779 3587 1849 διάφορον
3608 1779 3785 1832 εἰδέναι

550 1840 860 1935 intelligere
897 1840 1091 1937 partus
1138 1869 1568 1938 proprietatem;
1617 1868 1763 1937 quod
1807 1840 1959 1937 pate-t
1995 1840 2136 1921 ridi-

2241 1840 2385 1935 ύμᾶς
2426 1868 2520 1920 καὶ
2553 1840 2653 1938 τὴν
2682 1840 2777 1921 τοῦ
2806 1840 2969 1923 τόκου
2996 1840 3332 1941 κυριότητα-⁸
3373 1840 3512 1941 ὅπερ
3537 1870 3785 1940 προφανὲς

551 1961 735 2013 culum
780 1976 921 2014 esse.
968 1960 1125 2026 Quod
1173 1961 1321 2015 enim
1374 1961 1657 2030 proprium
1704 1971 1811 2026 est,
1872 1961 2137 2015 dilI'erens

552 2067 661 2104 non
696 2061 807 2115 est;
835 2060 891 2105 et
922 2051 1070 2119 quod
1101 2051 1367 2105 differens
1401 2061 1505 2117 est,
1538 2052 1824 2121 proprium
1854 2067 2137 2121 nunquam

551 2152 637 2196 est
690 2142 836 2195 circa
884 2142 1053 2195 idem.
1091 2143 1397 2211 Supponite
1430 2151 1634 2207 autem,
1687 2159 1721 2197 ο
1768 2144 2004 2214 physici,
2042 2152 2138 2197 aut

552 2234 736 2303 potius
790 2235 1041 2305 physices
1088 2249 1471 2300 conversores,
1505 2234 1718 2305 lapides
1759 2245 1815 2290 et
1841 2236 2051 2290 ferrum
2082 2243 2137 2289 et

552 2324 762 2393 lignum
810 2325 994 2395 ignem
1046 2339 1335 2394 generare,
1387 2334 1443 2379 et
1494 2326 1639 2395 ignis
1687 2340 1813 2379 cum
1862 2341 1972 2380 non
2002 2326 2134 2391 sint,

553 2432 662 2471 non
704 2416 1010 2469 secundum
1047 2416 1281 2470 similem
1328 2417 1469 2487 ignis
1498 2417 1724 2471 modum
1755 2432 2051 2486 generare;
2081 2427 2139 2473 et

555 2507 765 2575 pariter
798 2522 965 2560 nemo
1000 2506 1191 2560 dicere
1225 2516 1412 2576 potest
1443 2508 1605 2562 vobis
1629 2524 1739 2561 non
1769 2509 1987 2574 similis,
2026 2526 2138 2565 non

554 2596 673 2650 veri
715 2596 855 2666 ignis
902 2611 1024 2649 esse
1058 2597 1473 2665 generationem
1523 2613 1645 2667 quae
1684 2614 1753 2652 ex
1792 2599 2137 2655 absimilibus

558 2684 699 2754 ignis
718 2684 929 2738 naturis
950 2684 1239 2753 procedit;
1268 2701 1401 2755 ergo
1420 2686 1487 2739 ad
1514 2686 1750 2739 nihilum
1778 2688 1934 2742 vobis
1957 2690 2138 2744 omnis

558 2773 649 2828 illa
694 2774 949 2829 confusio
985 2774 1111 2829 talis
1145 2784 1346 2830 vestrae
1374 2778 1672 2847 jocationis
1711 2781 2016 2835 contendit.

1126 2920 1278 2976 CAP.
1325 2921 1568 2977 XXXVI.

626 3052 821 3108 Adhuc
837 3061 1020 3107 autem
1049 3069 1117 3107 ex
1143 3052 1228 3107 his
1255 3052 1307 3107 id
1334 3069 1555 3123 quoque
1582 3054 1928 3111 audiendum
1946 3064 2033 3111 est
2055 3075 2068 3111 :
2090 3056 2137 3112 si

559 3144 799 3199 Verbum
838 3145 1187 3214 incorporale
1219 3155 1277 3199 et
1306 3147 1655 3202 immutabile
1689 3156 1791 3213 est,
1829 3148 2138 3204 secundum

556 3251 713 3290 suam
766 3237 1059 3301 rationem,
1100 3237 1381 3305 inquiunt,
1421 3239 1703 3307 quomodo
1731 3239 1840 3294 erit
1882 3239 2139 3295 incarna-

558 3336 673 3381 tum
704 3328 846 3382 idem
873 3329 1218 3383 immutabile
1245 3330 1517 3384 manens?
1562 3331 1645 3385 sic
1685 3331 1835 3385 enim
1864 3342 2138 3386 mutatum

558 3418 841 3473 diceretur
892 3418 1234 3473 immutabile
1296 3419 1480 3474 adhuc
1521 3435 1765 3475 manere.
1812 3421 1936 3476 Sive
1972 3422 2139 3492 igitur

560 3526 669 3565 non
715 3511 859 3565 Deus
908 3526 1039 3566 caro
1065 3511 1242 3566 factus
1273 3520 1377 3577 est,
1414 3527 1523 3565 non
1553 3521 1731 3567 mater
1760 3512 1861 3567 Dei
1903 3521 1989 3568 est
2018 3528 2141 3583 quae

559 3618 783 3656 carnem
832 3604 1080 3672 peperit;
1134 3604 1251 3658 sive
1316 3618 1447 3657 caro
1490 3602 1670 3658 factus
1716 3611 1821 3667 est,
1863 3604 1974 3674 jam
2029 3619 2141 3658 non

562 3695 707 3748 Deus
755 3695 853 3763 qui
897 3710 1007 3747 non
1059 3694 1421 3749 immutabilis
1460 3704 1566 3759 est,
1614 3710 1747 3765 ergo
1787 3695 2013 3750 minime
2043 3694 2141 3750 Dei

562 3795 740 3838 mater
788 3792 872 3838 cst
931 3800 1055 3853 quze
1112 3784 1434 3839 mutabilem
1482 3788 1696 3855 genuit.
1752 3784 1899 3852 Quid
1950 3786 2139 3858 igitur,

562 3874 721 3929 vobis
750 3874 983 3928 nimium
1020 3874 1572 3941 obsurdescentibus,
1618 3892 1732 3931 non
1757 3878 2008 3931 resonuit
2027 3892 2145 3931 om-

562 3967 696 4019 nino
745 3966 978 4020 auribus
1022 3965 1167 4020 lilius
1214 3966 1445 4021 tonitrui
1477 3967 1711 4022 dicens:
1747 3987 1765 4019 ι
1800 3968 1870 4023 Ει
1895 3968 2141 4022 Verbum

562 4072 693 4111 caro
720 4056 921 4111 factum
959 4056 1074 4111 est?
1112 4075 1129 4106 ι
1169 4055 1288 4121 sed,
1320 4072 1354 4110 o
1393 4056 1684 4123 inseusati,
1720 4056 1764 4112 si
1797 4057 2145 4112 incarnatum

564 4148 805 4202 Verbum
832 4147 1140 4202 secundum
1170 4155 1386 4202 naturae
1412 4149 1775 4203 mutationem
1811 4148 2153 4229 intelligitis,‘

568 4253 629 4295 ut
675 4242 913 4297 dicimus
957 4241 1195 4311 lapidem
1242 4241 1444 4296 factam
1506 4241 1723 4297 corallii
1770 4242 2037 4311 plantam,
2089 4250 2146 4297 et

566 4344 843 4390 mortuum
890 4334 1040 4404 quod
1078 4342 1243 4388 antea
1283 4334 1528 4399 vivebat,
1564 4334 1748 4405 reipsa
1795 4334 2145 4390 immutabile

565 4426 793 4481 dissolvi
849 4427 1051 4481 merito
1087 4426 1347 4497 cogitate.
1378 4425 1474 4481 Sin
1498 4435 1707 4489 autem,
1737 4435 1800 4481 ut
1829 4426 2143 4481 inauratum

2239 1958 2668 2027 καταγέλαστον.
2711 1961 2777 2013 Ὀ
2808 1960 2918 2030 γάρ
2948 1961 3135 2032 κύριόν
3160 1962 3298 2025 ἐστι,
3320 1963 3382 2014 οὐ
3410 1962 3654 2032 διάφορον
3683 1962 3781 2014 ἔτι·

2238 2052 2332 2104 καὶ
2350 2051 2378 2102 ὃ
2402 2051 2676 2121 διάφορον,
2701 2052 2822 2122 οὐχὶ
2855 2052 3044 2121 κύριόν
3092 2070 3224 2106 ποτε
3252 2053 3393 2107 κατά
3423 2054 3482 2106 τὸ
3520 2054 3662 2107 αὐτό.
3696 2052 3786 2105 Σύο

2238 2161 2357 2199 νετε
2378 2145 2458 2209 δὲ,
2482 2163 2527 2198 ω
2552 2146 2793 2213 φυσικοὶ,
2826 2146 3028 2215 μᾶλλον
3050 2146 3479 2216 πεφυσιωμένοι,
3496 2146 3575 2199 ὅτι
3606 2147 3690 2198 καὶ
3718 2144 3787 2197 λί-

2240 2234 2321 2287 θοι
2348 2235 2442 2288 καὶ
2490 2236 2707 2306 σίδηρος
2741 2236 2835 2289 καὶ
2872 2234 3003 2300 ξύλα
3038 2236 3151 2307 πῦρ
3185 2239 3373 2308 γεννᾷ,
3403 2237 3497 2289 καὶ
3532 2235 3649 2288 οὐτε
3690 2232 3789 2301 πῦρ

2237 2328 2389 2391 ὅντα,
2439 2326 2563 2381 οὕτε
2594 2328 2737 2381 κατά
2762 2330 2854 2382 τὸν
2876 2330 3039 2383 αὐτὸν
3066 2330 3269 2399 τρόπον
3296 2330 3391 2382 τοῦ
3421 2329 3588 2400 πυρὸς
3612 2328 3787 2396 γεννᾷ’

2239 2419 2333 2471 κα)⁵
2363 2422 2511 2488 ὅμως
2538 2420 2639 2473 οὐκ
2668 2420 2733 2473 ἄν
2762 2437 2848 2483 τις
2873 2421 3017 2475 εἴποι
3048 2422 3169 2474 οὐδὲ
3196 2423 3331 2493 ὑμῖν
3353 2422 3554 2492 ὅμοιος,
3578 2419 3649 2483 ὡς
3678 2416 3789 2471 οὔτε

2238 2511 2495 2581 ἀληθινοῦ
2522 2512 2694 2582 πυρὸς
2741 2513 2994 2583 γέννησίς
3023 2513 3172 2567 ἐστιν
3214 2515 3248 2585 ἡ
3281 2513 3345 2578 εξ
3371 2514 3631 2583 ἀνομοίων
3658 2509 3790 2580 αὐτῷ

2240 2601 2581 2670 προελθοῦσα
2626 2602 2863 2671 φύσεων.
2890 2604 3101 2659 Οὐκοῦν
3152 2607 3233 2670 είς
3287 2606 3441 2659 οὐδὲν
3498 2605 3621 2675 ὑμῖν
3664 2603 3792 2665 ἄπας

2237 2694 2266 2747 6
2294 2694 2508 2748 κυκεὼν
2533 2695 2631 2766 τῆς
2648 2698 2860 2750 τοιᾶσδε
2895 2697 3049 2768 ὐμῶν
3072 2698 3271 2770 λέσχης
3301 2696 3674 2769 κατέστρεψεν.

2817 2918 3070 2973 ΚΕΦΑΛ.
3099 2918 3242 2986 Aq'.

2314 3053 2435 3104 Ἔτι
2472 3050 2529 3103 δὲ
2586 3051 2880 3105 ἀκουστέον
2936 3052 3117 3107 αὐτῶν
3147 3053 3242 3106 καὶ
3268 3052 3451 3108 τοῦδε.
3482 3053 3544 3106 Ei
3579 3052 3797 3123 ἄσαρκός

2241 3155 2300 3191 τε
2332 3139 2428 3206 καὶ
2455 3141 2722 3211 ἄτρεπτος
2753 3142 2782 3193 ό
2812 3141 3002 3208 Λόγος,
3030 3143 3171 3195 κατὰ
3196 3142 3425 3212 φυσικὸν
3451 3140 3609 3197 αὐτοῦ
3634 3141 3796 3207 λόγον,

2243 3232 2397 3302 φησὶ,
2434 3233 2549 3295 πῶς
2584 3233 2735 3286 ἔσται
2764 3234 3180 3303 σεσαρκωμένος
3205 3234 3234 3287 ό
3263 3234 3429 3299 αὐτὸς
3462 3235 3632 3306 μένων
3655 3234 3798 3302 ἄτρε-

2239 3340 2408 3390 πτος;
2440 3323 2613 3388 οὕτως
2651 3324 2759 3395 γὰρ
2808 3325 2875 3378 ἂν
2908 3326 3004 3379 καὶ
3026 3326 3369 3397 τρεπόμενος
3394 3327 3600 3395 λέγοιτο
3637 3325 3698 3378 ἂν
3725 3324 3795 3375 ἔτι

2239 3412 2507 3484 ἄτρεπτος
2535 3417 2741 3485 μεῖναι.
2770 3417 2894 3469 Εἴτε
2921 3416 3013 3470 οῦν
3040 3417 3138 3488 οὐχ
3176 3420 3204 3471 6
3244 3417 3383 3483 Θεὸς
3407 3418 3543 3490 σὰρξ
3573 3418 3794 3486 γέγονεν,

2238 3506 2299 3560 οὐ
2326 3506 2585 3568 Θεοτόκος
2614 3509 2647 3576 ἡ
2672 3507 2903 3563 τεκοῦσα
2946 3508 3047 3580 τὴν
3080 3510 3260 3579 σάρκα
3278 3527 3295 3544 ο
3331 3513 3443 3564 εἴτε
3472 3510 3630 3572 αὐτὸς
3656 3509 3799 3578 γέγο-

2239 3615 2349 3664 νεν,
2382 3600 2444 3652 οὐ
2466 3598 2598 3663 Θεὸς
2624 3597 2811 3654 λοιπδν
2830 3602 2859 3653 6
2881 3600 2957 3671 μὴ
2988 3601 3281 3672 ἄτρεπτος.
3318 3603 3432 3656 οὐδ’
3490 3602 3597 3673 ἄρα
3627 3598 3801 3654 Θεοτό-

2239 3708 2335 3755 κος
2365 3690 2673 3763 οὐδαμῶςή
2711 3692 2805 3745 τοῦ
2856 3692 3093 3765 τρεπτοῦ
3157 3696 3366 3766 μήτηρ.
3421 3696 3487 3749 Τί
3518 3692 3607 3748 οῦν
3647 3690 3802 3750 οὕτως

2242 3782 2398 3853 ὐμῶν
2426 3784 2565 3851 ἄγαν
2590 3783 2964 3852 κωφωθέντων
2984 3785 3087 3839 οὐκ
3125 3788 3315 3858 ὲνηχεῖ
3338 3790 3453 3851 τοῖς
3494 3787 3595 3840 ὠσὶ
3626 3799 3803 3839 παντε·

2240 3873 2349 3937 λῶς
2369 3875 2479 3927 οὐδ’
2506 3876 2536 3928 6
2562 3874 2661 3945 τῆς
2695 3874 2921 3946 βροντῆς
2956 3876 3085 3940 Υἱὸς
3128 3876 3330 3947 λέγων,
3382 3896 3401 3930 ι
3444 3878 3553 3931 Καὶ
3594 3878 3621 3929 6
3648 3874 3802 3941 Λόγθς

2244 3965 2382 4037 σάρξ
2430 3966 2681 4035 ὲγένετὸ;
2721 3986 2740 4020 ι
2788 3967 2949 4031 Ἀλλ’,
2977 3958 3023 4020 ὧ
3053 3960 3222 4033 οῦτοι,
3259 3971 3308 4023 εί
3341 3972 3441 4042 μὲν
3473 3965 3805 4037 σεσαρκωμέο

2242 4072 2331 4112 νον
2359 4058 2450 4111 τόν
2476 4059 2648 4127 Λόγον
2674 4060 2816 4113 κατά
2858 4059 3070 4132 τροπὴν
3102 4060 3333 4116 ἀκούετε
3356 4063 3458 4133 τῆς
3486 4062 3713 4132 φύσεως,
3739 4057 3805 4119 ὦς

2245 4168 2424 4222 φαμεν
2451 4150 2813 4220 λελιθωμένον
2836 4150 2898 4204 τὸ
2920 4152 3087 4222 φυτὸν
3110 4152 3205 4206 τοῦ
3237 4154 3523 4225 κοραλίου,
3552 4153 3642 4207 καὶ
3678 4165 3807 4205 νενε-

2243 4242 2526 4315 κρωμένον
2563 4241 2625 4294 τὸ
2673 4244 2803 4313 πρὶν
2832 4242 2990 4309 ζῶον,
3030 4243 3199 4303 ὅντως
3223 4244 3291 4297 ἂν
3326 4246 3389 4298 τὸ
3421 4246 3685 4316 ἄτρεπτον
3714 4257 3805 4293 κα-

2243 4334 2531 4389 ταλύεσθαι
2558 4334 2783 4400 εἰκότως
2803 4333 3013 4402 δόξητε.
3034 4337 3097 4389 Ei
3115 4337 3171 4390 δὲ
3194 4338 3389 4408 ὥσπερ
3414 4332 3807 4409 κεχρυσωμένον

2243 4426 2306 4480 τὸ
2332 4425 2506 4491 ξύλον,
2536 4428 2631 4481 καὶ
2660 4427 3005 4497 ὡπλισμένον
3044 4428 3138 4482 τὸν
3169 4427 3341 4499 ἄνδρα
3371 4430 3627 4499 λέγομεν,
3682 4422 3809 4478 κατά

566 4517 773 4587 lignum
840 4525 898 4569 et
956 4526 1230 4571 armatum
1276 4517 1459 4571 virum
1526 4516 1786 4577 dicimus,
1838 4516 2140 4571 secundum

2246 4516 2345 4587 τὴν
2373 4518 2507 4587 πρὸς
2524 4518 2612 4570 τὸν
2634 4518 2833 4590 χρυσὸν
2857 4518 3075 4585 ἕνωσιν,
3100 4520 3196 4572 καὶ
3217 4519 3328 4574 τῶν
3360 4521 3545 4574 ὃπλων
3562 4504 3661 4587 τὴν
3688 4513 3809 4571 ἀνά-

565 4610 828 4663 unionem
874 4608 1009 4677 ligni
1062 4624 1190 4663 cum
1235 4624 1397 4673 auro,
1449 4617 1506 4663 et
1556 4625 1839 4664 armorum
1878 4609 2147 4680 sumptio-

564 4717 692 4756 nem
718 4711 773 4755 et
796 4701 1185 4762 induitionem.
1212 4701 1395 4755 carnis
1422 4703 1857 4771 assumptionem
1884 4703 1941 4757 in
1966 4703 2147 4757 Verbo

567 4802 909 4863 reputamus,
942 4792 1223 4861 quomodo
1255 4794 1619 4849 mutationem
1649 4804 1863 4849 naturae
1892 4794 2148 4850 introdu-

565 4886 782 4941 cimus?
830 4884 1118 4952 Siquidem
1160 4883 1310 4938 cnim
1361 4885 1576 4954 lignum
1619 4885 1801 4941 adhuc
1843 4886 1962 4941 sine
2010 4902 2148 4943 auro

566 4978 872 5032 secundum
906 4985 1182 5041 naturam,
1224 4986 1433 5041 manet,
1467 4993 1593 5031 cum
1636 4978 1949 5033 inauratum
1982 4979 2151 5034 fuerit

566 5068 871 5124 mcundum
934 5084 1090 5122 suam
1148 5067 1621 5123 subsistentialem
1650 5078 1936 5136 naturam;
1971 5080 2028 5124 et
2064 5072 2150 5125 vir

565 5163 750 5217 adhuc
796 5162 916 5217 sine
947 5162 1117 5227 ferro,
1144 5171 1241 5216 aut
1269 5162 1470 5217 melius
1500 5162 1777 5231 loquendo
1808 5178 1933 5217 cum
1967 5162 2149 5219 nudus

566 5263 652 5308 est
701 5268 857 5309 coma
900 5254 1285 5309 tantummodo
1318 5254 1623 5309 secundum
1668 5263 1921 5308 naturam
1962 5265 2150 5311 manet

568 5346 891 5411 instructus,
915 5346 961 5401 si
989 5344 1199 5401 secund
1210 5361 1301 5399 um
1328 5346 1641 5401 naturalem
1664 5361 1820 5400 suam
1843 5347 2149 5403 subsisten-

568 5441 699 5493 tiam
746 5439 894 5493 ferro
945 5449 1191 5493 armatus
1233 5439 1392 5493 miles
1444 5438 1525 5504 ﬁt,
1556 5448 1653 5493 aut
1686 5439 1741 5493 in
1782 5438 1918 5493 ﬂore
1949 5440 2148 5509 juven-

568 5533 703 5587 tutis
722 5533 964 5603 pilosus;
990 5530 1231 5586 Verbum
1255 5546 1476 5602 quoque
1510 5532 1631 5586 sine
1654 5547 1818 5586 carne
1844 5532 2148 5585 secundum

567 5635 823 5678 naturam
872 5628 1081 5687 manet,
1123 5622 1179 5675 id
1232 5632 1317 5676 est
1364 5622 1668 5677 secundum
1726 5621 2149 5677 substantialem

571 5714 862 5777 rationem,
886 5729 1011 5767 cum
1033 5713 1345 5781 adiunctam
1372 5713 1745 5770 subsistentice
1794 5729 1904 5768 sua:
1940 5723 2151 5771 natura:

573 5816 789 5859 carnem
813 5804 1012 5861 induit.
1052 5804 1413 5861 Substanti‘ali
1444 5806 1593 5862 enim
1631 5806 1862 5872 ratione,
1901 5808 2150 5863 cernitur

2246 4608 2409 4679 ληψιν
2441 4609 2536 4662 καὶ
2582 4608 2886 4675 ὲπένδυσιν,
2939 4606 3041 4680 τὴν
3069 4608 3376 4681 πρόσληψιν
3409 4610 3509 4680 τῆς
3536 4606 3730 4679 σαρκὸς
3756 4605 3809 4655 ὲν

2246 4700 2325 4770 τῷ
2350 4702 2508 4773 Λόγῳ
2530 4701 2866 4765 δοξάζοντες,
2888 4701 3005 4764 πῶς
3035 4702 3248 4774 τροπὴν
3274 4703 3429 4774 αὐτῷ
3460 4702 3668 4771 φύσεως
3712 4699 3809 4751 εἰσι

2247 4795 2488 4864 άγομεν;
2523 4795 2697 4865 Εἴπερ
2731 4794 2841 4865 γὰρ
2873 4793 3028 4858 ξύλον
3053 4795 3135 4847 ἔτι
3160 4795 3404 4866 ἄχρυσον
3425 4795 3525 4865 τὴν
3556 4793 3729 4864 φύσιν,
3755 4789 3809 4840 τὸ

2248 4886 2346 4956 τὴν
2392 4887 2760 4940 ὲνυπόστατον
2809 4885 2973 4955 φύσιν
3022 4886 3188 4940 αὐτοῦ
3234 4888 3690 4958 κεχρυσωμένον·
3729 4880 3811 4934 καὶ

2248 4977 2386 5048 ἀνὴρ
2425 4978 2504 5030 [τι
2528 4978 2806 5048 ἀσίδηρος,
2837 4977 2870 5049 ἦ
2902 4979 3102 5049 μᾶλλον
3132 4981 3308 5033 εἰπεῖν
3341 4982 3408 5033 ὲκ
3464 4977 3620 5046 ψιλοῦ
3650 4990 3811 5044 τετρι-

2248 5068 2493 5138 χωμένος
2518 5068 2617 5137 τὴν
2650 5067 2878 5137 φύσιν,ὁ
2913 5068 3011 5139 τὴν
3041 5069 3280 5139 φυσικὴν
3326 5067 3632 5121 ὑπόστασιν
3663 5057 3811 5117 αὐτοῦ

2252 5159 2687 5229 σεσιδηρωμένος
2724 5160 2974 5230 ὁπλίτης,
3001 5160 3035 5230 ἢ
3067 5163 3124 5213 ὲν
3155 5161 3308 5230 ἀκμῇ
3337 5158 3529 5212 λασιού
3538 5172 3710 5229 μενος,
3732 5150 3811 5206 καὶ

2250 5252 2278 5304 ό
2316 5251 2487 5319 Λόγος
2544 5252 2783 5322 ἄσαρκος
2834 5253 2988 5322 μένει
3037 5251 3138 5323 τὴν
3186 5250 3369 5319 φύσιν,
3401 5252 3573 5320 ἤγουν
3622 5248 3707 5301 τὸν
3736 5242 3813 5297 ούο

2252 5342 2416 5413 σιώδη
2468 5344 2663 5411 Λόγον,
2714 5344 3111 5415 ὲπιγενομένην
3155 5347 3221 5415 τῇ
3260 5346 3470 5414 φυσικῇ
3501 5340 3661 5396 αὐτοῦ
3692 5338 3810 5389 6m-

2253 5437 2462 5502 στάσει,
2492 5424 2875 5507 περικείμενος
2902 5439 3082 5509 σάρκα
3102 5454 3114 5467 ο
3150 5438 3210 5490 ὲν
3236 5439 3349 5501 τοῖς
3379 5438 3481 5509 μὲν
3502 5435 3608 5508 γὰρ
3635 5427 3811 5486 οὐσιώ-

2249 5529 2364 5583 δεσι
2392 5529 2571 5598 λόγοις
2629 5531 2823 5600 ὁρᾶται
2872 5530 2935 5583 τὸ
2980 5529 3249 5601 ἄτρεπτον
3277 5530 3385 5599 τὴν
3430 5529 3611 5597 φύσιν,
3642 5525 3732 5579 οὐκ
3761 5522 3810 5572 ὲν

2248 5626 2364 5687 τοῖς
2389 5623 2797 5693 ἐπιγενομένοις
2842 5625 2911 5695 τῇ
2935 5624 3093 5695 οὐσίᾳ
3113 5640 3127 5654 ·
3163 5620 3434 5693 μενούσης
3460 5621 3518 5675 δὲ
3546 5621 3603 5673 ἐν
3647 5615 3809 5673 αὐτοῖς

2250 5715 2515 5779 ὡσαύτως
2568 5718 2665 5787 τῆς
2703 5715 2940 5785 φύσεως,
2980 5718 3013 5785 ἡ
3058 5716 3188 5787 περὶ
3221 5715 3322 5786 τὴν
3363 5714 3660 5769 ὑπόστασιν
3706 5707 3808 5758 tm-

2253 5806 2456 5877 θεωρία
2476 5807 2705 5875 γίνεται.
