4116 6434
380 516 516 577 1705

1315 508 1711 574 ADVERSUS
1751 504 2298 568 NESTORIANOS.
2339 528 2404 541 -
2437 507 2582 566 LIB.
2625 507 2722 567 IV.

3507 504 3639 570 1706

372 629 679 689 secundum
705 634 959 682 naturam
994 625 1357 690 immutabile,
1405 641 1515 680 non
1548 627 1604 679 in
1636 621 1956 678 substantiae
1995 619 2305 690 adjunctis;
2347 627 2606 672 manente
2661 623 2844 672 autem
2904 618 2965 672 in
2999 616 3105 672 illis
3132 616 3327 673 eodem
3357 617 3522 673 modo
3548 635 3642 674 na-

374 735 500 780 tura
543 735 666 792 quae
697 721 844 776 circa
881 721 1324 776 subsistentiam.

939 813 1193 868 ΚΕΦΑΛ.
1227 815 1352 867 ΛΖ’.

456 907 621 962 Ἀλλά
647 924 783 975 φασι
822 906 919 961 καὶ
947 906 1064 959 τόδε
1093 906 1142 957 ot
1176 905 1356 959 πάντα
1388 902 1570 971 λέγειν
1611 901 1834 963 εἰδότες,
1870 900 1956 952 ἵνα

376 1001 451 1075 μὴ
480 1005 546 1072 τῇ
571 1000 800 1070 ἀληθείᾳ
817 999 1291 1069 συμφθέγξωνται,
1321 997 1407 1052 ἵνα
1439 997 1534 1051 καὶ
1556 999 1668 1059 τοῖς
1698 995 1756 1060 ἐξ
1782 995 1955 1064 ἀγρά-

373 1112 473 1163 φου
498 1092 677 1146 αὐτῶν
707 1091 947 1164 ῥήμασιν
977 1091 1384 1160 ἐπεξέλθωμεν·
1417 1090 1498 1142 ὅτι
1549 1087 1659 1141 ίδοὺ
1688 1088 1781 1140 καὶ
1811 1085 1955 1139 κατὰ

368 1186 467 1246 τὰς
498 1183 772 1253 ὑμετέρας
805 1181 1094 1246 ὑποθέσεις
1109 1183 1201 1235 καὶ
1224 1180 1594 1244 κατασκευὰς,
1627 1181 1722 1233 καὶ
1759 1179 1823 1232 ἐκ
1855 1178 1953 1248 μέ-

371 1292 497 1345 ρους
530 1273 624 1326 καὶ
656 1274 796 1327 κατά
826 1291 876 1327 τι
921 1272 1132 1338 ἔξεστιν
1185 1271 1470 1344 ὀνομάζειν
1495 1271 1642 1335 τινός
1679 1287 1800 1324 τινα
1852 1286 1956 1339 μη-

369 1367 522 1436 τέρα.
580 1362 707 1427 Πῶς
734 1360 827 1417 οὖν
853 1366 902 1417 εί
953 1365 1028 1436 μὴ
1068 1365 1310 1434 άσαρκον
1350 1362 1679 1433 γεννηθῆναι
1732 1361 1866 1413 Θεὸν
1893 1359 1953 1423 ἐξ

368 1457 541 1525 αὐτῆς
598 1454 871 1521 δοξάζετε,
921 1455 1173 1522 λέγουσιν
1216 1457 1349 1526 ἡμῖν
1410 1453 1826 1525 ὰνθρωποτόκον
1857 1452 1952 1505 καὶ

367 1547 433 1599 ἐκ
460 1545 658 1616 μέρους
687 1544 894 1614 ταύτην
930 1545 1210 1616 Παρθένον
1245 1545 1626 1614 ἀντιφέρεσθε,
1679 1544 1740 1597 τὺ
1760 1544 1951 1596 Θεοτὸ-

367 1653 462 1700 κος
489 1637 660 1707 ὄνομα
693 1636 856 1707 μόνον
879 1638 1018 1708 αὐτῇ
1063 1637 1185 1692 κατ’
1215 1637 1496 1708 ἐξαίρετον
1515 1635 1950 1706 ἀποκληρώσαν-

366 1745 481 1792 τες,
549 1727 665 1781 ἀλλ’
692 1725 814 1781 οὐδὲ
845 1728 1214 1798 Χριστοτόκον
1246 1727 1312 1779 ἐκ
1350 1725 1446 1779 τοῦ
1480 1727 1604 1780 ὅλου
1643 1723 1951 1794 φάσκοντας

365 1819 538 1891 αὐτὴν
563 1819 916 1890 οἰκειότερον,
953 1819 1359 1890 καταδέχεσθε;
1398 1817 1510 1872 Καὶ
1542 1817 1680 1889 πρὸς
1705 1816 1865 1871 τοῦτο
1889 1815 1946 1868 δέ

360 1927 548 1981 φαμεν
561 1912 745 1973 αὐτοῖς
774 1911 990 1981 πρῶτον
1016 1911 1136 1981 μὲν,
1153 1909 1279 1973 Πῶς
1307 1907 1535 1962 δύνασθε
1553 1907 1728 1962 ἄθλιοι
1740 1907 1948 1976 ἀνθρω-

365 2002 596 2056 πτόκον
610 2001 892 2071 ὀνομάζειν
900 2003 1001 2073 τὴν
1013 2000 1174 2069 ἁγίαν
1193 2000 1489 2071 Παρθένον,
1507 2000 1571 2053 ἐκ
1587 1999 1806 2070 μέρους,
1823 1998 1872 2050 οί
1890 1997 1948 2051 δέ

362 2096 430 2149 ἐκ
448 2093 647 2167 μέρους
664 2095 835 2164 αὐτὴν
855 2094 1116 2148 Θεοτόκον
1143 2091 1429 2163 ὀνομάζειν
1461 2091 1536 2162 μὴ
1573 2089 1946 2160 καταδεξάμε-

2627 797 2780 854 CAP.
2821 799 3083 856 XXXV“.

2130 891 2239 947 Sed
2273 893 2467 947 dicunt
2501 893 2607 947 hoc
2629 907 2873 963 quoque,
2904 893 2994 949 isti
3031 902 3225 949 cuncta
3252 893 3438 952 dicere
3461 897 3626 952 scien-

2062 993 2164 1047 tes,
2194 1000 2265 1039 ne
2297 985 2519 1040 veritati
2549 985 2910 1040 consonantia
2963 985 3285 1055 loquantur,
3329 995 3387 1042 et
3434 996 3495 1041 ut
3540 1003 3629 1042 eo-

2060 1095 2181 1133 rum
2237 1094 2348 1132 non
2407 1078 2616 1147 scripta
2680 1077 2853 1132 verba
2905 1076 3293 1148 impugnemus
3343 1094 3634 1148 :nempe.

2056 1171 2362 1226 secundum
2396 1179 2609 1226 vestras
2651 1170 3066 1240 suppositiones
3101 1179 3156 1223 et
3199 1172 3637 1240 argumentatio-

2055 1278 2175 1325 nes,
2218 1271 2275 1316 et
2307 1276 2373 1316 ex
2401 1271 2558 1330 parte
2587 1270 2642 1316 et
2674 1261 2978 1315 secundum
3013 1260 3146 1330 quid
3177 1261 3310 1315 licet
3351 1262 3636 1315 nominare

2054 1355 2286 1425 alicujus
2329 1354 2568 1424 aliquam
2597 1362 2867 1417 matrem;
2915 1352 3192 1421 quomodo
3234 1352 3419 1423 igitur,
3448 1352 3492 1407 si
3528 1367 3636 1406 non

2053 1446 2456 1516 incorporalem
2481 1447 2728 1516 genitum
2761 1446 2930 1501 fuisse
2960 1446 3133 1500 Deum
3170 1460 3237 1500 ex
3260 1445 3350 1500 illa
3377 1443 3636 1510 censetis,

2052 1538 2503 1608 nobisinquiunt,
2520 1539 2760 1593 hominis
2783 1546 3011 1592 matrem
3042 1537 3207 1592 etiam
3229 1552 3294 1592 ex
3319 1546 3472 1606 parte
3490 1537 3636 1592 illam

2051 1628 2333 1699 Virginem
2351 1629 2645 1693 accusatis,
2660 1629 2757 1684 Dei
2773 1628 2958 1683 Matris
2972 1629 3392 1698 appellationem
3406 1627 3485 1683 illi
3517 1644 3633 1698 spe-

2053 1721 2267 1776 cialiter
2305 1721 2693 1783 attribuentcs,
2740 1720 2835 1775 sed
2865 1719 3069 1775 Christi
3108 1729 3338 1775 matrem
3375 1719 3431 1774 in
3463 1728 3636 1774 totum

2050 1827 2153 1866 nos
2182 1812 2405 1881 proprie
2419 1813 2588 1883 magis
2612 1813 2760 1867 illam
2787 1812 3124 1881 appellantes
3149 1827 3259 1865 non
3274 1811 3526 1881 accipitis
3546 1811 3626 1866 ἳ-

2051 1903 2119 1958 Ει
2148 1901 2214 1957 ad
2240 1903 2352 1958 haec
2378 1904 2618 1974 primum
2643 1903 2764 1958 istis
2781 1903 3016 1958 dicimus
3037 1920 3050 1956 :
3075 1903 3361 1970 Quomodo
3378 1903 3636 1973 potestis.

2049 2007 2083 2045 o
2111 1993 2316 2058 miseri,
2344 1995 2588 2049 hominis
2603 2003 2834 2050 matrem
2857 1995 3143 2048 nominare
3177 2003 3422 2050 sanetam
3455 1995 3638 2065 Virgi-

2050 2099 2177 2137 nem
2218 2099 2284 2138 ex
2309 2094 2484 2154 parte.
2508 2085 2604 2156 qui
2627 2101 2696 2140 ex
2713 2094 2868 2156 parte
2896 2086 3039 2141 hanc
3065 2086 3164 2140 Dei
3188 2087 3414 2142 Matrem
3450 2086 3640 2140 nomi-

363 2203 483 2252 νοι;
510 2187 587 2240 Οὐ
609 2186 718 2256 γὰρ
751 2185 816 2239 δι’
836 2175 912 2238 ὧν
931 2202 1016 2248 τις
1039 2183 1218 2254 λόγων
1234 2184 1334 2246 τὰς
1361 2181 1655 2252 ὀνομασίας
1682 2183 1950 2236 ἀποσκευ-

2055 2191 2186 2231 nare
2203 2192 2311 2232 non
2336 2177 2698 2233 consentitis?
2727 2193 2836 2233 non
2861 2179 3009 2233 enim
3041 2194 3138 2248 per
3176 2194 3339 2249 quam
3364 2178 3639 2234 rationem

365 2275 557 2342 ἅζεται
600 2276 711 2330 τῶν
757 2273 1147 2340 ἐναντίων,διὰ
1172 2273 1376 2327 τούτων
1404 2273 1500 2326 καὶ
1547 2272 1948 2343 προϐάλλεσθαι

363 2365 592 2420 δύναται
619 2365 719 2430 τὰς
771 2365 926 2430 ἰδίας,
957 2364 1096 2435 πλὴν
1127 2366 1177 2417 εί
1218 2363 1294 2434 μὴ
1326 2362 1447 2416 κατ’
1469 2362 1721 2427 ἐξουσίας
1748 2363 1950 2433 τρόπον

364 2457 526 2512 τοῦτο
556 2460 707 2530 ποιῇ.
741 2456 1007 2528 Δεύτερον
1032 2457 1089 2510 δὲ
1118 2455 1420 2510 ἀκούσεσθε
1440 2455 1569 2526 παρ’
1595 2454 1862 2525 ἠμῶν,ὡς
1893 2453 1952 2519 ἐξ

367 2551 589 2605 ἐκείνων
628 2551 918 2621 ὀνομάζειν
947 2549 1056 2604 τῶν
1083 2549 1269 2622 μερῶν
1305 2549 1368 2603 τὸ
1411 2549 1553 2616 ὅλον,
1581 2548 1702 2613 ἐθος
1733 2551 1802 2620 τῇ
1830 2549 1952 2620 θείᾳ

364 2643 562 2715 Γραφῇ
587 2643 926 2712 σαφέστατα,
948 2641 1059 2696 τῶν
1077 2643 1201 2696 κατ’
1232 2642 1592 2714 ἐπικράτειαν
1621 2635 1762 2695 εἶναι
1792 2641 1850 2693 ἐν
1871 2639 1954 2709 τῷ

370 2717 613 2807 συνθέτῳ
647 2735 990 2806 φαινομένων
1009 2749 1024 2765 ⁸
1058 2734 1155 2789 καὶ
1183 2735 1294 2807 γὰρ
1321 2733 1780 2805 ὡμολογημένως,
1805 2731 1869 2786 ἐκ
1893 2749 1954 2786 τε

367 2827 548 2898 ψυχῆς
593 2825 690 2882 καὶ
755 2825 1009 2896 σώματος
1069 2826 1180 2880 τῶν
1233 2824 1544 2894 ἀνθρώπων
1600 2822 1954 2877 συνεστώτων

371 2919 614 2984 πάντων,
667 2919 817 2989 ὅμως
871 2919 1035 2990 ἡνίκα
1068 2918 1096 2972 ὀ
1158 2919 1302 2972 κατὰ
1359 2917 1591 2988 θάτερον
1647 2918 1813 2987 μέρος
1852 2917 1953 2986 τῆς

373 3010 676 3073 συνθέσεως
719 3011 1066 3082 ἐπεκράτησε
1113 3009 1208 3084 τού
1245 3009 1386 3080 βίου,
1418 3009 1512 3063 καὶ
1546 3009 1647 3078 τῆς
1669 3008 1818 3078 ζωῆς
1842 3007 1953 3060 τῶν

369 3097 676 3168 ἀνθρώπων
710 3099 890 3168 λόγος,
919 3101 1136 3172 εἴρηται
1169 3099 1244 3164 ὼς
1264 3100 1324 3153 οὐ
1345 3099 1420 3170 μὴ
1455 3099 1613 3170 μείνῃ
1638 3099 1698 3152 τὸ
1726 3096 1956 3167 Πνεύμά

375 3208 478 3261 μου
500 3192 558 3244 ἐν
588 3193 701 3254 τοῖς
719 3191 1027 3261 ἀνθρώποις
1053 3189 1285 3256 τούτοις,
1338 3189 1427 3244 διὰ
1467 3190 1529 3243 τὸ
1580 3186 1720 3242 εἶναι
1755 3190 1954 3252 αὐτοὺς

372 3281 617 3352 σάρκας·
646 3281 739 3333 καί
779 3296 864 3334 τοι
892 3280 1351 3350 ὡμολογημένως,
1379 3279 1480 3333 οὐκ
1532 3277 1757 3348 ἀψύχων
1785 3279 1954 3331 ὄντων

369 3379 480 3432 τῶν
507 3376 785 3449 σαρκικῶς
812 3368 1072 3447 βιούντων
1089 3377 1233 3444 τότε,
1258 3377 1374 3432 ἀλλ’
1401 3376 1869 3447 ἐπικρατηθέντος
1889 3377 1952 3446 τῇ

370 3473 531 3542 φύσει
559 3472 658 3542 τῆς
689 3468 919 3541 σαρκόςο
960 3469 1154 3524 Ἰακὼϐ
1169 3469 1224 3523 δὲ
1253 3469 1415 3524 πάλιν
1446 3471 1503 3524 ἐν
1531 3475 1572 3523 o'
1598 3468 1798 3539 ψυχαῖς
1835 3470 1952 3522 είσ-
1979 3503 2026 3564 C

372 3562 508 3616 ιέναι
545 3561 624 3625 εἰς
688 3561 786 3633 τὴν
819 3561 1094 3632 Αἴγυπτον
1131 3560 1577 3632 ἀναγέγραπται,
1611 3560 1712 3613 οὐκ
1729 3558 1956 3629 ἀσωμά-

368 3669 477 3718 τως
492 3652 734 3722 δηλονότι
754 3655 854 3723 τὴν
883 3651 1192 3726 παρουσίαν
1214 3655 1396 3707 ἐκεῖσε
1427 3653 1796 3724 ποιησάντων,
1819 3653 1958 3706 ἀλλὰ

367 3746 479 3798 τῶν
517 3747 577 3811 ἐξ
624 3746 818 3800 Ἰακὼϐ
860 3749 928 3818 τῇ
978 3747 1122 3800 κατὰ
1150 3746 1211 3799 τὸ
1241 3748 1496 3817 κρεῖττον
1520 3745 1630 3800 τῶν
1669 3747 1729 3800 ἐν
1755 3746 1834 3817 τῷ
1862 3747 1959 3800 άν-

370 3837 576 3911 θρώπῳ
610 3840 857 3910 πολιτείᾳ
894 3840 1364 3912 μαρτυρουμένων
1385 3857 1400 3872 ·
1427 3839 1534 3905 ἓως
1556 3840 1958 3912 πληθυνθέντες

369 3933 422 3986 ot
446 3932 554 3985 uiol.
587 3929 824 4003 Ἰσραὴλ,
845 3932 1054 4002 χυδαῖοι
1097 3933 1348 4001 ἐγένοντο
1365 3948 1380 3963 ο
1407 3932 1604 3986 ούκοῦν
1629 3932 1859 3996 δεόντως
1889 3934 1954 4004 τῇ

368 4023 465 4076 τοῦ
489 4021 636 4076 θείου
661 4023 861 4094 μέρους
892 4023 1221 4095 ἐπικρατείᾳ
1248 4022 1413 4087 ὁσίως
1437 4039 1498 4076 τε
1531 4024 1626 4078 καὶ
1651 4025 1763 4088 τοῖς
1789 4024 1957 4094 ἱεροῖς

367 4115 550 4184 λόγοις
585 4115 918 4179 ἀκολούθως,
961 4115 1094 4169 Θεὸν
1120 4115 1212 4170 τὸν
1241 4116 1361 4169 ὅλον
1394 4116 1633 4190 Χριστὸν
1688 4115 1954 4186 ὀνομάζο-

375 4220 506 4276 μενο
537 4205 772 4275 μάλιστα
799 4204 857 4258 δὲ
911 4205 994 4258 ὅτι
1037 4205 1134 4258 καὶ
1183 4203 1245 4258 τὺ
1281 4204 1596 4259 ίδικώτατον
1646 4203 1780 4258 Θεοῦ
1811 4222 1954 4274 γνω-

376 4298 656 4368 ριστήριον
685 4299 742 4350 ἐν
773 4296 851 4366 τῷ
881 4297 1002 4351 κατ’
1021 4297 1188 4350 αὐτὸν
1217 4297 1348 4367 ὅλῳ,
1387 4298 1482 4350 καὶ
1524 4297 1628 4352 οὐκ
1659 4299 1716 4350 ἐν
1746 4295 1824 4368 τῷ
1873 4297 1957 4352 ἐνὶ

374 4387 537 4458 μόνον
569 4387 725 4457 μέρει
756 4386 1093 4458 θεωροῦμεν,
1117 4388 1256 4458 ὅπερ
1296 4387 1435 4455 ἐστὶ,
1452 4387 1513 4440 τὸ
1532 4387 1918 4458 ἀναμάρτητον
1937 4403 1950 4417 ⁸

369 4479 454 4533 ἔτι
485 4482 592 4550 μὴν
637 4481 734 4533 καὶ
769 4481 952 4533 πᾶσαν
982 4477 1260 4552 θεοπρεπῆ
1310 4479 1510 4552 πρᾶξιν
1555 4483 1614 4536 ἐν
1644 4479 1795 4552 αύτῷ
1848 4480 1955 4551 ὅλῳ

370 4571 736 4642 γινώσκομεν.

443 4663 638 4738 Τρίτον
667 4665 723 4718 δὲ
758 4665 887 4736 ὑμῖν
913 4682 1094 4737 φαμεν
1121 4681 1138 4698 ο
1185 4665 1316 4731 Πῶς
1342 4665 1562 4721 πάντων
1587 4665 1698 4720 τῶν
1746 4665 1956 4738 κυρίων

369 4754 670 4824 ὀνομάτων,
708 4754 945 4825 μάλιστα
969 4756 1078 4809 τῶν
1106 4757 1446 4828 φερωνύμως
1485 4758 1778 4828 κειμένων,
1805 4755 1957 4826 ίδικῷ

2050 2268 2250 2338 aliquis
2289 2268 2772 2325 denominationes
2793 2269 3203 2325 contrariorum
3259 2269 3480 2339 rejicit,
3536 2283 3640 2339 pe:

2051 2359 2305 2413 eamdem
2353 2367 2537 2430 potest
2584 2360 2835 2431 proprias
2876 2361 3186 2427 admittere,
3231 2361 3339 2418 nisi
3387 2361 3493 2417 hoc
3538 2376 3640 2431 per

2053 2450 2337 2506 licentiam
2385 2451 2575 2507 faciat.
2627 2452 2887 2508 Secundo
2937 2463 3120 2509 autem
3158 2454 3344 2509 audite
3387 2470 3419 2510 e
3453 2454 3638 2519 nobis,

2053 2541 2518 2611 quemadmodum
2543 2558 2610 2597 ex
2636 2543 2723 2598 his
2749 2543 2998 2614 partibus
3030 2552 3203 2600 totum
3244 2545 3520 2616 appellare
3548 2559 3642 2599 as-

2055 2633 2306 2688 sueverit
2330 2634 2588 2704 profecto
2617 2635 2910 2706 Scriptura
2944 2636 3154 2701 divina,
3179 2652 3303 2706 quae
3339 2637 3394 2691 in
3417 2652 3644 2707 compo-

2055 2725 2162 2779 sito
2189 2725 2460 2780 dominari
2497 2727 2774 2782 videntur.
2833 2727 3072 2794 Etenim,
3100 2736 3162 2782 ut
3215 2728 3318 2798 ipsi
3369 2728 3638 2794 fatemini,

2055 2828 2121 2868 ex
2152 2815 2334 2869 anima
2356 2824 2414 2870 et
2438 2831 2670 2885 corpore
2691 2831 2816 2870 cum
2853 2832 3046 2872 omnes
3080 2826 3336 2872 constant
3362 2818 3637 2882 homines,

2054 2914 2298 2962 altamen
2326 2907 2548 2977 quando
2569 2907 2624 2961 in
2649 2908 2878 2961 alteram
2907 2909 3198 2977 compositi
3229 2918 3439 2979 partem
3468 2909 3642 2964 domi-

2054 2996 2295 3050 nabatur
2327 2997 2454 3051 vita:
2497 3006 2554 3051 et
2587 2997 2946 3051 animalitatis
2991 2999 3276 3052 hominum
3336 3000 3514 3065 ratio,
3551 2999 3638 3054 di-

2055 3095 2205 3140 ctum
2239 3096 2325 3142 est
2348 3088 2493 3156 quod
2521 3103 2632 3142 non
2666 3098 2884 3143 maneat
2917 3089 3149 3159 spiritus
3182 3105 3339 3144 meus
3367 3091 3422 3144 in
3454 3091 3635 3145 homi-

2057 3175 2220 3231 nibus
2264 3175 2386 3230 istis
2416 3192 2484 3232 eo
2528 3177 2676 3247 quod
2724 3193 2855 3233 caro
2880 3179 3026 3245 sint;
3058 3195 3249 3235 verum
3301 3181 3421 3235 sine
3468 3181 3642 3235 dubio

2055 3283 2168 3322 non
2211 3269 2418 3340 absque
2450 3270 2631 3325 anima
2657 3280 2816 3325 erant
2847 3271 2937 3325 isti
2969 3272 3063 3341 qui
3094 3273 3388 3329 carnaliter
3422 3283 3535 3328 tum
3561 3274 3643 3329 vi—

2057 3361 2277 3424 vebant,
2296 3361 2390 3415 sed
2405 3360 2795 3416 dominabatur
2820 3372 3030 3418 naturae
3045 3378 3198 3418 caro.
3216 3364 3387 3419 Jacob
3415 3379 3640 3435 quoque

2058 3465 2184 3504 cum
2219 3453 2568 3522 septuaginta
2611 3451 2904 3508 animabus
2933 3453 3215 3524 ingressus
3239 3470 3360 3511 esse
3389 3455 3446 3510 in
3473 3455 3640 3528 AZgy-

2057 3552 2212 3611 ptum
2235 3543 2500 3597 scribitur
2527 3559 2641 3598 non
2673 3544 3008 3614 incorporali
3038 3548 3327 3615 praesentia
3361 3547 3440 3603 ibi
3469 3547 3642 3619 signi-

2058 3632 2240 3696 ﬁcata,
2289 3635 2385 3690 sed
2429 3635 2666 3690 ﬁliorum
2705 3637 2877 3692 Iacob
2907 3647 3062 3707 parte
3097 3654 3128 3693 e
3151 3638 3370 3695 duabus
3401 3639 3642 3695 hominis
3679 3683 3686 3690 .

2058 3724 2311 3793 partibus
2354 3724 2583 3782 meliore
2605 3727 2869 3792 indicata,
2917 3730 3225 3798 usquedum
3266 3731 3413 3786 aucti
3446 3731 3643 3788 ﬁliils-

2057 3816 2194 3880 rael,
2244 3818 2530 3874 numerosi
2582 3819 2712 3874 facti
2748 3827 2900 3873 sunt.
2933 3820 3108 3891 Igitur
3133 3823 3530 3877 convenienter
3571 3838 3642 3878 ex

2055 3907 2260 3963 divina:
2307 3911 2482 3978 partis
2509 3911 2833 3980 praestantia
2863 3913 3126 3984 religioso
3149 3916 3317 3970 modo
3355 3924 3413 3971 et
3467 3918 3642 3975 sacris

2052 4001 2242 4057 verbis
2270 4013 2664 4072 consentaneo,
2686 4005 2860 4061 Deum
2881 4005 3161 4062 Christum
3193 4016 3368 4064 totum
3401 4012 3643 4082 appella-

2059 4107 2222 4159 mus;
2251 4095 2559 4163 praesertim
2594 4095 2721 4164 quia
2772 4096 3059 4166 proprium
3091 4099 3329 4155 maxime
3360 4100 3456 4155 Dei
3478 4103 3641 4157 attri-

2057 4181 2252 4236 butum
2281 4182 2337 4237 in
2368 4191 2488 4238 toto
2508 4183 2751 4250 Christo,
2773 4193 2831 4241 et
2864 4202 2975 4241 non
3006 4187 3065 4242 in
3095 4203 3205 4243 una
3231 4196 3446 4245 tantum
3480 4193 3657 4262 parte'

2055 4271 2359 4335 cernimus,
2404 4273 2554 4344 quod
2604 4281 2690 4330 est
2725 4274 3193 4344 impeccahilitas;
3243 4278 3429 4341 adhuc
3473 4282 3636 4336 etiam

2055 4375 2275 4417 omnem
2303 4362 2505 4419 divinae
2549 4366 2974 4422 convenientem
3016 4375 3231 4423 natura:
3267 4369 3547 4427 actionem
3577 4372 3633 4427 in

2053 4453 2163 4510 hoc
2201 4462 2318 4510 toto
2341 4456 2710 4527 agnoscimus.

2127 4671 2316 4731 Tertio
2334 4683 2526 4731 autem
2554 4676 2716 4733 vobis
2752 4677 3340 4748 dicimusz'Quomodo
3368 4699 3494 4740 cum
3519 4701 3638 4741 om-

2056 4764 2149 4818 nia
2182 4766 2406 4834 pr0pria
2439 4766 2555 4821 sint
2592 4768 2842 4836 nomina,
2873 4772 3183 4840 praesertim
3220 4789 3341 4844 qua:
3367 4775 3638 4845 signiﬁca-

366 4863 476 4900 τινι
510 4846 856 4917 γνωρίσματι
891 4848 1047 4919 παρὰ
1082 4850 1209 4914 τοὺς
1262 4849 1484 4914 λοιποὺς
1522 4850 1632 4904 τῶν
1689 4849 1949 4922 ὁμοειδῶν

2056 4855 2166 4910 tive
2196 4869 2507 4924 versantur,
2532 4859 2866 4928 particulare
2890 4869 2946 4916 et
2965 4863 3339 4932 praescindens
3371 4867 3516 4922 inter
3546 4883 3630 4922 re-

369 4938 466 4992 καὶ
521 4937 924 5010 ύπεξῃρημένῳ
964 4940 1405 5011 σημαινομένων,
1439 4941 1526 4995 ἵνα
1579 4941 1754 5004 οὕτως
1781 4944 1951 4996 νοοῖτο

370 5030 495 5085 κατ’
531 5030 664 5084 αὐτὸ
699 5031 760 5083 τὸ
799 5031 1091 5101 πρόσωπον
1117 5032 1300 5097 ίδικῶς
1319 5028 1380 5087 οὗ
1405 5035 1552 5087 ἐστιν
1575 5036 1609 5104 ἡ
1642 5034 1834 5105 κλῆσις
1855 5035 1950 5088 τοῦ

369 5123 657 5192 ὀνόματος,
677 5122 775 5176 ἀνθ
785 5123 1096 5193 ρωποτόκον
1113 5123 1292 5191 λέγειν
1317 5123 1415 5194 τὴν
1438 5124 1712 5195 Παρθένον
1742 5125 1839 5194 τὴν
1855 5125 1949 5178 τοῦ

371 5212 508 5266 Θεοῦ
532 5214 708 5281 Λόγου
735 5213 1034 5284 γενομένην
1059 5215 1294 5284 Μητέρα
1317 5215 1575 5284 βούλεσθε
1598 5235 1612 5282 ;
1649 5217 1806 5271 Πᾶσα
1845 5216 1954 5287 γὰρ

373 5305 469 5360 καί
508 5307 671 5372 ἑτέρα
691 5305 930 5360 τεκοῦσα
957 5308 1016 5359 ἐν
1046 5305 1358 5378 ἀνθρώποις
1407 5309 1566 5380 γυνὴ,
1600 5308 1678 5380 τῷ
1725 5309 1954 5380 ὀνόματι

369 5397 548 5468 τούτῳ
598 5397 1068 5470 προσαγορεύεταί
1104 5415 1165 5452 τε
1212 5401 1306 5452 καὶ
1355 5401 1706 5471 σημαίνεται.
1736 5403 1810 5456 Ού
1845 5405 1954 5474 γὰρ

371 5485 532 5540 τοῦτο
561 5486 738 5555 ίδικῆς
768 5503 935 5551 τινος,
968 5487 1104 5540 ἀλλὰ
1142 5489 1326 5559 πάσης
1369 5491 1630 5556 γυναικὸς
1663 5491 1948 5562 ὀνομασία.

376 5577 499 5638 Πῶς
531 5571 624 5628 οὖν
658 5575 812 5628 ἔσται
849 5574 1038 5648 κύριον
1073 5579 1174 5648 τῆς
1200 5577 1514 5648 Παρθένου;
1564 5579 1808 5642 ἰδιάζειν
1843 5581 1953 5652 γὰρ

371 5669 454 5722 δεῖ
476 5670 544 5721 τὰ
579 5666 690 5720 τῶν
730 5667 1114 5723 ύποστάσεων·
1149 5670 1242 5722 καὶ
1289 5671 1408 5734 πῶς
1447 5687 1501 5723 τι
1552 5672 1719 5741 αὐτὴν
1765 5675 1828 5726 ἐκ
1855 5673 1950 5726 τοῦ

373 5759 558 5814 κοινοῦ
619 5759 1042 5830 προσαγορεύων
1091 5760 1383 5831 ὀνόματος,
1439 5761 1623 5826 ίδικῶς
1670 5764 1949 5834 σημαίνει,

369 5851 567 5921 ῶσπερ
584 5851 742 5904 εἴωθε
756 5851 824 5904 τὰ
842 5851 1179 5906 καθέκαστον
1194 5853 1436 5923 ὀνόματα
1456 5853 1651 5926 δηλοῦν
1670 5855 1762 5909 τὸν
1783 5857 1950 5925 δεῖνα;

374 5946 439 6001 El
493 5943 602 6017 γὰρ
638 5945 734 5999 καὶ
779 5945 854 6008 ὡς
905 5944 1156 5998 ἐπίθετον
1207 5947 1459 6018 ληφθείη,
1515 5948 1631 6000 ἀλλ’
1680 5949 1756 6016 ὡς
1786 5945 1950 6006 ἰδικῦν

772 6037 1042 6099 ΡΑτιιοῐι.
1089 6037 1208 6100 Gn.
1255 6041 1414 6101 LXX
1431 6041 1602 6104 XVI.

2055 4945 2235 5017 liquas
2265 4949 2476 5004 similes
2504 4966 2774 5022 personas
2805 4953 3075 5008 indicium
3107 4956 3448 5025 exbibentia;
3476 4959 3550 5012 ita
3577 4969 3636 5014 ut

2057 5038 2139 5093 sic
2170 5039 2508 5110 intelligatur
2531 5041 2586 5096 in
2620 5041 2769 5096 illam
2803 5044 2977 5114 ipsam
3005 5060 3298 5114 personam
3330 5049 3488 5117 cujus
3508 5065 3634 5118 pro-

2060 5129 2241 5200 prium
2273 5140 2378 5196 est,
2433 5133 2676 5188 nominis
2714 5134 3038 5203 appellatio,
3076 5135 3317 5192 hominis
3346 5149 3632 5208 parentem

2061 5220 2251 5276 dicere
2277 5221 2560 5293 Virginem
2587 5224 2685 5278 Dei
2707 5224 2875 5279 Verbi
2907 5225 3133 5280 Matrem
3158 5226 3360 5282 factam
3402 5238 3637 5286 conten-

2063 5309 2459 5367 ditis?0mnis
2505 5312 2653 5367 enim
2702 5323 2758 5368 et
2799 5315 2905 5368 alia
2946 5315 3167 5384 pariens
3201 5316 3346 5372 inter
3377 5318 3638 5377 homines

2064 5402 2283 5465 mulier,
2311 5403 2415 5458 hoc
2445 5405 2640 5458 eodem
2677 5405 2901 5460 nomine
2934 5407 3140 5461 dicitur
3173 5417 3231 5462 et
3259 5409 3635 5480 signiﬁcatur;

2063 5507 2188 5547 nam
2219 5494 2453 5565 alicujus
2494 5495 2844 5565 particularis
2889 5513 3002 5552 non
3030 5506 3134 5565 est,
3173 5501 3271 5555 sed
3299 5504 3481 5560 omnis
3511 5521 3638 5560 mu-

2059 5583 2214 5639 lieris
2264 5587 2728 5655 appellatiozcur
2783 5605 2893 5643 non
2949 5590 3056 5645 erit
3088 5593 3310 5662 propria
3358 5596 3640 5668 Virginis?

2057 5676 2405 5748 Distinguere
2423 5679 2569 5732 enim
2592 5689 2810 5749 oportet
2829 5697 2948 5752 quae
2966 5684 3320 5753 pertinentad
3340 5689 3644 5745 subsisten-

2062 5768 2184 5832 tias,
2214 5775 2268 5824 et
2297 5771 2576 5839 quomodo
2623 5773 2852 5843 aliquid,
2906 5776 3050 5830 hanc
3076 5780 3359 5834 communi
3415 5784 3639 5838 nomine

2060 5863 2362 5933 appellans,
2402 5865 2815 5934 particularitcr
2840 5868 3134 5940 signiﬁcat,
3177 5874 3320 5927 sicut
3361 5888 3640 5930 assuetum

2061 5965 2145 6009 est
2193 5956 2404 6026 singula
2449 5959 2671 6014 nomina
2725 5963 2886 6015 talem
2919 5965 3212 6032 quemdam
3265 5965 3553 6022 indicare?
3583 5969 3638 6022 Si

3197 6058 3272 6119 5!;
