4116 6432
549 490 680 553 ΠΟἹ

542 690 837 759 proprium
871 691 1050 745 averti
1092 691 1260 746 debet
1314 708 1344 746 a
1419 694 1583 747 solito
1667 693 1954 749 nominum
2005 711 2131 751 usu.

542 780 631 833 Sic
662 780 808 833 enim
855 780 1039 850 agitur
1090 781 1143 834 in
1193 782 1279 835 his
1324 797 1447 852 quae
1482 782 1594 836 duo
1642 783 1863 837 nomina
1903 782 2131 849 habent,

542 871 762 925 duobus
791 873 1112 926 nominibus
1144 873 1211 927 ad
1250 889 1413 927 unam
1446 888 1739 943 personam
1789 876 2011 945 proprie
2040 890 2135 929 or—

540 962 764 1026 diuatis;
804 970 862 1015 ut
888 962 967 1016 sol
1001 973 1057 1017 et
1102 963 1393 1033 hyperion,
1438 965 1805 1034 plenilunium
1850 975 1907 1020 et
1949 966 2080 1021 luna
2117 984 2132 1021 :

540 1070 649 1106 non
696 1056 843 1106 enim
892 1054 945 1107 in
982 1054 1104 1107 aliis
1140 1054 1255 1108 haec
1289 1054 1530 1123 epitheta
1588 1065 1646 1110 ut
1682 1057 1996 1111 communia
2043 1072 2137 1113 su-

542 1145 739 1199 menda
770 1154 920 1199 sunt.
958 1145 1029 1201 Ut
1070 1156 1257 1200 autem
1297 1148 1502 1202 clarius
1534 1148 1848 1218 loquamur,
1892 1149 2136 1205 hominis

542 1247 715 1291 mater
742 1246 799 1292 et
831 1238 924 1290 Dei
958 1238 1154 1303 Mater,
1183 1239 1404 1292 nomina
1433 1249 1563 1295 sunt
1589 1240 1834 1309 epitheta
1867 1256 2137 1311 persona-

543 1344 700 1393 rum;
729 1329 976 1398 epitheta
1008 1339 1215 1395 autem,
1258 1340 1353 1384 aut
1378 1332 1691 1387 communia
1718 1343 1867 1398 sunt,
1906 1343 1967 1388 ut
2000 1334 2135 1389 Phi-

542 1421 758 1489 lopator
788 1421 1137 1486 Ptolemaeus,
1181 1429 1238 1475 et
1270 1422 1683 1492 Philadelphus,
1727 1426 1898 1488 alter;
1930 1427 2135 1479 etenim

544 1512 638 1565 alii
672 1511 885 1567 similes
932 1513 1041 1567 illis
1067 1513 1194 1567 facti
1240 1523 1371 1569 sunt
1402 1525 1459 1570 et
1489 1514 1705 1570 fuerant
1762 1518 2139 1588 philopatores

544 1618 600 1658 ct
629 1605 999 1675 Philadclphi,
1048 1614 1105 1659 et
1139 1605 1280 1662 forte
1304 1622 1529 1673 omnes;
1569 1617 1665 1663 aut
1718 1609 1937 1679 propria
1986 1620 2136 1675 sunt,

545 1708 603 1749 ut
629 1698 748 1750 sine
781 1708 962 1752 matre
995 1707 1155 1753 natus
1200 1700 1351 1754 solus
1396 1699 1591 1761 Adam,
1640 1710 1697 1755 et
1732 1715 1885 1756 coma
1922 1702 2139 1755 validus

543 1789 695 1841 solus
724 1788 978 1849 Samson,
1012 1797 1212 1857 praeter
1242 1803 1435 1843 omnes
1467 1788 1715 1859 ejusdem
1752 1797 1981 1845 naturae.
2012 1790 2141 1859 Epi-

548 1880 759 1933 thetum
785 1888 967 1933 autem
997 1893 1197 1932 nomen
1232 1879 1474 1934 hominis
1500 1880 1712 1939 matris.
1748 1889 1809 1935 ut
1854 1881 2136 1951 preprium

1812 496 2125 587 meum
2175 496 2576 557 nvzwnxt

444 622 453 631 -
543 600 692 653 enim
749 607 808 652 ut
863 598 1171 669 epithctum
1232 602 1496 662 sumitur,
1552 600 1648 655 sed
1716 610 1776 656 ut
1824 603 2137 672 epithetum

2245 604 2498 656 ἐπίθετον
2530 601 2915 671 ἀντιστρέφειν
2940 600 3023 654 δεῖ
3055 600 3192 673 πρὸς
3221 599 3283 653 τὸ
3316 598 3683 671 ὑποκείμενον
3710 606 3814 656 τῶν

3682 494 3811 557 1708

2236 691 2554 763 ὀνομάτων·
2614 692 2760 745 οὔτω
2800 691 2907 761 γὰρ
2939 690 3053 761 ἔχει
3101 691 3196 744 καὶ
3234 690 3331 744 ἐπὶ
3360 688 3470 743 τῶν
3510 689 3812 761 διωνὺμων,

2234 786 2328 838 δύο
2359 785 2641 856 ὀνομάτων
2670 784 2792 839 καθ’
2816 785 2874 838 ἓν
2895 783 3188 856 προσώπου
3207 783 3415 854 κυρίως
3442 783 3809 853 τεταγμένων,

2237 878 2311 939 ὡς
2344 877 2497 947 ἥλιος
2531 878 2561 930 6
2599 878 2692 930 καὶ
2716 876 2979 946 ὑπερίων,
3008 877 3101 929 καὶ
3124 875 3406 946 διχομηνὶς
3428 876 3462 944 ὴ
3492 873 3692 945 σελήνη
3717 892 3730 906 ·
3755 874 3809 927 οὐ

2239 966 2349 1037 γάρ
2380 969 2496 1020 ἐστι
2526 968 2621 1020 καὶ
2676 967 2771 1021 ἐπὶ
2800 968 3009 1038 ἑτέρων
3036 966 3161 1020 τάδε
3190 966 3259 1019 τὰ
3285 965 3509 1019 ἐπίθετα
3535 965 3612 1028 ὡς
3666 965 3815 1019 κοινὰ
3850 1018 3859 1043 ι

2235 1060 2446 1115 λαϐεῖν.
2506 1060 2853 1130 Σαφέστερον
2884 1062 2942 1116 δὲ
2972 1062 3169 1123 εἰπεῖν,
3197 1060 3257 1112 τὸ
3286 1059 3703 1130 ἀνθρωποτόκος
3725 1060 3813 1111 καὶ

2236 1153 2527 1220 Θεοτόκος,
2562 1153 2808 1224 ὀνόματά
2855 1155 2991 1207 εἰσιν
3029 1152 3260 1205 ἐπίθετα
3290 1149 3607 1223 προσώποις
3628 1166 3641 1181 ⁸
3670 1149 3739 1203 τὰ
3760 1150 3814 1203 δὲ

2238 1247 2487 1310 ἐπίθετα,
2516 1246 2550 1319 ἢ
2574 1246 2733 1303 κοινά
2754 1247 2926 1311 ἐστιν,
2959 1244 3035 1308 ὼς
3065 1244 3391 1313 φιλοπάτωρ
3408 1244 3436 1295 6
3458 1242 3811 1312 Πτολεμαῖος,

2237 1341 2335 1395 καλ⁸
2367 1338 2689 1409 φιλάδελφος
2712 1338 2799 1393 Et:
2809 1354 2901 1408 ρος
2921 1352 2935 1367 ’
2963 1336 3060 1390 καὶ
3083 1336 3193 1407 γὰρ
3210 1334 3306 1389 καὶ
3331 1334 3482 1389 ἄλλοι
3503 1334 3613 1387 τῶν
3641 1334 3816 1403 ὁμοει-

2238 1432 2346 1486 δῶν
2370 1432 2556 1495 αὐτοῖς
2588 1430 2849 1500 γεγόνασι
2888 1431 2981 1482 καὶ
3008 1424 3119 1483 εἶεν
3153 1427 3518 1498 φιλοπάτορες
3545 1426 3640 1479 κάι
3700 1425 3815 1494 φιλ-

2246 1524 2489 1592 άδελφοι,
2522 1524 2619 1577 καὶ
2648 1522 2836 1593 σχεδὸν
2873 1522 3109 1584 πάντεςο
3142 1520 3174 1591 ἢ
3212 1518 3354 1572 ίδικά
3384 1520 3553 1583 ἐστιν,
3583 1517 3660 1581 ὡς
3680 1518 3815 1587 ἀμη-

2239 1611 2503 1683 τρογενὴς
2536 1611 2696 1681 μόνος
2725 1611 2754 1663 6
2795 1610 2967 1679 Ἀδὰμ
2987 1626 3001 1639 ·
3029 1608 3120 1662 καὶ
3148 1605 3501 1679 τριχοσθενὴς
3528 1608 3555 1660 6
3582 1605 3819 1676 Σαμψὼν

2245 1704 2427 1774 μόνος,
2480 1705 2633 1775 παρά
2682 1704 2809 1767 τοὺς
2852 1704 3112 1773 ὁμοφυεῖς
3138 1701 3382 1763 πάντας’
3415 1698 3477 1752 τὸ
3512 1698 3568 1751 δὲ
3613 1699 3819 1764 ἀνθρω-

2243 1796 2472 1858 ποτόκος
2506 1794 2758 1848 ἐπίθετον
2797 1794 2991 1864 ὄνομα,
3019 1794 3096 1856 ὠς
3142 1792 3241 1863 μὲν
3279 1792 3447 1845 ίδικδν
3479 1791 3579 1844 οὐκ
3611 1791 3679 1844 ἂν
3733 1791 3819 1842 λέ-

2244 1904 2396 1957 γοιτο
2457 1888 2600 1940 κατὰ
2665 1887 2765 1956 τῆς
2820 1886 3093 1957 ἀχράντου
3146 1883 3451 1955 Παρθένου,
3481 1883 3695 1954 μυρίων
3731 1882 3822 1937 καὶ

544 1987 653 2024 non
691 1970 970 2025 diceretur
1016 1970 1069 2024 in
1120 1972 1468 2042 immaculata
1510 1972 1757 2043 Virgine,
1805 1974 1975 2027 multa
2007 1974 2137 2027 alia-

2247 1954 2451 2047 έτέρων
2480 1979 2657 2031 οὐσῶν
2701 1954 3141 2049 ἀνθρωποτόκων
3170 1954 3449 2045 γυναικῶν
3482 1975 3719 2045 δηλαδή·
3748 1974 3821 2037 ὡς

547 2081 669 2118 rum
698 2066 871 2119 millia
898 2081 1023 2121 cum
1050 2067 1161 2121 sint
1184 2067 1482 2122 mulierum
1510 2067 1749 2122 hominis
1777 2077 2049 2135 matrum;
2086 2079 2137 2123 ut

2243 2073 2297 2125 δὲ
2322 2072 2503 2125 κοινὸν
2531 2072 2581 2124 εί
2609 2073 2682 2143 φῇ
2715 2089 2799 2135 τις
2825 2070 2960 2124 αὐτὸ
2990 2071 3085 2125 καὶ
3118 2070 3238 2124 κατ’
3260 2070 3433 2138 αὐτῆς
3466 2069 3540 2133 ὡς
3568 2070 3664 2122 καὶ
3704 2068 3823 2122 καθ’

544 2172 838 2212 commune
861 2167 1043 2212 autem
1070 2159 1115 2212 si
1153 2159 1280 2228 quis
1311 2159 1446 2213 illud
1478 2158 1681 2215 dixerit
1709 2169 1764 2215 et
1799 2160 1853 2213 in
1885 2160 1974 2214 illa
2000 2161 2137 2215 sicut

2243 2164 2467 2235 ἐτέρων,
2506 2163 2666 2233 εἴπερ
2689 2162 2908 2233 ἀληθῶς
2934 2161 3089 2215 ἔσται
3120 2162 3326 2226 κοινὸν,
3357 2160 3503 2213 κατὰ
3540 2162 3633 2213 τὸν
3663 2160 3824 2213 αὐτὸν

548 2250 867 2314 inczeteris,
925 2249 1199 2320 siquidem
1249 2266 1382 2306 vere
1441 2266 1736 2306 commune
1794 2252 1885 2315 sit,
1944 2251 2140 2305 eodem

548 2343 712 2397 modo
736 2344 791 2397 in
814 2343 1073 2397 omnibus
1099 2342 1152 2395 in
1179 2342 1386 2412 quibus
1411 2341 1726 2407 adhibetur,
1755 2351 1971 2411 oportet
2006 2342 2140 2397 illud

547 2436 844 2505 appellari,
894 2444 952 2490 et
979 2435 1228 2489 eamdem
1256 2450 1373 2489 rem
1430 2434 1546 2504 pari
1593 2435 1756 2488 modo
1801 2435 2031 2487 omnino
2086 2442 2142 2489 et

547 2541 765 2596 semper
797 2527 1126 2597 signiﬁcare.
1154 2525 1271 2580 Non
1297 2525 1444 2581 enim
1492 2542 1791 2597 synonyma
1835 2536 1968 2581 sunt
1993 2542 2142 2597 qum-

550 2620 700 2683 dam,
731 2634 857 2674 eum
890 2635 1000 2675 non
1034 2618 1352 2674 communia
1381 2617 1494 2672 sint
1524 2618 1734 2672 nomini
1765 2627 1821 2673 et
1850 2619 1931 2673 rei
1963 2618 2142 2673 nomi-

548 2712 637 2767 nis
661 2727 861 2767 causaz.
904 2712 999 2767 Vel
1037 2711 1204 2781 igitur
1247 2719 1472 2765 caeteras
1515 2710 1779 2766 mulieres
1796 2727 2007 2777 omnes,
2040 2711 2141 2765 ho-

548 2805 715 2859 minis
741 2814 942 2859 matres
968 2820 1094 2859 cum
1140 2804 1232 2858 illa
1282 2803 1481 2869 dictas,
1513 2812 1571 2857 et
1615 2803 1764 2873 ipsas
1806 2819 2032 2860 necesse
2055 2813 2141 2859 est

549 2896 681 2951 deos
725 2895 974 2950 homines
1029 2894 1245 2964 aliquos
1285 2910 1479 2963 parere
1521 2892 1744 2949 Christo
1799 2896 2032 2960 similes,
2080 2903 2141 2949 ut

550 2988 696 3042 illam
721 3004 787 3042 ex
823 2998 975 3056 parte
1012 2988 1157 3057 ipsas
1184 2988 1373 3048 etiam,
1407 2995 1463 3042 et
1510 3003 1619 3041 non
1659 3004 1727 3041 ex
1783 2996 1899 3041 toto
1930 2988 2005 3041 ita
2037 3002 2132 3056 ap-

550 3079 772 3149 pellari;
820 3080 905 3132 vel
934 3078 1078 3132 illam
1108 3079 1281 3132 Dcum
1318 3077 1596 3131 hominem
1626 3094 1845 3147 parere,
1876 3094 1988 3132 non
2042 3092 2140 3131 au-

556 3178 663 3222 tem
701 3182 767 3222 ex
792 3176 945 3237 parte
976 3167 1070 3222 sed
1104 3183 1169 3222 ex
1205 3176 1317 3221 toto
1350 3167 1423 3221 ita
1456 3167 1741 3237 appellari,
1786 3177 1916 3237 puta
1958 3165 2138 3221 homi-

551 3260 639 3315 nis
666 3270 981 3329 parentem;
1013 3260 1056 3314 si
1094 3275 1204 3313 non
1226 3270 1409 3314 autem
1439 3260 1529 3313 illa
1564 3275 1632 3314 ex
1673 3267 1790 3313 toto
1817 3274 1997 3329 neque
2019 3259 2138 3313 ista:

550 3369 617 3407 ex
647 3363 803 3423 parte
847 3352 1164 3406 dicerentur
1214 3351 1457 3405 hominis
1484 3362 1762 3420 parentes.
1806 3350 1914 3406 Sed
1949 3366 2130 3419 neque

552 3444 645 3499 illa
688 3458 902 3498 merum
944 3443 1158 3513 peperit
1192 3443 1508 3508 hominem,
1563 3458 1749 3512 neque
1800 3443 1917 3497 istae
1956 3441 2132 3496 Deum

552 3540 857 3604 hominem,
890 3553 1133 3608 unquam
1176 3546 1539 3609 pepererunt,
1595 3537 1873 3607 quomodo
1915 3537 2023 3593 erit
2075 3537 2133 3590 in

486 3676 491 3683 .
552 3632 664 3688 illis
697 3630 1067 3685 communiter
1104 3630 1345 3684 hominis
1390 3629 1634 3700 parentis
1668 3644 1869 3683 nomen
1923 3628 2133 3683 adbibi.

554 3732 670 3776 tum
693 3722 717 3774 ?
737 3720 1021 3791 Siquidem
1052 3721 1236 3790 agitur
1272 3735 1452 3789 neque
1486 3720 1617 3775 huic
1648 3720 1851 3791 reginae
1888 3720 2133 3790 pr0prie,

555 3828 733 3882 neque
759 3813 1135 3867 communiter
1161 3812 1427 3881 appellari
1455 3813 1713 3867 convenit
1754 3813 1859 3867 hoc
1889 3814 2133 3877 nomine,

574 3902 836 3958 utendum
876 3911 961 3958 est
1008 3901 1159 3973 quod
1216 3903 1368 3957 nulla
1422 3905 1637 3958 ratione
1668 3903 1910 3958 hominis
1936 3918 2136 3973 parens

552 4010 683 4051 vere
715 3993 824 4049 dici
869 3994 1044 4065 possit
1084 4004 1273 4051 sancta
1306 3995 1403 4050 Dei
1427 3996 1654 4051 Parens.
1683 3996 1837 4051 lllius
1870 4011 1995 4051 cum
2044 4011 2136 4051 so-

551 4089 666 4142 lum
694 4088 1029 4157 particulare
1060 4102 1261 4141 nomen
1292 4087 1363 4142 sit
1398 4088 1549 4157 quod
1588 4104 1656 4141 ex
1685 4099 1843 4157 parte
1871 4095 1976 4153 est,
2024 4103 2137 4142 non

551 4187 771 4234 vetatur
797 4179 930 4249 quin
955 4187 1051 4233 aut
1081 4194 1180 4233 cur
1203 4178 1257 4232 in
1292 4179 1535 4233 nominis
1563 4178 1982 4233 similitudinem
2010 4192 2136 4233 cum

551 4270 657 4324 alia
680 4270 823 4324 inter
855 4269 1118 4323 mulieres
1146 4285 1257 4323 non
1284 4268 1597 4334 incurrens,
1624 4268 1695 4323 ob
1726 4267 1781 4323 id
1815 4267 1872 4323 in
1898 4266 2140 4323 hominis

551 4360 798 4429 parentis
818 4361 1041 4414 nomine
1084 4359 1437 4415 ostendatur.

623 4450 732 4506 Sed
767 4460 822 4506 et
842 4451 894 4505 id
930 4450 1095 4523 igitur
1151 4452 1553 4507 observandum
1603 4461 1690 4509 est
1735 4453 1939 4519 adhuc,
1988 4454 2139 4525 quod

552 4542 598 4596 si
649 4557 1011 4612 personarum
1082 4545 1307 4599 nomina
1364 4546 1643 4616 propriam
1722 4547 2140 4602 subsistentiam

552 4634 807 4704 {aliquam
886 4636 1119 4707 alicujus
1193 4635 1582 4707 signiﬁcantia,

553 4744 675 4797 quae
735 4727 865 4782 huic
923 4736 979 4783 et
1036 4728 1160 4783 aliis
1196 4745 1517 4787 communes
1577 4740 1725 4795 sunt,
1786 4731 1882 4787 sed
1938 4748 2005 4787 ex
2057 4732 2145 4789 his

553 4835 675 4889 qua:
745 4819 983 4890 propria:
1063 4820 1237 4875 solius
1288 4828 1417 4877 sunt
1474 4837 1723 4893 personae
1796 4824 2141 4890 nominatae,

553 4912 747 4967 volunt
835 4912 1102 4984 intelligi;
1187 4914 1458 4985 siquidem
1538 4915 1799 4971 mulieres
1882 4916 2144 4972 dicuntur

558 5006 880 5069 innumerae,
912 5014 968 5061 et
997 5006 1237 5061 hominis
1275 5015 1480 5063 matres
1504 5024 1835 5072 numerosae,
1864 5017 1921 5063 et
1964 5008 2140 5079 virgi-

554 5112 655 5151 nes
682 5097 866 5151 multa:
904 5106 959 5151 et
990 5097 1241 5168 plurima:
1268 5098 1453 5154 Mariae
1483 5107 1637 5164 sunt,
1670 5109 1725 5154 et
1759 5100 1936 5155 solum
1965 5100 2141 5169 parti-

553 5189 762 5253 culare,
806 5190 1094 5258 proprium
1142 5198 1199 5244 et
1229 5190 1651 5261 signiﬁcativum
1683 5189 1922 5244 maxime
1952 5196 2036 5245 est
2084 5189 2141 5247 in

556 5281 903 5336 immaculata
933 5291 987 5336 et
1008 5298 1227 5352 semper
1262 5284 1500 5353 gloriosa
1529 5284 1751 5355 Virgine
1803 5298 2006 5338 nomen
2041 5282 2139 5337 Dei

554 5373 819 5443 parentis.
845 5372 1001 5439 Quod
1037 5383 1092 5427 et
1120 5390 1189 5428 ex
1234 5374 1430 5445 seipsis
1481 5373 1760 5430 discerent
1807 5374 2138 5441 adversarii,

554 5464 609 5518 ni
637 5464 1067 5534 disputationem
1099 5468 1270 5521 solam
1304 5467 1683 5537 exquirerent.
1726 5466 1782 5522 Si
1809 5466 1957 5521 enim
2000 5466 2139 5522 sim-

554 5556 771 5624 pliciter
799 5557 1046 5613 mulieris
1078 5558 1317 5628 Virginis
1338 5540 1551 5616 !sancta:
1574 5559 1903 5615 vocabulum
1936 5557 2138 5615 intelli-

570 5653 746 5703 terent
780 5644 891 5709 isti,
938 5661 1219 5716 nunquam
1255 5649 1655 5704 contenderent
1694 5665 1897 5707 vanum
1928 5649 1996 5703 de
2038 5648 2142 5703 hac

576 5732 745 5798 .uavis
783 5748 1016 5800 persona
1062 5747 1459 5792 commentum.
1490 5739 1549 5803 Si~
1574 5756 1707 5797 vero
1736 5739 1833 5794 Dei
1890 5740 2141 5812 parentis

571 5821 1077 5881 vocabulumedocti
1112 5827 1313 5893 forent,
1375 5846 1501 5887 cum
1551 5832 1655 5887 alia
1699 5832 1826 5889 talis
1876 5849 1985 5886 non
2044 5832 2138 5896 sil,

582 5907 739 5962 tatim
770 5910 913 5965 illam
946 5925 1007 5969 ut
1027 5917 1119 5970 Dei
1150 5919 1373 5972 Matrem
1394 5932 1793 5977 venerarentur
1817 5922 2138 5975 indubitan-

2247 2254 2447 2323 τρόπον
2468 2255 2526 2307 ὲν
2556 2256 2722 2309 πᾶσιν
2744 2248 2826 2317 οἷς
2853 2254 3150 2315 ἐπίκειται,
3171 2252 3254 2309 δεῖ
3278 2252 3409 2307 αὐτὸ
3439 2251 3821 2322 ὀνομάζεσθαι,

2241 2346 2337 2399 καὶ
2382 2345 2444 2398 τὸ
2485 2345 2617 2399 αὐτὸ
2678 2347 2819 2417 πρᾶγ
2835 2363 2912 2415 μα
2958 2344 3219 2406 ὡσαύτως
3247 2344 3425 2415 πάντη
3477 2344 3618 2397 κατὰ
3649 2344 3826 2399 πάντα

2242 2434 2561 2507 σημαίνεινι
2598 2435 2661 2489 οὐ
2696 2435 2804 2505 γὰρ
2834 2432 3126 2504 συνώνυμα
3156 2432 3309 2487 ἔσται
3341 2432 3486 2501 τινὰ,
3522 2434 3598 2504 μὴ
3629 2451 3822 2487 κοινω-

2240 2527 2437 2582 νοῦντα
2458 2526 2536 2598 τῷ
2563 2545 2621 2580 τε
2645 2526 2873 2596 ὀνόματι
2896 2528 2991 2583 καὶ
3015 2526 3094 2598 τῷ
3119 2526 3411 2598 πράγματι
3441 2524 3519 2595 τῷ
3547 2525 3710 2592 αίτίῳ
3730 2522 3826 2578 τοῦ

2238 2620 2525 2690 ὀνόματος.
2567 2621 2635 2672 Ἢ
2674 2616 2767 2673 οὖν
2800 2620 2896 2673 καὶ
2939 2620 3039 2682 τὰς
3068 2619 3265 2682 λοιπὰς
3306 2620 3575 2687 γυναῖκας
3619 2618 3821 2683 πάσας,

2238 2710 2697 2781 ἀνθρωποτόκους
2764 2711 2863 2763 σὺν
2925 2711 3063 2781 αὐτῇ
3116 2709 3452 2779 λεγομένας,
3505 2707 3603 2763 καὶ
3657 2708 3827 2770 αὐτὰς

2239 2804 2456 2874 ἀνάγκη
2488 2802 2878 2876 θεανθρώπους
2920 2804 3072 2867 τινὰς
3120 2805 3303 2858 τεκεῖν
3360 2801 3505 2858 κατὰ
3565 2802 3822 2872 Χριστὸν,

2240 2895 2430 2967 ὥσπερ
2470 2894 2609 2966 αὕτη
2668 2894 2777 2949 ἀπὸ
2834 2896 3039 2966 μέρους
3075 2911 3141 2951 τε
3172 2895 3266 2949 καὶ
3294 2894 3486 2959 αὐτὰς,
3521 2894 3615 2948 καὶ
3635 2897 3738 2949 οὐκ
3764 2898 3825 2947 ἐκ

2238 2986 2334 3041 τοῦ
2373 2987 2494 3041 ὅλου
2528 2988 2703 3049 οὕτως
2729 2984 3119 3057 ὀνομάζεσθαι,
3148 2985 3182 3057 ἢ
3220 2986 3357 3056 μηδὲ
3414 2985 3574 3057 τήνδε
3605 2985 3825 3039 σύνθεόν

2240 3095 2362 3133 τινα
2424 3080 2604 3131 τεκεῖν
2652 3077 2962 3148 ἄνθρωπον,
3016 3075 3151 3147 μὴδὲ
3192 3075 3301 3130 ἀπὸ
3350 3075 3579 3147 μέρους’
3616 3074 3735 3128 ἀλλ’
3766 3077 3828 3127 ὲκ

2239 3171 2333 3225 τοῦ
2366 3170 2489 3223 ὅλου
2533 3170 2707 3231 οὓτως
2744 3166 3131 3238 ὀνομάζεσθαι,
3173 3167 3340 3237 ἤγουν
3378 3166 3823 3236 ἀνθρωποτόκον’

2241 3266 2289 3317 εί
2326 3264 2383 3317 δὲ
2414 3263 2548 3333 μηδὲ
2606 3262 2747 3331 αὕτη
2798 3261 2856 3325 ἐξ
2918 3260 3064 3322 ὅλου,
3127 3260 3259 3331 μηδὲ
3303 3261 3506 3312 ἐκεῖναι
3536 3260 3601 3311 ὲκ
3630 3258 3829 3328 μέρους

2237 3358 2483 3428 εἴρηνται
2530 3355 2940 3425 άνθρωποτόκοι
2967 3369 2980 3382 °
3013 3351 3128 3405 ἀλλ’
3158 3350 3284 3404 οὕτε
3318 3350 3458 3420 αὕτη
3485 3349 3648 3419 ψιλὸν
3675 3349 3828 3402 τέτο-

2235 3466 2330 3503 κεν
2357 3449 2667 3517 ἄνθρωπον,
2695 3445 2824 3500 οὔτε
2858 3446 3062 3499 ἐκεῖναι
3100 3441 3321 3497 σύνθεον
3370 3442 3592 3496 πώποτε
3628 3459 3824 3511 γεγεν-

2235 3540 2453 3609 νήκασι,
2479 3538 2598 3603 πῶς
2622 3537 2774 3591 ἔσται
2800 3539 2859 3591 ὲν
2882 3536 3073 3600 αὑταῖς
3102 3534 3297 3598 κοινῶς
3327 3532 3389 3587 τδ
3408 3533 3829 3605 άνθρωποτόκος

2235 3630 2410 3700 ὄνομα
2440 3630 2730 3699 κείμενον;
2766 3627 2965 3682 οὐκοῦν
3011 3627 3269 3700 ἐπείπερ,
3312 3627 3453 3696 μήτε
3514 3625 3709 3689 ἰδικῶς
3765 3628 3826 3692 τῇ

2236 3723 2527 3795 Δεσποίνῃ,
2592 3722 2729 3793 μηδὲ
2761 3722 2957 3786 κοινῶς
2986 3718 3351 3791 ὀνομάζεσθαι
3379 3718 3593 3789 ἥρμοσε
3626 3718 3749 3771 τόδε
3773 3717 3830 3770 τὸ

2236 3816 2429 3887 ὄνομα,
2460 3815 2809 3885 ὡμολόγηται
2844 3814 2919 3877 ὡς
2951 3813 3073 3872 κατ’
3104 3814 3297 3867 οὐδένα
3330 3812 3491 3879 λόγον
3533 3811 3829 3883 ἀνθρωπο-

2236 3908 2395 3972 τόκος
2418 3906 2638 3980 ἀληθῶς
2674 3908 2741 3962 ἂν
2760 3907 2976 3976 λέγοιτο
3006 3907 3040 3976 ἡ
3079 3905 3211 3975 ἁγία
3243 3905 3508 3967 Θεοτόκος
3528 3920 3541 3935 ·
3567 3905 3748 3973 αὐτῆς
3772 3900 3829 3955 ὅν

2242 4002 2403 4073 μόνον
2444 4000 2628 4064 ίδικῶς
2650 4001 2711 4053 τὸ
2740 4000 2911 4069 ὅνομα
2948 3997 3010 4051 τὸ
3060 3999 3125 4051 ἐκ
3174 3996 3378 4072 μέρους
3408 3996 3470 4050 οὐ
3495 3996 3829 4055 κεκώλυται,

2241 4092 2360 4156 πῶς
2387 4092 2420 4164 ἢ
2449 4090 2613 4147 πόθεν
2643 4092 2723 4155 είς
2756 4088 3080 4161 ὁμωνυμίαν
3132 4089 3259 4145 τινὰ
3308 4087 3447 4159 πρὸς
3495 4088 3699 4159 ἑτέραν
3724 4086 3831 4139 τῶν

2240 4184 2519 4253 γυναικῶν
2575 4184 2677 4237 οὐκ
2718 4172 3119 4254 ὲκπιπτούσης,
3168 4179 3313 4236 κατὰ
3335 4180 3455 4239 τόδε
3486 4180 3561 4243 ὡς
3610 4181 3709 4239 ἐπὶ
3739 4177 3830 4237 τοῦ

2239 4277 2658 4351 ἀνθρωποτόκος
2685 4275 2924 4348 ἐδείχθη.

2324 4455 2487 4511 Ἀλλὰ
2516 4456 2613 4511 καὶ
2645 4454 2769 4509 τόδε
2799 4454 2933 4524 γοῦν
2966 4455 3269 4524 σκοπητέον
3300 4452 3403 4519 ἐτι,
3434 4452 3509 4516 ὡς
3540 4452 3593 4509 εί
3624 4452 3697 4507 τὰ
3726 4451 3832 4505 τῶν

2244 4545 2556 4616 προσώπων
2583 4545 2829 4617 ὀνόματα
2862 4544 3038 4616 ίδικὴν
3071 4545 3373 4599 ὑπόστασίν
3396 4561 3522 4597 τινα
3550 4543 3715 4597 τοῦδέ
3754 4560 3832 4598 τι-

1669 4654 1779 4692 non
1860 4654 1891 4693 e
1974 4639 2142 4695 rebus
2173 4650 2219 4706 ι)
2247 4654 2339 4702 νος
2367 4637 2724 4710 σημαίνοντα,
2753 4636 2852 4691 οὐκ
2874 4638 2937 4691 ὲκ
2966 4636 3163 4691 κοινῶν
3184 4653 3350 4689 τινων
3379 4635 3415 4689 ὅ.
3441 4637 3559 4691 ὲστι
3590 4636 3693 4689 καὶ
3720 4634 3834 4687 ἑτέο

2249 4749 2384 4802 ροις,
2416 4730 2531 4786 ἀλλ’
2561 4730 2619 4797 ἐξ
2652 4729 2835 4783 ίδικῶν
2864 4730 2959 4782 καὶ
2987 4730 3152 4783 αὑτοῦ
3183 4730 3344 4799 μόνου
3373 4729 3566 4794 ὅντων,
3595 4728 3695 4785 τοῦ
3723 4729 3835 4782 ὀνο-

2251 4821 2458 4894 μαστοῦ
2494 4820 2790 4894 προσώπου
2857 4821 3004 4875 θέλει
3067 4820 3482 4891 λαμϐάνεσθαι·
3520 4822 3689 4892 είπερ
3742 4822 3834 4875 καὶ

2245 4917 2505 4984 γυναῖκες
2540 4915 2791 4984 λέγονται
2826 4915 3064 4985 ἄπειροι,
3098 4917 3192 4967 καὶ
3240 4914 3657 4985 ἁνθρωποτόκοι
3698 4914 3833 4985 ἁμέ-

2244 5022 2457 5078 τρητοι,
2491 5006 2586 5059 καὶ
2618 5006 2880 5077 παρθένοι
2930 5005 3139 5077 μυρίαι,
3175 5006 3429 5062 πλεῖσται
3479 5007 3575 5059 καὶ
3621 5007 3832 5078 Μαρίαι

2245 5095 2385 5150 είσί·
2420 5092 2518 5147 καὶ¹
2552 5094 2713 5163 μόνον
2749 5093 3064 5147 ίδικώτατον
3107 5096 3200 5150 καὶ
3231 5094 3573 5167 κυριώτατον
3604 5097 3704 5151 καὶ
3736 5112 3829 5166 ση-

2248 5185 2659 5261 μαντικώτατὸν
2712 5185 2828 5237 ἐστι
2857 5186 2924 5254 τῇ
2981 5185 3113 5257 ἁγίᾳ
3160 5186 3421 5257 ἀχράντῳ
3460 5187 3556 5244 καὶ
3610 5186 3833 5255 ἀειδόξῳ

2246 5277 2509 5349 Παρθένῳ
2528 5278 2702 5342 ὄνομα
2727 5276 2790 5329 τὸ
2830 5276 3097 5341 Θεοτόκος
3122 5291 3136 5306 ⁸
3165 5278 3303 5349 ὅπερ
3336 5278 3430 5331 καὶ
3468 5277 3563 5347 ἀφ’
3617 5278 3831 5333 ἑαυτῶν

2248 5370 2470 5439 μάθοιεν
2499 5370 2547 5422 οἱ
2582 5368 2963 5436 ἀντιλέγοντες
2997 5369 3073 5440 μὴ
3132 5371 3273 5440 πρὸς
3320 5369 3438 5441 ἔριν
3502 5370 3681 5441 μόνην
3725 5372 3830 5423 ἁπ-

2244 5462 2574 5532 εσκληκότες
2602 5476 2616 5494 ο
2650 5463 2700 5518 εί
2756 5462 2864 5531 γὰρ
2910 5460 3098 5525 ἁπλῶς
3130 5463 3191 5515 τὸ
3224 5461 3362 5533 γυνὴ
3400 5464 3434 5533 ή
3490 5463 3830 5534 Παρθένοςή

2246 5555 2377 5622 ἁγία
2406 5554 2701 5608 ἀκούσειαν
2733 5554 2829 5605 καὶ
2859 5554 3037 5619 αὐτοὶ,
3079 5553 3233 5607 οὔπω
3274 5554 3631 5625 στηρίζονται
3663 5554 3749 5623 ἐφ’
3777 5554 3831 5606 ἓν

2243 5646 2305 5702 τὸ
2326 5645 2382 5697 δέ
2416 5661 2469 5696 τι
2497 5645 2791 5715 πρόσωπον
2823 5644 2925 5713 τὴν
2954 5645 3259 5712 φαντασίαν
3278 5662 3293 5677 ·
3327 5646 3375 5703 εί
3406 5645 3461 5699 δὲ
3484 5645 3544 5700 τὸ
3569 5646 3830 5708 Θεοτόκος

2244 5736 2585 5809 ὲνηχηθεῐεν,
2624 5735 2790 5804 ἄλλης
2818 5735 2919 5788 οὐκ
2938 5734 3107 5803 οὔσης
3142 5736 3379 5802 τοιᾶσδε,
3404 5734 3567 5799 εὐθὺς
3607 5737 3703 5789 ἐπὶ
3734 5736 3827 5804 τὴν

2245 5827 2568 5897 Θεομήτορα
2593 5826 2799 5897 ταύτην
2824 5825 3231 5883 ἀποὸλέπουσιν
3247 5825 3667 5897 ἀναμφιὸόλως,
3706 5825 3827 5896 περὶ

2245 5920 2414 5991 αὐτῆς
2458 5919 2816 5990 πεπεισμένοι
2869 5913 3011 5974 εἶναι
3063 5918 3126 5974 τὸ
3172 5919 3509 5989 λεγόμενον·
3555 5920 3658 5973 καὶ
3692 5917 3828 5973 οὕτω
