4116 6438
397 549 534 614 1709

1341 549 1737 611 ADVERSUS
1775 547 2322 610 NESTORIANOS.
2343 574 2411 584 ·-
2435 549 2582 610 LIB.
2623 549 2723 610 IV.

3511 542 3646 604 lii-.0

394 665 494 735 μὲν
514 664 642 719 τάδε
664 679 678 695 ⁸
714 663 834 729 πῶς
863 663 920 719 δὲ
963 663 1060 719 καὶ
1116 662 1272 718 αὐτοὶ
1310 663 1729 734 ἀνθρωποτὸκον
1767 661 1832 713 ὲκ
1873 661 1966 729 μέι

2069 669 2179 726 ter,
2213 661 2269 714 in
2305 661 2396 715 illa
2427 676 2748 730 persuasum
2778 657 3046 718 habentes
3083 657 3302 729 impleri
3344 657 3454 715 hoc
3482 675 3643 718 voca.

395 775 523 828 ρους
544 757 717 828 αὐτὴν
758 758 940 826 λέγειν
973 756 1272 829 βούλονται,
1332 757 1664 810 εἰπάτωσαν.
1719 755 1782 808 Εἰ
1832 752 1968 824 μηδὲ

391 850 653 913 Θεοτόκος
705 851 768 911 ὲκ
825 850 1029 921 μέρους
1076 852 1268 914 ὅντως,
1314 851 1520 918 ὃπουγε
1562 849 1631 903 τὰ
1669 847 1828 916 λόγια
1873 846 1969 900 καὶ

387 941 571 1014 ψυχὴν
609 943 769 1014 μόνον
802 945 892 998 τδν
919 943 1228 1015 ἄνθρωπον,
1263 941 1357 996 καί¹
1394 942 1574 1012 σάρκα
1620 941 1797 1010 μόνως
1838 938 1968 992 ἐκά-

391 1033 552 1087 λεσαν
576 1051 592 1067 ·
623 1035 720 1090 καὶ
746 1036 781 1107 ἡ
804 1034 960 1107 κοινὴ
994 1035 1052 1089 δὲ
1089 1035 1310 1090 πάντων
1335 1027 1554 1107 χρῆσις,
1593 1031 1703 1094 ⁴ἕως
1735 1029 1831 1084 τοῦ
1872 1029 1968 1084 νῦν

395 1126 535 1195 μήτε
568 1125 1009 1197 ἀνθρωποτόκος,
1042 1127 1181 1195 μήτε
1221 1123 1484 1186 Θεοτὸκος
1524 1123 1589 1176 ἐκ
1642 1121 1844 1192 μέρους
1874 1119 1967 1173 λέ-

391 1229 565 1282 γοιτο,
593 1214 785 1277 ἄτοκος
809 1214 844 1286 ἢ
877 1213 1162 1287 ἀνώνυμος
1201 1213 1354 1267 ἔσται
1411 1212 1556 1266 κατά
1591 1227 1656 1278 γε
1691 1211 1751 1264 τὸ
1793 1210 1967 1280 ὄνομα

391 1314 454 1364 τὸ
483 1312 709 1378 φυσικὸν
737 1309 832 1364 τοῦ
861 1309 1146 1381 τεχθέντος
1175 1310 1236 1375 ἐξ
1257 1309 1426 1379 αὐτῆς
1444 1321 1460 1338 ⁶
1490 1307 1552 1361 τὸ
1575 1307 1682 1378 γὰρ
1709 1304 1964 1376 Χριστὸς,

393 1400 765 1471 προσωπικδν,
804 1400 898 1455 καὶ
925 1401 985 1455 οὐ
1018 1400 1270 1470 φυσικὸν,
1299 1399 1422 1454 οὐδὲ
1453 1398 1546 1453 τοῦ
1584 1397 1757 1460 εἴδους
1795 1395 1968 1466 ὄνομα

393 1492 562 1556 ἐστιν,
589 1490 677 1543 ἵνα
701 1490 916 1559 λέγοιτο
938 1491 1324 1562 Χριστοτόκος,
1349 1487 1488 1544 ἀλλὰ
1521 1486 1618 1541 τοῦ
1649 1485 1964 1557 προσώπου,

392 1580 468 1643 ὡς
497 1582 546 1633 εἰ
578 1580 671 1633 καὶ
709 1580 1038 1644 Ἰαννοτόκος
1067 1582 1101 1652 ἡ
1139 1580 1426 1634 Ἑλισάὸετ
1459 1579 1692 1648 λέγοιτο,
1741 1577 1967 1648 ὅπερού

391 1673 488 1725 νῦν
514 1674 628 1725 ἐστι
680 1672 741 1726 τὺ
778 1654 1110 1743 ζητούμενον
1158 1674 1312 1742 ἡμῖν,
1345 1671 1460 1725 ἀλλ’
1491 1671 1640 1736 ὅπως
1689 1671 1756 1724 ἂν
1779 1671 1846 1723 ἐκ
1869 1668 1972 1739 τῆς

390 1765 608 1836 φύσεως
636 1761 729 1816 τού
758 1762 1039 1834 τεχθέντος
1073 1761 1306 1832 λέγοιτο.

464 1945 527 1998 Εἰ
562 1943 619 1998 δὲ
666 1943 762 1998 καὶ
795 1942 932 2014 πρὸς
971 1942 1097 1997 τάδε
1134 1958 1218 2006 τις
1270 1941 1416 1995 εἴποι
1455 1941 1536 1995 ὅτι
1581 1941 1675 1994 καὶ
1705 1939 1968 2002 Θεοτόκος

390 2035 570 2090 κοινόν
593 2053 646 2088 τι
691 2035 861 2104 δνομα
891 2033 998 2087 ἀπὸ
1029 2033 1244 2104 φύσεως
1284 2031 1378 2086 τοῦ
1430 2031 1714 2102 τεχθέντος
1755 2029 1968 2084 ἐπικεί-

399 2144 557 2198 μενον
592 2128 684 2180 καὶ
711 2126 789 2198 τῷ
826 2126 1003 2195 Πατρὶ
1023 2123 1118 2179 καὶ
1137 2126 1202 2195 τῇ
1236 2123 1422 2195 Μητρί
1455 2121 1550 2176 τοῦ
1576 2121 1782 2192 Κυρίου
1825 2121 1965 2187 ἐστὶ,

392 2219 490 2275 καὶ
520 2219 700 2290 δέονῆ
737 2219 794 2271 ὲν
842 2218 1043 2288 ἀμφοῖν
1094 2216 1285 2286 ὁμοίαν
1333 2213 1658 2286 θεωρεῖσθαι
1709 2213 1968 2284 γέννησιν

391 2312 581 2378 αὐτοῦ,
635 2312 668 2383 ἢ
704 2313 769 2383 τῇ
805 2312 1117 2384 κυριωτέρα
1154 2308 1615 2378 προσκυρωθῆναι
1655 2306 1716 2360 τὸ
1755 2307 1964 2376 ὄνομα·

393 2403 517 2455 ἐπεὶ
546 2401 638 2456 οὖν
675 2401 834 2471 μόνον
861 2415 920 2452 τε
950 2397 1084 2452 Θεὸν
1105 2401 1198 2452 καί
1224 2400 1302 2460 εἰς
1331 2396 1393 2450 τὸ
1421 2393 1582 2462 εἶναι,
1611 2398 1660 2448 εἰ
1682 2395 1778 2448 καὶ
1801 2395 1963 2466 ἀχρό-

391 2510 520 2556 νως,
567 2493 663 2546 καὶ
697 2492 782 2545 ἀεὶ
825 2490 1060 2562 προάγει
1099 2491 1128 2543 ὁ
1168 2490 1356 2561 Πατὴρ
1405 2487 1498 2542 τὸν
1550 2487 1699 2554 Υἱὺν,
1742 2486 1860 2550 πῶς
1905 2485 1969 2540 οὐ

397 2586 601 2657 μᾶλλον
655 2585 819 2647 αὐτὸς
878 2583 1063 2646 ἰδικῶς
1108 2581 1174 2637 ἂν
1211 2582 1422 2651 λέγοιτο
1471 2580 1732 2644 Θεοτόκος
1785 2578 1969 2651 μόνος,

390 2678 588 2741 κοινῶς
620 2676 675 2730 δὲ
703 2675 876 2739 οὐδεὶς
915 2676 1013 2728 σὺν
1040 2673 1224 2743 αὐτῷ;
1271 2672 1384 2726 ἀλλ’
1422 2672 1645 2743 εὔδηλον
1670 2671 1745 2734 ὡς
1779 2672 1838 2724 οὐ
1875 2670 1971 2724 δύ·-

391 2786 550 2822 ναται
581 2770 645 2820 ὲκ
694 2769 796 2837 τῆς
831 2765 1020 2830 οὐσίας
1053 2767 1081 2819 ὀ
1113 2764 1302 2834 Πατὴρ
1349 2763 1602 2832 λέγεσθαι
1639 2763 1833 2826 τοκεύς
1856 2779 1868 2792 ·
1907 2762 1969 2814 ού

391 2861 504 2933 γὰρ
534 2859 721 2914 οὐσίαν
752 2860 943 2930 ἑτέραν
994 2857 1213 2930 ἀριθμῷ
1251 2857 1413 2927 ἑτέρα
1460 2855 1614 2909 ἔτεκε
1663 2855 1784 2910 θεία
1807 2873 1822 2887 ·
1846 2873 1966 2926 τρι-

393 2953 544 3017 θεῗας
576 2953 683 3022 γὰρ
704 2951 822 3004 τόδε
845 2968 860 2984 ο
911 2950 1047 3004 ἀλλὰ
1089 2949 1198 3003 τῶν
1225 2949 1323 3019 τῆς
1350 2948 1522 3018 αὐτῆς
1550 2948 1733 3007 ,ὄντων
1777 2948 1970 3010 οὐσίας

397 3046 525 3113 μιᾶς
555 3044 825 3114 διαφόρων
859 3041 1166 3111 ἰδιωμάτων
1201 3041 1427 3110 θάτερον
1453 3039 1687 3109 θατέρου
1716 3039 1888 3092 αἴτιον
1911 3041 1971 3094 ὲν

391 3139 531 3207 αὐτῇ
549 3153 563 3168 ο
593 3136 654 3189 τὸ
683 3137 790 3206 γὰρ
812 3135 902 3186 νοῦ
923 3135 1020 3188 καὶ
1042 3135 1350 3203 ἐπιστήμης
1381 3131 1626 3185 δεκτικὸν
1653 3133 1751 3202 τῆς
1780 3131 1970 3195 οὐσίας

393 3231 581 3295 Δαδὶδ,
617 3229 777 3282 τοῦτο
805 3230 976 3282 αἴτιον
1007 3227 1098 3280 τοῦ
1153 3225 1422 3298 μουσικοῦ
1458 3223 1625 3278 αὑτοῦ
1659 3224 1966 3294 ἰδιώματος,

1999 2003 2043 2060 Β

2071 751 2284 808 bulum.
2330 754 2398 809 Et
2444 754 2561 810 haec
2609 754 2833 824 quidem
2879 752 3034 809 satis.
3071 751 3360 820 Quomodo
3383 760 3648 808 autemet

2070 845 2161 900 isti
2208 845 2450 902 hominis
2478 847 2704 901 Matrem
2750 863 2819 902 ex
2858 854 3016 917 parte
3050 846 3198 901 illam
3229 845 3416 902 dicere
3450 844 3644 908 velint,

2067 937 2391 1007 loquantur;
2426 937 2531 993 nisi
2554 953 2684 993 vero
2710 939 2806 994 Dei
2832 939 3005 993 Mater
3027 953 3094 993 ex
3144 946 3298 1009 parte
3333 938 3406 994 sit
3429 952 3644 1001 revera,

2057 1019 2514 1100 Quandoquidem
2542 1027 2843 1100 Seripturae
2869 1030 3111 1084 animam
3131 1030 3311 1086 solum
3337 1028 3642 1092 hominem,

2066 1124 2124 1172 et
2153 1133 2379 1174 carnem
2411 1120 2592 1174 solum
2618 1127 2910 1175 vocarunt.
2947 1119 3014 1175 Et
3061 1119 3340 1176 communi
3391 1119 3642 1174 ominum

2069 1223 2205 1275 usu;
2244 1209 2492 1280 quandiu
2519 1226 2698 1281 neque
2720 1211 2962 1267 hominis
2984 1212 3154 1267 Mater
3183 1227 3359 1280 neque
3381 1210 3478 1264 Dei
3528 1209 3641 1263 Ha-

2071 1306 2157 1353 ter
2177 1314 2247 1354 ex
2289 1309 2444 1368 parte
2492 1309 2740 1366 vocatur,
2775 1301 2897 1357 sine
2943 1309 3105 1372 partu
3155 1311 3215 1357 et
3267 1300 3387 1357 sine
3421 1300 3646 1355 nomine

2067 1389 2197 1454 erit,
2220 1389 2266 1444 si
2292 1405 2494 1445 nomen
2537 1391 2790 1446 naturale
2823 1391 3148 1447 observetur
3180 1392 3299 1463 ejus
3330 1390 3425 1461 qui
3451 1406 3518 1446 ex
3551 1389 3646 1445 illa

2069 1481 2289 1551 genitus
2343 1491 2447 1537 est.
2495 1481 2703 1538 Christi
2738 1483 2887 1539 enim
2934 1499 3158 1548 nomen,
3206 1498 3477 1554 personae,
3531 1498 3644 1538 nou

2071 1584 2314 1641 naturae;
2345 1591 2525 1646 neque
2563 1577 2769 1646 speciei
2800 1592 3002 1632 nomen
3032 1585 3136 1643 est,
3170 1585 3234 1632 ut
3257 1575 3646 1632 dicaturChri-

2072 1664 2142 1718 sti
2181 1679 2400 1734 parens,
2424 1664 2520 1719 sed
2559 1681 2828 1735 persona,
2861 1675 2923 1721 ut
2955 1665 3000 1721 si
3039 1666 3264 1723 Joannis
3299 1677 3498 1737 parens
3530 1667 3647 1722 Eli-

2071 1755 2262 1810 sabeth
2285 1755 2582 1821 diceretur,
2631 1756 2778 1826 quod
2820 1772 2931 1812 non
2964 1768 3048 1814 est
3077 1775 3107 1813 a
3131 1759 3292 1815 nobis
3331 1761 3645 1831 quaesituri),

2069 1847 2167 1903 sed
2191 1847 2467 1917 quomodo
2505 1864 2573 1902 ex
2604 1860 2800 1904 natura
2838 1851 3006 1921 geniti
3037 1851 3336 1908 diceretur.

2138 1938 2200 1994 Si
2228 1955 2358 1995 vero
2387 1939 2457 1995 ad
2488 1940 2604 1996 haec
2626 1942 2828 2011 aliquis
2853 1943 3019 2008 dicat,
3051 1943 3398 2015 Deiparent-is
3441 1961 3646 2002 nomen

2070 2046 2102 2085 e
2127 2031 2298 2101 geniti
2318 2040 2516 2087 natura
2551 2033 2868 2103 impositum
2900 2049 3193 2091 commune
3231 2037 3377 2092 Patri
3399 2048 3457 2092 et
3489 2037 3646 2092 Matri

2071 2123 2286 2179 Domini
2308 2139 2453 2188 esse,
2486 2133 2546 2180 et
2587 2135 2843 2195 oportere
2873 2137 2969 2184 aut
3001 2129 3058 2184 in
3099 2130 3370 2186 ambobus
3411 2131 3648 2188 similem

2071 2226 2370 2282 agnoscere
2403 2213 2555 2268 illius
2597 2215 3030 2285 generationem,
3066 2227 3164 2273 aut
3205 2220 3378 2290 magis
3407 2221 3648 2291 propria:

2069 2306 2415 2375 generationi
2464 2321 2665 2362 nomen
2717 2309 3022 2379 assignari,
3069 2325 3200 2365 eum
3241 2312 3413 2382 igitur
3467 2314 3646 2369 solum

2069 2397 2242 2452 Deum
2264 2406 2320 2452 et
2341 2399 2741 2467 exsistentiam,
2783 2401 2885 2455 etsi
2913 2409 3116 2457 materne
3159 2411 3215 2457 et
3250 2419 3489 2473 semper,
3515 2420 3649 2475 pro-

2070 2487 2228 2545 ducit
2271 2489 2433 2545 Pater
2487 2491 2708 2557 Filium,
2763 2493 3042 2562 quomodo
3076 2511 3185 2550 non
3238 2496 3331 2551 ille
3375 2499 3559 2567 potius
3595 2509 3651 2554 et

2071 2580 2294 2650 proprie
2328 2582 2500 2653 magis
2545 2583 2694 2639 solus
2739 2582 3019 2641 diceretur
3073 2585 3371 2656 Deiparens
3399 2627 3415 2654 ,
3461 2589 3651 2644 simul-

2070 2684 2181 2740 que
2206 2671 2392 2726 nullus
2410 2687 2536 2726 eum
2563 2673 2697 2728 illo?
2725 2674 2928 2729 Verum
2955 2681 3108 2745 patet
3138 2691 3246 2732 non
3278 2692 3439 2747 posse
3460 2695 3498 2735 e
3519 2682 3650 2736 sub-

2072 2763 2273 2818 stantia
2309 2772 2522 2833 patrem
2558 2764 2666 2820 dici
2693 2777 3001 2836 parentem.
3050 2769 3167 2824 Non
3211 2772 3357 2827 enim
3391 2775 3650 2828 substan—

2072 2855 2205 2909 tiam
2235 2855 2394 2910 aliam
2439 2871 2671 2911 numero
2709 2857 2816 2912 alia
2850 2860 3042 2929 genuit
3071 2861 3258 2918 divina
3300 2865 3645 2932 substantia;

2069 2946 2275 3015 quippe
2346 2947 2597 3002 trideitas
2671 2948 2804 3004 illud
2873 2950 3056 3016 foret;
3102 2953 3200 3008 sed
3268 2969 3336 3010 ex
3397 2956 3644 3026 ejusdem

2071 3037 2234 3092 unius
2270 3038 2590 3096 substantiae
2653 3041 2884 3098 diversis
2930 3043 3459 3113 particularitatibus
3539 3067 3646 3106 una

2071 3129 2299 3185 alterius
2339 3146 2503 3186 causa
2533 3141 2620 3187 est
2652 3133 2709 3187 iu
2735 3134 2927 3189 eadem
2957 3136 3284 3193 substantia.
3317 3138 3472 3206 Quod
3494 3143 3648 3198 enim

2072 3221 2276 3275 mentis
2313 3230 2370 3277 et
2415 3223 2659 3279 scientiae
2688 3224 3052 3282 substantiam
3083 3227 3138 3282 in
3161 3229 3372 3304 Davide
3397 3233 3648 3302 eoruple-

391 3327 454 3380 ού
483 3327 588 3396 μὴν
618 3324 806 3394 ἐτέρας
828 3322 1018 3385 οὐσίας
1049 3321 1310 3392 μουσικῆς
1405 3321 1480 3384 ὡς
1506 3319 1663 3374 οὐσία
1691 3335 1706 3351 ⁸
1738 3318 1830 3373 καὶ
1859 3319 1966 3390 γὰρ

2071 3314 2345 3380 etebatur,
2381 3315 2487 3371 hoc
2529 3317 2755 3386 poeticae
2801 3317 2963 3374 istius
3006 3320 3457 3389 particula-ritatis
3478 3339 3649 3380 causa

394 3421 488 3475 καὶ
511 3417 618 3470 τῶν
643 3415 899 3484 ἀμούσων
927 3412 1087 3468 οὐσία
1114 3412 1284 3467 ἐστίν.
1318 3414 1386 3466 Ei’
1420 3429 1548 3465 ποτε
1573 3411 1720 3483 οὒνῆ
1756 3410 1969 3482 ἀνθρω-

396 3509 681 3580 ποτόκονῆ
721 3509 816 3562 καὶ
861 3507 1225 3579 Χριστοτόκον
1272 3507 1485 3576 εἴπητε,
1530 3505 1655 3558 ὅσον
1685 3505 1840 3557 οὔπω
1871 3503 1972 3573 τῆς

394 3601 652 3664 ἀσεὸείας
700 3600 1034 3670 ὑφήσαντες,
1074 3597 1196 3651 οὐδὲ
1237 3595 1410 3660 οὕτως
1440 3594 1675 3668 ἐροῦμεν
1712 3594 1789 3659 ὡς
1825 3595 1971 3648 ἰδιω-

391 3695 563 3765 τάτην
591 3696 817 3763 ὀνόματι
844 3691 1135 3762 σημαίνει-ε
1151 3707 1166 3722 ο
1190 3691 1297 3744 τῶν
1322 3689 1432 3760 γὰρ
1457 3691 1596 3742 κατὰ
1622 3690 1714 3742 τὸν
1756 3687 1972 3761 Ἰσραὴλ

390 3788 480 3841 διὰ
505 3787 598 3839 τοῦ
623 3783 883 3854 αἰσθητοῦ
919 3783 1093 3854 μύρου
1124 3782 1430 3856 χριομένων
1477 3780 1741 3851 βασιλέων
1788 3797 1847 3833 τε
1877 3780 1971 3833 καὶ

393 3880 587 3950 ἰερέων
621 3877 928 3947 λεγομένων
960 3875 1227 3929 πλείστων
1274 3873 1534 3945 χριστῶν,
1577 3873 1674 3926 καί.
1722 3871 1831 3925 τῶν
1878 3871 1967 3929 διὰ

387 3971 494 4042 τῆς
551 3970 702 4034 θείας
733 3969 1015 4040 ἐνεργείας
1055 3968 1358 4038 χριομένων
1397 3965 1691 4037 προφητῶν
1734 3962 1829 4017 καὶ
1869 3963 1970 4032 τῆς

393 4061 546 4124 θείας
573 4061 993 4132 προχειρίσεως,
1027 4055 1139 4112 οἷον
1172 4058 1356 4130 Κύρος
1378 4059 1406 4111 ὁ
1435 4055 1660 4128 Περσῶν
1685 4053 1963 4126 βασιλεὺς,

384 4149 472 4218 οἷς
523 4153 741 4216 πλείους
790 4154 897 4206 εἰσὶ
957 4152 1214 4223 μητέρες,
1269 4152 1330 4206 οὐ
1381 4147 1802 4220 διακριθήσεται
1860 4143 1969 4199 οὐδ’

387 4245 598 4310 οὕτως’
640 4247 845 4309 πάσαις
870 4244 978 4317 γὰρ
1013 4245 1092 4318 τῷ
1121 4244 1268 4315 αύτῷ
1305 4243 1542 4313 ἐπιθέτῳ
1583 4240 1832 4311 ὀνόματι,
1871 4238 1970 4307 μία

385 4356 453 4394 τε
478 4341 573 4394 καὶ
600 4341 755 4410 κοινὴ
795 4339 948 4394 ἔσται
988 4338 1180 4410 κλῆσις
1212 4339 1308 4391 σὺν
1349 4337 1509 4407 αὐτῇ.
1548 4333 1814 4388 Συνθέτου
1858 4332 1968 4400 γὰρ

390 4432 718 4503 πράγματος
745 4432 810 4486 ἔκ
838 4449 898 4485 τε
928 4433 1162 4503 χρίσεως
1201 4431 1293 4487 καὶ
1324 4430 1616 4500 χριομένου
1648 4426 1764 4489 ἐστι
1791 4425 1968 4496 δηλω-

383 4524 540 4578 τικὸν
568 4525 741 4594 ὄνομα
793 4523 854 4576 τὸ
891 4523 1159 4594 Χριστός·
1201 4523 1263 4576 οὐ
1296 4520 1402 4593 μὴν
1452 4520 1570 4584 οἵας
1599 4519 1717 4573 ἐστὶ
1751 4516 1968 4587 φύσεως

2073 3407 2214 3468 fuit.
2261 3425 2372 3464 non
2409 3409 2665 3479 equidem
2695 3409 2922 3466 alterius
2954 3411 3279 3468 substantias
3319 3415 3552 3486 poeticae
3587 3428 3649 3474 ut

2072 3487 2398 3555 substantia.
2457 3501 2675 3556 Etenim
2738 3510 2798 3557 et
2833 3517 2945 3557 non
2981 3511 3269 3573 poetarum
3335 3507 3651 3566 subSt-antia

2069 3599 2176 3647 est.
2225 3591 2282 3647 Si
2309 3591 2449 3648 forte
2483 3593 2651 3664 igitur
2694 3593 2934 3649 hominis
2972 3602 3067 3649 aut
3107 3593 3316 3652 Christi
3359 3609 3649 3668 parentem

2071 3683 2342 3751 dixeritis,
2373 3701 2568 3756 parum
2599 3686 2756 3742 abest
2776 3687 2914 3757 quin
2938 3687 3008 3742 ab
3038 3687 3324 3758 impietate
3344 3690 3647 3760 desistatis,

2072 3792 2181 3830 non
2215 3776 2288 3832 ita
2324 3792 2427 3832 nos
2454 3777 2705 3833 dicemus
2737 3779 2888 3834 illam
2914 3795 2945 3835 a
2974 3780 3133 3836 vobis
3160 3782 3383 3838 nomine
3413 3785 3648 3840 maxime

2071 3869 2299 3939 proprio
2347 3870 2670 3942 significari.
2696 3871 2816 3927 Non
2867 3871 3020 3928 enim
3068 3889 3099 3929 a
3138 3875 3408 3931 matribus
3456 3893 3648 3949 regum

2071 3959 2238 4015 Israel
2269 3962 2515 4017 sensibili
2541 3972 2822 4034 unguento
2852 3975 3176 4029 unetorum,
3214 3977 3271 4021 et
3298 3968 3648 4023 sacerdotum

2071 4049 2436 4118 plurimorum
2460 4051 2553 4121 qui
2589 4051 2782 4106 christi
2808 4061 2902 4107 aut
2925 4053 3076 4108 uncti
3097 4053 3229 4109 dicti
3253 4065 3403 4121 sunt,
3435 4065 3492 4111 et
3523 4072 3654 4127 pro-

2072 4141 2361 4212 phetarum
2391 4143 2486 4198 Dei
2521 4143 2885 4213 inspiratione
2919 4153 3212 4200 unctorum
3237 4187 3251 4211 ,
3287 4158 3384 4202 aut;
3427 4147 3650 4203 illorum

2070 4247 2210 4301 quos
2239 4232 2388 4287 Deus
2410 4249 2576 4287 manu
2606 4233 2885 4303 perduxit,
2909 4236 3090 4305 qualis
3112 4236 3220 4291 fuit
3250 4235 3427 4308 Cyrus
3458 4239 3653 4295 Persa-

2070 4337 2191 4376 rum
2227 4337 2344 4388 τοι,
2375 4324 2579 4393 quibus
2605 4323 2852 4394 plurima:
2889 4324 3114 4381 fuerunt
3152 4337 3376 4393 matres,
3405 4329 3485 4385 sic
3532 4330 3652 4401 ipsa

2070 4410 2444 4468 discernetur;
2500 4413 2768 4470 Omnibus
2811 4415 2960 4470 enim
2999 4432 3101 4487 per
3152 4417 3299 4477 idem
3339 4420 3649 4490 epithetum

2070 4520 2270 4560 nomen
2305 4522 2412 4563 una
2455 4517 2510 4562 et
2557 4509 2869 4564 communis
2894 4511 3003 4565 erit
3037 4512 3335 4581 appellatio
3367 4530 3494 4570 eum
3535 4517 3648 4573 illa.

384 4619 421 4690 ἢ
463 4619 524 4670 τὸ
548 4619 759 4690 χρίσμα
787 4619 819 4689 ἢ
847 4618 906 4672 τὸ
927 4617 1152 4689 χρισθέν
1175 4634 1190 4649 ο
1221 4615 1416 4672 οὐκοῦν
1440 4615 1562 4669 οὐδὲ
1591 4614 1764 4676 οὕτως
1792 4610 1963 4681 αὐτὴν

2068 4598 2399 4669 Compositae
2431 4600 2581 4655 enim
2612 4616 2698 4656 res
2711 4617 2785 4657 ex
2814 4603 3075 4658 unctione
3097 4612 3152 4659 et
3174 4615 3344 4662 uncto
3364 4609 3651 4667 manifeste

387 4689 735 4781 ἐξονομάζειν
765 4712 914 4766 ἔστιν
947 4711 1002 4764 ετ
1029 4728 1107 4782 τῳ
1158 4709 1335 4781 κυρίῳ
1357 4709 1453 4763 καὶ
1484 4708 1600 4776 ἰδίῳ
1632 4706 1804 4777 αὐτῆς
1839 4702 1956 4758 ὀνό-

2068 4689 2263 4745 Christi
2295 4706 2494 4747 nomen
2517 4700 2638 4761 est;
2683 4709 2794 4748 non
2831 4704 2984 4751 certe
3010 4697 3174 4754 unius
3207 4707 3294 4753 est
3319 4709 3531 4758 naturae
3563 4712 3648 4764 vel

387 4818 546 4872 ματι,
575 4800 686 4853 τῶν
710 4818 769 4854 τε
807 4800 1138 4872 συνωνύμων
1176 4801 1266 4853 καὶ
1297 4798 1608 4870 ὁμωνύμων
1629 4797 1800 4868 αὐτὴν
1843 4797 1960 4851 διαο

387 4893 598 4964 κρίνειν
630 4892 1045 4964 βουληθείημεν.
1078 4890 1416 4961 Ἀναγκαίως
1449 4886 1542 4945 οὖν
1570 4892 1636 4943 ὲκ
1664 4890 1755 4944 τοῦ
1787 4906 1964 4961 προσ-

383 4987 538 5048 όντος
597 4985 735 5057 αὑτῇ
790 4985 1008 5055 ἀληθῶς
1051 4985 1146 5039 καὶ
1195 4983 1374 5054 μόνως
1422 4982 1572 5054 παρὰ
1624 4986 1722 5046 τὰς
1767 4981 1966 5044 λοιπὰς

389 5077 570 5140 πάσας
604 5078 868 5144 γυναῖκας
902 5075 1232 5144 ὀνομαστέον
1274 5074 1374 5144 τὴν
1419 5073 1688 5144 ἄχραντον
1745 5074 1964 5142 Παρθέ-

384 5185 478 5220 νον
503 5184 515 5197 ⁸
546 5165 705 5219 τοῦτο
733 5166 790 5219 δέ
820 5169 935 5220 ἐστι
963 5167 1044 5231 τὺ,
1077 5166 1209 5218 Θεὸν
1236 5164 1396 5234 φύσει
1430 5163 1560 5217 ὄντα
1592 5165 1771 5218 τεκεῖν
1794 5164 1964 5232 ἀψευ-

380 5254 493 5320 δῶς
521 5255 774 5324 γεννήσει
812 5254 873 5308 οὺ
908 5254 1111 5324 φυσικῇ
1144 5249 1278 5322 οὔσῃ
1300 5248 1437 5304 Θεοῦ
1460 5249 1574 5303 ἀλλ’
1609 5251 1962 5322 ὲπιτηδευτῇ.

453 5518 547 5573 Διὸ
578 5517 644 5589 δὴ
681 5517 776 5572 καὶ
799 5515 1064 5580 Θεοτόκος
1102 5517 1136 5587 ή
1172 5515 1447 5587 Παρθένος
1485 5514 1703 5587 ἀληθῶς
1735 5517 1829 5588 ἥδε
1867 5517 1962 5572 ἐπὶ

383 5608 596 5672 τούτοις
651 5609 854 5680 φαμὲν,
889 5607 970 5661 ὅτι
1013 5602 1095 5670 εἷς
1124 5609 1152 5660 ὁ
1193 5607 1355 5670 τόκος
1390 5607 1489 5663 ούκ
1523 5608 1589 5665 ἐκ
1630 5610 1860 5679 σπορᾶς,
1898 5608 1958 5660 ού

384 5703 526 5758 κατὰ
561 5700 741 5769 φύσιν,
790 5701 890 5771 οὐχ
938 5699 1122 5771 ὅμοιός
1163 5718 1268 5753 τινι
1310 5699 1418 5753 τῶν
1451 5701 1776 5772 ἀνθρώπων,
1825 5701 1963 5754 ἀλλὰ

380 5796 528 5858 θεῖος
549 5794 636 5847 διὰ
657 5796 754 5864 τῆς
775 5793 1052 5864 ἁρῥαγοῦς
1090 5794 1304 5864 μήτρας
1334 5793 1680 5865 παρθενικῶς
1710 5794 1923 5865 ἐδείχθη
1944 5812 1958 5826 ’

387 5886 506 5948 πῶς
531 5885 592 5938 ού
619 5884 823 5954 κυρίως
847 5883 1108 5940 Θεοτόκος
1127 5885 1216 5937 καὶ
1233 5883 1293 5949 ἐξ
1316 5884 1482 5938 αὑτοῦ
1506 5885 1598 5940 τοῦ
1625 5887 1830 5956 τρόπου
1857 5884 1960 5955 τῆς

383 5975 696 6045 ἁποτέξεως
717 5972 928 6043 λέγοιτο
947 5991 963 6042 ;
981 5973 1104 6031 Ἐπὶ
1129 5974 1339 6041 τούτοις
1360 5976 1415 6031 δὲ
1442 5975 1683 6047 λεγέσθω
1706 5979 1836 6049 ἡμῖν
1866 5977 1958 6036 καὶ

2068 4791 2407 4850 unguentum
2439 4783 2524 4837 vel
2553 4791 2804 4839 unctum.
2838 4785 3011 4856 Igitur
3042 4803 3153 4842 non
3182 4788 3329 4844 illam
3363 4793 3651 4848 nominare

2065 4871 2194 4926 licet
2224 4872 2269 4927 si
2319 4875 2548 4944 proprio
2581 4884 2636 4930 et
2663 4876 2988 4945 partieulari
3035 4877 3183 4934 illius
3214 4881 3441 4937 nomine
3481 4882 3551 4936 ab
3581 4882 3649 4937 iis

2066 4981 2188 5035 quae
2242 4981 2607 5037 synonymum
2659 4977 2717 5024 et
2771 4968 2954 5026 simile
3016 4986 3221 5025 nomen
3282 4971 3649 5028 obtinuerunt

2066 5056 2385 5117 discernere
2419 5059 2564 5114 illam
2608 5060 2970 5116 voluerimus.
3009 5061 3332 5118 Necessario
3368 5064 3538 5134 igitur
3579 5080 3649 5120 ex

2065 5164 2132 5204 eo
2161 5149 2309 5219 quod
2349 5150 2425 5206 illi
2475 5166 2605 5206 vere
2645 5162 2702 5205 et
2750 5152 2914 5206 unice
2940 5153 3184 5221 pertinet
3222 5153 3369 5209 inter
3404 5155 3648 5225 reliquas

2065 5259 2259 5299 omnes
2291 5244 2550 5299 mulieres
2577 5243 2914 5299 nominanda
2933 5253 3020 5298 est
3045 5245 3397 5302 immaculata
3425 5249 3590 5320 Virgo
3632 5270 3644 5304 :

2066 5335 2171 5390 hoc
2199 5344 2384 5390 autem
2409 5344 2512 5400 est,
2539 5336 2682 5405 quod
2707 5336 2877 5392 Deum
2891 5346 3084 5392 natura
3117 5341 3390 5408 pepererit
3407 5355 3535 5395 vere
3551 5354 3636 5412 ge-

2064 5425 2348 5481 neratione
2376 5443 2486 5482 non
2516 5428 2751 5482 naturali
2785 5444 2906 5498 quae
2921 5430 3016 5484 Dei
3034 5439 3136 5495 est,
3156 5431 3252 5485 sed
3274 5431 3646 5488 benevolenti.

2131 5517 2342 5572 Idcirco
2369 5527 2426 5573 et
2454 5519 2779 5590 Dei-parens
2809 5522 2925 5576 haec
2948 5522 3111 5594 Virgo
3134 5539 3265 5579 vere
3294 5532 3400 5587 est,
3436 5525 3503 5580 ad
3528 5525 3648 5580 hmc

2062 5609 2373 5681 adjicimus,
2410 5612 2539 5680 quia
2577 5628 2722 5668 unus
2753 5614 2975 5684 genitus
3020 5631 3128 5670 non
3171 5632 3240 5672 ex
3272 5619 3503 5683 semine,
3536 5635 3648 5676 non

2063 5701 2368 5774 secundum
2413 5712 2689 5768 naturam,
2729 5720 2840 5759 non
2887 5705 3084 5761 similis
3129 5708 3293 5763 alicui
3339 5709 3646 5772 hominum.

2062 5793 2157 5850 sed
2203 5792 2424 5848 divinus
2451 5809 2520 5849 ex
2565 5795 2778 5866 integro
2811 5806 2970 5852 utero
3011 5797 3352 5868 virginaliter
3385 5801 3636 5857 emicuit.

2061 5883 2347 5951 Quomodo
2374 5901 2480 5938 non
2515 5887 2736 5956 proprie
2765 5887 3090 5957 Dei-parens
3115 5891 3197 5944 vel
3227 5908 3292 5945 ex
3324 5893 3429 5946 isto
3459 5903 3648 5961 partu;

2060 5979 2225 6038 modo
2253 5977 2569 6039 diceretur?
2597 5979 2677 6039 Ad
2711 5981 2828 6038 hazc
2862 5997 2890 6038 a
2929 5981 3088 6039 nobis
3117 5983 3337 6042 dicatur
3361 5995 3415 6040 et
3450 5987 3649 6057 smpius
