  <div class='ocr_page' id='page_1' title='image "/cluster/home/n/w/nwhite01/storage/ocr_20150623/86:pt.1/coo.31924054869874/864.png"; bbox 0 0 4116 6434; ppageno 0'>
   <div class='ocr_carea' id='block_1_1' title="bbox 401 346 538 408">
    <p class='ocr_par' dir='ltr' id='par_1_1' title="bbox 401 346 538 408">
     <span class='ocr_line' id='line_1_1' title="bbox 401 346 538 408; baseline 0.007 -1"><span class='ocrx_word' id='word_1_1' title='bbox 401 346 538 408; x_wconf 78' lang='grc'><strong>1713</strong></span> 
     </span>
    </p>
   </div>
   <div class='ocr_carea' id='block_1_2' title="bbox 1349 355 2722 418">
    <p class='ocr_par' dir='ltr' id='par_1_2' title="bbox 1349 355 2722 418">
     <span class='ocr_line' id='line_1_2' title="bbox 1349 355 2722 418; baseline 0.001 -4"><span class='ocrx_word' id='word_1_2' title='bbox 1349 357 1742 418; x_wconf 80' lang='lat' dir='ltr'><strong>ADVERSUS</strong></span> <span class='ocrx_word' id='word_1_3' title='bbox 1781 355 2580 418; x_wconf 73' lang='lat' dir='ltr'><strong>NESTORIANOS.—LIB.</strong></span> <span class='ocrx_word' id='word_1_4' title='bbox 2627 356 2722 415; x_wconf 80' lang='grc' dir='ltr'><strong>ιν.</strong></span> 
     </span>
    </p>
   </div>
   <div class='ocr_carea' id='block_1_3' title="bbox 3519 352 3654 416">
    <p class='ocr_par' dir='ltr' id='par_1_3' title="bbox 3519 352 3654 416">
     <span class='ocr_line' id='line_1_3' title="bbox 3519 352 3654 416; baseline 0 0"><span class='ocrx_word' id='word_1_5' title='bbox 3519 352 3654 416; x_wconf 72' lang='grc'><strong>1714</strong></span> 
     </span>
    </p>
   </div>
   <div class='ocr_carea' id='block_1_4' title="bbox 397 455 1989 536">
    <p class='ocr_par' dir='ltr' id='par_1_4' title="bbox 397 455 1970 536">
     <span class='ocr_line' id='line_1_4' title="bbox 397 455 1970 536; baseline 0.005 -26"><span class='ocrx_word' id='word_1_6' title='bbox 397 461 511 520; x_wconf 89' lang='grc' dir='ltr'>νοίς</span> <span class='ocrx_word' id='word_1_7' title='bbox 539 455 850 525; x_wconf 83' lang='grc' dir='ltr'>ὑμνεῖσθαι,</span> <span class='ocrx_word' id='word_1_8' title='bbox 882 461 976 514; x_wconf 73' lang='grc' dir='ltr'>καὶ</span> <span class='ocrx_word' id='word_1_9' title='bbox 1007 461 1100 514; x_wconf 73' lang='grc' dir='ltr'><strong>ἐπὶ</strong></span> <span class='ocrx_word' id='word_1_10' title='bbox 1129 462 1235 532; x_wconf 83' lang='grc' dir='ltr'><strong>γῆς</strong></span> <span class='ocrx_word' id='word_1_11' title='bbox 1257 468 1704 534; x_wconf 76' lang='grc' dir='ltr'><strong>προσκυνεῖσθαι,</strong></span> <span class='ocrx_word' id='word_1_12' title='bbox 1733 465 1970 536; x_wconf 74' lang='grc' dir='ltr'>σώφρονι</span> 
     </span>
    </p>
   </div>
   <div class='ocr_carea' id='block_1_5' title="bbox 2092 455 3651 536">
    <p class='ocr_par' dir='ltr' id='par_1_5' title="bbox 2092 461 3651 536">
     <span class='ocr_line' id='line_1_5' title="bbox 2092 461 3651 536; baseline 0.003 -19"><span class='ocrx_word' id='word_1_13' title='bbox 2092 462 2226 517; x_wconf 72' lang='lat' dir='ltr'><strong>:mlis</strong></span> <span class='ocrx_word' id='word_1_14' title='bbox 2257 461 2558 526; x_wconf 90' lang='lat' dir='ltr'><strong>celebrari,</strong></span> <span class='ocrx_word' id='word_1_15' title='bbox 2602 472 2656 516; x_wconf 87' lang='lat' dir='ltr'><strong>et</strong></span> <span class='ocrx_word' id='word_1_16' title='bbox 2692 461 2748 515; x_wconf 90' lang='lat' dir='ltr'><strong>in</strong></span> <span class='ocrx_word' id='word_1_17' title='bbox 2795 470 2938 517; x_wconf 88' lang='lat' dir='ltr'><strong>terra</strong></span> <span class='ocrx_word' id='word_1_18' title='bbox 2982 464 3238 528; x_wconf 88' lang='lat' dir='ltr'><strong>adorari,</strong></span> <span class='ocrx_word' id='word_1_19' title='bbox 3284 469 3513 536; x_wconf 83' lang='lat' dir='ltr'><strong>sapienti</strong></span> <span class='ocrx_word' id='word_1_20' title='bbox 3564 487 3651 522; x_wconf 85' lang='lat' dir='ltr'><strong>re-</strong></span> 
     </span>
    </p>
   </div>
   <div class='ocr_carea' id='block_1_6' title="bbox 399 549 1989 627">
    <p class='ocr_par' dir='ltr' id='par_1_6' title="bbox 399 549 1973 627">
     <span class='ocr_line' id='line_1_6' title="bbox 399 549 1973 627; baseline 0.006 -27"><span class='ocrx_word' id='word_1_21' title='bbox 399 549 646 619; x_wconf 85' lang='grc' dir='ltr'>λογισμῷ</span> <span class='ocrx_word' id='word_1_22' title='bbox 686 551 781 602; x_wconf 80' lang='grc' dir='ltr'>καὶ</span> <span class='ocrx_word' id='word_1_23' title='bbox 815 551 1120 624; x_wconf 85' lang='grc' dir='ltr'>ἀμωλύντῳ</span> <span class='ocrx_word' id='word_1_24' title='bbox 1152 555 1363 627; x_wconf 79' lang='grc' dir='ltr'>διανοίᾳ</span> <span class='ocrx_word' id='word_1_25' title='bbox 1415 558 1621 627; x_wconf 80' lang='grc' dir='ltr'>χείλεσι</span> <span class='ocrx_word' id='word_1_26' title='bbox 1675 577 1733 611; x_wconf 88' lang='grc' dir='ltr'><strong>τε</strong></span> <span class='ocrx_word' id='word_1_27' title='bbox 1786 560 1973 626; x_wconf 81' lang='grc' dir='ltr'>ἁγνοῖς</span> 
     </span>
    </p>
   </div>
   <div class='ocr_carea' id='block_1_7' title="bbox 2092 549 3654 627">
    <p class='ocr_par' dir='ltr' id='par_1_7' title="bbox 2092 550 3654 624">
     <span class='ocr_line' id='line_1_7' title="bbox 2092 550 3654 624; baseline 0.004 -20"><span class='ocrx_word' id='word_1_28' title='bbox 2092 551 2309 605; x_wconf 85' lang='lat' dir='ltr'><strong>lexione</strong></span> <span class='ocrx_word' id='word_1_29' title='bbox 2338 560 2393 605; x_wconf 87' lang='lat' dir='ltr'><strong>et</strong></span> <span class='ocrx_word' id='word_1_30' title='bbox 2431 550 2634 605; x_wconf 88' lang='lat' dir='ltr'><strong>invicta</strong></span> <span class='ocrx_word' id='word_1_31' title='bbox 2657 552 2986 622; x_wconf 76' lang='lat' dir='ltr'><strong>cogitatione</strong></span> <span class='ocrx_word' id='word_1_32' title='bbox 3015 555 3276 624; x_wconf 90' lang='lat' dir='ltr'><strong>purisque</strong></span> <span class='ocrx_word' id='word_1_33' title='bbox 3309 557 3470 612; x_wconf 81' lang='lat' dir='ltr'><strong>labiis</strong></span> <span class='ocrx_word' id='word_1_34' title='bbox 3499 567 3555 612; x_wconf 88' lang='lat' dir='ltr'><strong>et</strong></span> <span class='ocrx_word' id='word_1_35' title='bbox 3585 558 3654 611; x_wconf 87' lang='lat' dir='ltr'><strong>ab</strong></span> 
     </span>
    </p>
   </div>
   <div class='ocr_carea' id='block_1_8' title="bbox 400 640 1976 716">
    <p class='ocr_par' dir='ltr' id='par_1_8' title="bbox 400 640 1976 716">
     <span class='ocr_line' id='line_1_8' title="bbox 400 640 1976 716; baseline 0.006 -23"><span class='ocrx_word' id='word_1_36' title='bbox 400 641 495 693; x_wconf 70' lang='grc' dir='ltr'><strong>καὶ</strong></span> <span class='ocrx_word' id='word_1_37' title='bbox 524 640 630 695; x_wconf 84' lang='grc' dir='ltr'><strong>ὑπὸ</strong></span> <span class='ocrx_word' id='word_1_38' title='bbox 655 641 874 695; x_wconf 83' lang='grc' dir='ltr'>πάντων</span> <span class='ocrx_word' id='word_1_39' title='bbox 923 645 1390 716; x_wconf 80' lang='grc' dir='ltr'><strong>μακαριζομένην,</strong></span> <span class='ocrx_word' id='word_1_40' title='bbox 1418 647 1514 700; x_wconf 86' lang='grc' dir='ltr'><strong>νῦν</strong></span> <span class='ocrx_word' id='word_1_41' title='bbox 1558 649 1614 702; x_wconf 82' lang='grc' dir='ltr'><strong>δὲ</strong></span> <span class='ocrx_word' id='word_1_42' title='bbox 1642 649 1733 702; x_wconf 70' lang='grc' dir='ltr'><strong>καὶ</strong></span> <span class='ocrx_word' id='word_1_43' title='bbox 1762 651 1842 712; x_wconf 82' lang='grc' dir='ltr'>εἰς</span> <span class='ocrx_word' id='word_1_44' title='bbox 1869 649 1976 702; x_wconf 84' lang='grc' dir='ltr'><strong>πά-</strong></span> 
     </span>
    </p>
   </div>
   <div class='ocr_carea' id='block_1_9' title="bbox 2077 642 3655 712">
    <p class='ocr_par' dir='ltr' id='par_1_9' title="bbox 2077 642 3655 712">
     <span class='ocr_line' id='line_1_9' title="bbox 2077 642 3655 712; baseline 0.003 -16"><span class='ocrx_word' id='word_1_45' title='bbox 2077 642 2336 696; x_wconf 91' lang='lat' dir='ltr'><strong>omnibus</strong></span> <span class='ocrx_word' id='word_1_46' title='bbox 2365 644 2580 697; x_wconf 97' lang='lat' dir='ltr'><strong>beatam</strong></span> <span class='ocrx_word' id='word_1_47' title='bbox 2616 643 2928 712; x_wconf 66' lang='lat' dir='ltr'><strong>praedicari,</strong></span> <span class='ocrx_word' id='word_1_48' title='bbox 2957 661 3107 700; x_wconf 91' lang='lat' dir='ltr'><strong>nunc</strong></span> <span class='ocrx_word' id='word_1_49' title='bbox 3148 658 3329 702; x_wconf 87' lang='lat' dir='ltr'><strong>autem</strong></span> <span class='ocrx_word' id='word_1_50' title='bbox 3362 659 3418 703; x_wconf 90' lang='lat' dir='ltr'><strong>et</strong></span> <span class='ocrx_word' id='word_1_51' title='bbox 3452 649 3507 701; x_wconf 90' lang='lat' dir='ltr'><strong>in</strong></span> <span class='ocrx_word' id='word_1_52' title='bbox 3538 664 3655 701; x_wconf 92' lang='lat' dir='ltr'><strong>om-</strong></span> 
     </span>
    </p>
   </div>
   <div class='ocr_carea' id='block_1_10' title="bbox 404 731 1989 810">
    <p class='ocr_par' dir='ltr' id='par_1_10' title="bbox 404 731 1977 810">
     <span class='ocr_line' id='line_1_10' title="bbox 404 731 1977 810; baseline 0.007 -27"><span class='ocrx_word' id='word_1_53' title='bbox 404 747 504 795; x_wconf 89' lang='grc' dir='ltr'><strong>σας</strong></span> <span class='ocrx_word' id='word_1_54' title='bbox 531 731 630 795; x_wconf 74' lang='grc' dir='ltr'>τὰς</span> <span class='ocrx_word' id='word_1_55' title='bbox 663 733 856 800; x_wconf 76' lang='grc' dir='ltr'>γενεὰς</span> <span class='ocrx_word' id='word_1_56' title='bbox 892 735 1000 788; x_wconf 86' lang='grc' dir='ltr'>τῶν</span> <span class='ocrx_word' id='word_1_57' title='bbox 1031 734 1263 792; x_wconf 76' lang='grc' dir='ltr'>αἰώνων.</span> <span class='ocrx_word' id='word_1_58' title='bbox 1304 739 1501 810; x_wconf 88' lang='grc' dir='ltr'>’Λμήν.</span> <span class='ocrx_word' id='word_1_59' title='bbox 1543 739 1726 792; x_wconf 88' lang='grc' dir='ltr'>Ταῦτα</span> <span class='ocrx_word' id='word_1_60' title='bbox 1756 740 1854 810; x_wconf 86' lang='grc' dir='ltr'>μὲν</span> <span class='ocrx_word' id='word_1_61' title='bbox 1883 735 1977 794; x_wconf 84' lang='grc' dir='ltr'><strong>οὖν</strong></span> 
     </span>
    </p>
   </div>
   <div class='ocr_carea' id='block_1_11' title="bbox 2092 731 3654 810">
    <p class='ocr_par' dir='ltr' id='par_1_11' title="bbox 2092 733 3654 807">
     <span class='ocr_line' id='line_1_11' title="bbox 2092 733 3654 807; baseline 0.001 -16"><span class='ocrx_word' id='word_1_62' title='bbox 2092 751 2176 791; x_wconf 68' lang='lat' dir='ltr'><strong>tes</strong></span> <span class='ocrx_word' id='word_1_63' title='bbox 2207 733 2588 806; x_wconf 67' lang='lat' dir='ltr'><strong>generationes</strong></span> <span class='ocrx_word' id='word_1_64' title='bbox 2631 737 2979 790; x_wconf 66' lang='lat' dir='ltr'><strong>sa&#39;culorum.</strong></span> <span class='ocrx_word' id='word_1_65' title='bbox 3026 738 3221 792; x_wconf 83' lang='lat' dir='ltr'><strong>Amen.</strong></span> <span class='ocrx_word' id='word_1_66' title='bbox 3274 739 3400 793; x_wconf 58' lang='lat' dir='ltr'><strong>Have</strong></span> <span class='ocrx_word' id='word_1_67' title='bbox 3433 739 3654 807; x_wconf 85' lang='lat' dir='ltr'><strong>quidem</strong></span> 
     </span>
    </p>
   </div>
   <div class='ocr_carea' id='block_1_12' title="bbox 402 817 1989 899">
    <p class='ocr_par' dir='ltr' id='par_1_12' title="bbox 402 823 1978 899">
     <span class='ocr_line' id='line_1_12' title="bbox 402 823 1978 899; baseline 0.007 -25"><span class='ocrx_word' id='word_1_68' title='bbox 402 823 535 890; x_wconf 77' lang='grc' dir='ltr'>παρ’</span> <span class='ocrx_word' id='word_1_69' title='bbox 565 824 724 892; x_wconf 83' lang='grc' dir='ltr'>ἡμῶν</span> <span class='ocrx_word' id='word_1_70' title='bbox 759 825 897 894; x_wconf 84' lang='grc' dir='ltr'>πρὸς</span> <span class='ocrx_word' id='word_1_71' title='bbox 927 827 1072 896; x_wconf 78' lang='grc' dir='ltr'>ὑμᾶς</span> <span class='ocrx_word' id='word_1_72' title='bbox 1104 826 1202 897; x_wconf 88' lang='grc' dir='ltr'>τὴν</span> <span class='ocrx_word' id='word_1_73' title='bbox 1239 829 1413 899; x_wconf 84' lang='grc' dir='ltr'>ἀληθῆ</span> <span class='ocrx_word' id='word_1_74' title='bbox 1444 848 1501 884; x_wconf 88' lang='grc' dir='ltr'><strong>τε</strong></span> <span class='ocrx_word' id='word_1_75' title='bbox 1531 832 1625 884; x_wconf 72' lang='grc' dir='ltr'><strong>καὶ</strong></span> <span class='ocrx_word' id='word_1_76' title='bbox 1658 831 1978 899; x_wconf 86' lang='grc' dir='ltr'>πρέπουσαν</span> 
     </span>
    </p>
   </div>
   <div class='ocr_carea' id='block_1_13' title="bbox 2092 817 3778 899">
    <p class='ocr_par' dir='ltr' id='par_1_13' title="bbox 2092 817 3778 896">
     <span class='ocr_line' id='line_1_13' title="bbox 2092 817 3778 896; baseline 0.001 -17"><span class='ocrx_word' id='word_1_77' title='bbox 2092 826 2248 896; x_wconf 83' lang='lat' dir='ltr'><strong>gitur</strong></span> <span class='ocrx_word' id='word_1_78' title='bbox 2289 841 2318 880; x_wconf 90' lang='lat' dir='ltr'><strong>a</strong></span> <span class='ocrx_word' id='word_1_79' title='bbox 2357 826 2517 880; x_wconf 89' lang='lat' dir='ltr'><strong>nobis</strong></span> <span class='ocrx_word' id='word_1_80' title='bbox 2547 826 2614 879; x_wconf 89' lang='lat' dir='ltr'><strong>ad</strong></span> <span class='ocrx_word' id='word_1_81' title='bbox 2643 841 2737 880; x_wconf 87' lang='lat' dir='ltr'><strong>vos</strong></span> <span class='ocrx_word' id='word_1_82' title='bbox 2779 827 2926 880; x_wconf 83' lang='lat' dir='ltr'><strong>dicta</strong></span> <span class='ocrx_word' id='word_1_83' title='bbox 2958 838 3087 882; x_wconf 90' lang='lat' dir='ltr'><strong>sunt</strong></span> <span class='ocrx_word' id='word_1_84' title='bbox 3130 845 3314 881; x_wconf 86' lang='lat' dir='ltr'><strong>veram</strong></span> <span class='ocrx_word' id='word_1_85' title='bbox 3349 837 3403 882; x_wconf 91' lang='lat' dir='ltr'><strong>et</strong></span> <span class='ocrx_word' id='word_1_86' title='bbox 3453 844 3654 882; x_wconf 86' lang='lat' dir='ltr'><strong>conve-</strong></span> <span class='ocrx_word' id='word_1_87' title='bbox 3763 817 3778 834; x_wconf 70' lang='grc'>’</span> 
     </span>
    </p>
   </div>
   <div class='ocr_carea' id='block_1_14' title="bbox 2077 918 3658 989">
    <p class='ocr_par' dir='ltr' id='par_1_14' title="bbox 2077 918 3658 989">
     <span class='ocr_line' id='line_1_14' title="bbox 2077 918 3658 989; baseline 0.001 -17"><span class='ocrx_word' id='word_1_88' title='bbox 2077 918 2323 972; x_wconf 89' lang='lat' dir='ltr'><strong>nientem</strong></span> <span class='ocrx_word' id='word_1_89' title='bbox 2375 918 2652 987; x_wconf 88' lang='lat' dir='ltr'><strong>propriam</strong></span> <span class='ocrx_word' id='word_1_90' title='bbox 2707 919 2941 972; x_wconf 80' lang='lat' dir='ltr'><strong>maxime</strong></span> <span class='ocrx_word' id='word_1_91' title='bbox 2996 919 3417 989; x_wconf 76' lang='lat' dir='ltr'><strong>appellationem</strong></span> <span class='ocrx_word' id='word_1_92' title='bbox 3455 928 3658 975; x_wconf 74' lang='lat' dir='ltr'><strong>sancta:</strong></span> 
     </span>
    </p>
   </div>
   <div class='ocr_carea' id='block_1_15' title="bbox 2079 1008 3170 1079">
    <p class='ocr_par' dir='ltr' id='par_1_15' title="bbox 2079 1008 3170 1079">
     <span class='ocr_line' id='line_1_15' title="bbox 2079 1008 3170 1079; baseline 0.002 -17"><span class='ocrx_word' id='word_1_93' title='bbox 2079 1008 2317 1079; x_wconf 82' lang='lat' dir='ltr'><strong>Virginis</strong></span> <span class='ocrx_word' id='word_1_94' title='bbox 2339 1009 2708 1078; x_wconf 89' lang='lat' dir='ltr'><strong>Dei-parentis</strong></span> <span class='ocrx_word' id='word_1_95' title='bbox 2736 1017 3019 1078; x_wconf 73' lang='lat' dir='ltr'><strong>rogantes.</strong></span> <span class='ocrx_word' id='word_1_96' title='bbox 3164 1009 3170 1013; x_wconf 84' lang='grc'><em>’</em></span> 
     </span>
    </p>
   </div>
   <div class='ocr_carea' id='block_1_16' title="bbox 407 913 1980 993">
    <p class='ocr_par' dir='ltr' id='par_1_16' title="bbox 407 913 1980 993">
     <span class='ocr_line' id='line_1_16' title="bbox 407 913 1980 993; baseline 0.008 -29"><span class='ocrx_word' id='word_1_97' title='bbox 407 913 733 984; x_wconf 81' lang='grc' dir='ltr'>ἱδικωτὰτην</span> <span class='ocrx_word' id='word_1_98' title='bbox 790 916 1084 986; x_wconf 82' lang='grc' dir='ltr'>ὀνομασίαν</span> <span class='ocrx_word' id='word_1_99' title='bbox 1129 921 1227 989; x_wconf 83' lang='grc' dir='ltr'>τῆς</span> <span class='ocrx_word' id='word_1_100' title='bbox 1258 920 1420 988; x_wconf 80' lang='grc' dir='ltr'>ἁγίας</span> <span class='ocrx_word' id='word_1_101' title='bbox 1463 921 1738 993; x_wconf 82' lang='grc' dir='ltr'><strong>Παρθένου</strong></span> <span class='ocrx_word' id='word_1_102' title='bbox 1786 920 1980 976; x_wconf 85' lang='grc' dir='ltr'>Θεοτό-</span> 
     </span>
    </p>
   </div>
   <div class='ocr_carea' id='block_1_17' title="bbox 407 1008 1028 1078">
    <p class='ocr_par' dir='ltr' id='par_1_17' title="bbox 407 1008 1028 1078">
     <span class='ocr_line' id='line_1_17' title="bbox 407 1008 1028 1078; baseline 0.006 -20"><span class='ocrx_word' id='word_1_103' title='bbox 407 1021 504 1058; x_wconf 87' lang='grc' dir='ltr'><strong>κου</strong></span> <span class='ocrx_word' id='word_1_104' title='bbox 531 1022 605 1058; x_wconf 89' lang='grc' dir='ltr'><strong>πα</strong></span> <span class='ocrx_word' id='word_1_105' title='bbox 616 1023 802 1075; x_wconf 87' lang='grc' dir='ltr'>ραιτου</span> <span class='ocrx_word' id='word_1_106' title='bbox 813 1008 1028 1078; x_wconf 83' lang='grc' dir='ltr'>μένους.</span> 
     </span>
    </p>
   </div>
   <div class='ocr_carea' id='block_1_18' title="bbox 973 1143 1406 1199">
    <p class='ocr_par' dir='ltr' id='par_1_18' title="bbox 973 1143 1406 1199">
     <span class='ocr_line' id='line_1_18' title="bbox 973 1143 1406 1199; baseline 0.012 -6"><span class='ocrx_word' id='word_1_107' title='bbox 973 1143 1226 1197; x_wconf 80' lang='grc' dir='ltr'><strong>ΚΕΦΑΛ.</strong></span> <span class='ocrx_word' id='word_1_108' title='bbox 1275 1143 1406 1199; x_wconf 85' lang='lat' dir='ltr'><strong>AH&#39;.</strong></span> 
     </span>
    </p>
   </div>
   <div class='ocr_carea' id='block_1_19' title="bbox 410 1227 1978 1310">
    <p class='ocr_par' dir='ltr' id='par_1_19' title="bbox 410 1227 1978 1310">
     <span class='ocr_line' id='line_1_19' title="bbox 410 1227 1978 1310; baseline 0.008 -29"><span class='ocrx_word' id='word_1_109' title='bbox 410 1227 539 1281; x_wconf 84' lang='grc' dir='ltr'>Ὀτι</span> <span class='ocrx_word' id='word_1_110' title='bbox 565 1229 710 1284; x_wconf 82' lang='grc' dir='ltr'><strong>οὐδὲ</strong></span> <span class='ocrx_word' id='word_1_111' title='bbox 759 1231 905 1310; x_wconf 78' lang='grc' dir='ltr'>Θεὸς</span> <span class='ocrx_word' id='word_1_112' title='bbox 949 1235 983 1310; x_wconf 61' lang='grc' dir='ltr'><strong>ρ</strong></span> <span class='ocrx_word' id='word_1_113' title='bbox 1032 1234 1287 1301; x_wconf 82' lang='grc' dir='ltr'>Χριστὸς</span> <span class='ocrx_word' id='word_1_114' title='bbox 1319 1238 1560 1310; x_wconf 51' lang='lat' dir='ltr'><strong>absciram</strong></span> <span class='ocrx_word' id='word_1_115' title='bbox 1610 1236 1978 1308; x_wconf 79' lang='grc' dir='ltr'>ὀνομάζεται,</span> 
     </span>
    </p>
   </div>
   <div class='ocr_carea' id='block_1_20' title="bbox 795 1305 1590 1369">
    <p class='ocr_par' dir='ltr' id='par_1_20' title="bbox 795 1305 1590 1369">
     <span class='ocr_line' id='line_1_20' title="bbox 795 1305 1590 1369; baseline 0.006 -15"><span class='ocrx_word' id='word_1_116' title='bbox 795 1305 1058 1369; x_wconf 78' lang='grc' dir='ltr'>τολμῶσι</span> <span class='ocrx_word' id='word_1_117' title='bbox 1099 1305 1590 1365; x_wconf 79' lang='grc' dir='ltr'>κατασκευάζειν.</span> 
     </span>
    </p>
   </div>
   <div class='ocr_carea' id='block_1_21' title="bbox 482 1403 1982 1484">
    <p class='ocr_par' dir='ltr' id='par_1_21' title="bbox 482 1403 1982 1484">
     <span class='ocr_line' id='line_1_21' title="bbox 482 1403 1982 1484; baseline 0.009 -25"><span class='ocrx_word' id='word_1_118' title='bbox 482 1407 613 1471; x_wconf 89' lang='grc' dir='ltr'>Θεὸς</span> <span class='ocrx_word' id='word_1_119' title='bbox 635 1403 760 1481; x_wconf 78' lang='grc' dir='ltr'><strong>ἦνὸ</strong></span> <span class='ocrx_word' id='word_1_120' title='bbox 791 1410 964 1478; x_wconf 84' lang='grc' dir='ltr'><strong>Λόγος</strong></span> <span class='ocrx_word' id='word_1_121' title='bbox 995 1427 1010 1442; x_wconf 75' lang='grc' dir='ltr'><strong>ο</strong></span> <span class='ocrx_word' id='word_1_122' title='bbox 1042 1413 1266 1480; x_wconf 87' lang='grc' dir='ltr'>γέγονεν</span> <span class='ocrx_word' id='word_1_123' title='bbox 1285 1414 1572 1484; x_wconf 83' lang='grc' dir='ltr'>ἄνθρωπος</span> <span class='ocrx_word' id='word_1_124' title='bbox 1595 1433 1610 1447; x_wconf 88' lang='grc'><strong>·</strong></span> <span class='ocrx_word' id='word_1_125' title='bbox 1633 1417 1683 1469; x_wconf 76' lang='grc' dir='ltr'><strong>εἰ</strong></span> <span class='ocrx_word' id='word_1_126' title='bbox 1719 1417 1982 1482; x_wconf 87' lang='grc' dir='ltr'>Θεοτόκος</span> 
     </span>
    </p>
   </div>
   <div class='ocr_carea' id='block_1_22' title="bbox 411 1497 1982 1580">
    <p class='ocr_par' dir='ltr' id='par_1_22' title="bbox 411 1497 1982 1580">
     <span class='ocr_line' id='line_1_22' title="bbox 411 1497 1982 1580; baseline 0.007 -29"><span class='ocrx_word' id='word_1_127' title='bbox 411 1501 444 1567; x_wconf 87' lang='grc' dir='ltr'><strong>ή</strong></span> <span class='ocrx_word' id='word_1_128' title='bbox 479 1500 778 1570; x_wconf 80' lang='grc' dir='ltr'>Παρθένος,</span> <span class='ocrx_word' id='word_1_129' title='bbox 812 1501 971 1570; x_wconf 84' lang='grc' dir='ltr'>δῆλον</span> <span class='ocrx_word' id='word_1_130' title='bbox 1003 1497 1167 1557; x_wconf 79' lang='grc' dir='ltr'><strong>ὄτιοὺ</strong></span> <span class='ocrx_word' id='word_1_131' title='bbox 1209 1499 1279 1574; x_wconf 79' lang='grc' dir='ltr'>ἦν</span> <span class='ocrx_word' id='word_1_132' title='bbox 1327 1507 1354 1557; x_wconf 82' lang='grc' dir='ltr'>ὁ</span> <span class='ocrx_word' id='word_1_133' title='bbox 1388 1505 1581 1572; x_wconf 85' lang='grc' dir='ltr'><strong>Λόγος,</strong></span> <span class='ocrx_word' id='word_1_134' title='bbox 1623 1506 1740 1561; x_wconf 79' lang='grc' dir='ltr'>ἔστι</span> <span class='ocrx_word' id='word_1_135' title='bbox 1781 1509 1982 1580; x_wconf 81' lang='grc' dir='ltr'><strong>Μήτηρ</strong></span> 
     </span>
    </p>
   </div>
   <div class='ocr_carea' id='block_1_23' title="bbox 413 1589 1982 1670">
    <p class='ocr_par' dir='ltr' id='par_1_23' title="bbox 413 1589 1982 1670">
     <span class='ocr_line' id='line_1_23' title="bbox 413 1589 1982 1670; baseline 0.008 -29"><span class='ocrx_word' id='word_1_136' title='bbox 413 1593 447 1659; x_wconf 85' lang='grc' dir='ltr'><strong>ή</strong></span> <span class='ocrx_word' id='word_1_137' title='bbox 473 1589 766 1661; x_wconf 84' lang='grc' dir='ltr'>Παρθένος,</span> <span class='ocrx_word' id='word_1_138' title='bbox 786 1593 907 1662; x_wconf 82' lang='grc' dir='ltr'>οὑχὶ</span> <span class='ocrx_word' id='word_1_139' title='bbox 921 1589 982 1644; x_wconf 80' lang='grc' dir='ltr'><strong>οὑ</strong></span> <span class='ocrx_word' id='word_1_140' title='bbox 1009 1593 1236 1661; x_wconf 90' lang='grc' dir='ltr'>γέγονεν</span> <span class='ocrx_word' id='word_1_141' title='bbox 1263 1611 1276 1624; x_wconf 84' lang='grc'><strong>·</strong></span> <span class='ocrx_word' id='word_1_142' title='bbox 1313 1595 1438 1648; x_wconf 79' lang='grc' dir='ltr'>εἰδὲ</span> <span class='ocrx_word' id='word_1_143' title='bbox 1467 1596 1554 1649; x_wconf 85' lang='grc' dir='ltr'>διὰ</span> <span class='ocrx_word' id='word_1_144' title='bbox 1585 1597 1675 1650; x_wconf 88' lang='grc' dir='ltr'><strong>τὸν</strong></span> <span class='ocrx_word' id='word_1_145' title='bbox 1697 1597 1982 1670; x_wconf 78' lang='grc' dir='ltr'>ἄνθρωπον</span> 
     </span>
    </p>
   </div>
   <div class='ocr_carea' id='block_1_24' title="bbox 413 1679 1984 1761">
    <p class='ocr_par' dir='ltr' id='par_1_24' title="bbox 413 1679 1984 1761">
     <span class='ocr_line' id='line_1_24' title="bbox 413 1679 1984 1761; baseline 0.009 -30"><span class='ocrx_word' id='word_1_146' title='bbox 413 1679 523 1749; x_wconf 80' lang='grc' dir='ltr'>ἔχει</span> <span class='ocrx_word' id='word_1_147' title='bbox 554 1681 787 1752; x_wconf 87' lang='grc' dir='ltr'>μητέρα,</span> <span class='ocrx_word' id='word_1_148' title='bbox 815 1683 910 1736; x_wconf 88' lang='grc' dir='ltr'><strong>τοῦ</strong></span> <span class='ocrx_word' id='word_1_149' title='bbox 939 1684 1228 1754; x_wconf 86' lang='grc' dir='ltr'>ἀνθρώπου</span> <span class='ocrx_word' id='word_1_150' title='bbox 1259 1687 1486 1758; x_wconf 80' lang='grc' dir='ltr'><strong>Μητέρα</strong></span> <span class='ocrx_word' id='word_1_151' title='bbox 1509 1689 1582 1761; x_wconf 75' lang='grc' dir='ltr'><strong>μὴ</strong></span> <span class='ocrx_word' id='word_1_152' title='bbox 1628 1689 1861 1758; x_wconf 80' lang='grc' dir='ltr'>ἔχοντος,</span> <span class='ocrx_word' id='word_1_153' title='bbox 1893 1693 1984 1744; x_wconf 85' lang='grc' dir='ltr'>οὑ-</span> 
     </span>
    </p>
   </div>
   <div class='ocr_carea' id='block_1_25' title="bbox 2629 1141 3104 1197">
    <p class='ocr_par' dir='ltr' id='par_1_25' title="bbox 2629 1141 3104 1197">
     <span class='ocr_line' id='line_1_25' title="bbox 2629 1141 3104 1197; baseline -0.002 0"><span class='ocrx_word' id='word_1_154' title='bbox 2629 1141 2778 1197; x_wconf 80' lang='lat' dir='ltr'><strong>CAl’.</strong></span> <span class='ocrx_word' id='word_1_155' title='bbox 2819 1142 3104 1196; x_wconf 79' lang='lat' dir='ltr'><strong>XXXVIII.</strong></span> 
     </span>
    </p>
   </div>
   <div class='ocr_carea' id='block_1_26' title="bbox 2188 1230 3556 1357">
    <p class='ocr_par' dir='ltr' id='par_1_26' title="bbox 2188 1230 3556 1357">
     <span class='ocr_line' id='line_1_26' title="bbox 2188 1230 3556 1357; baseline 0.002 -72"><span class='ocrx_word' id='word_1_156' title='bbox 2188 1230 2341 1298; x_wconf 84' lang='lat' dir='ltr'><strong>Quod</strong></span> <span class='ocrx_word' id='word_1_157' title='bbox 2365 1231 2603 1288; x_wconf 79' lang='lat' dir='ltr'><strong>Christus</strong></span> <span class='ocrx_word' id='word_1_158' title='bbox 2633 1250 2739 1286; x_wconf 85' lang='lat' dir='ltr'><strong>non</strong></span> <span class='ocrx_word' id='word_1_159' title='bbox 2768 1250 2886 1356; x_wconf 47' lang='lat' dir='ltr'><strong>aere</strong></span> <span class='ocrx_word' id='word_1_160' title='bbox 2920 1234 3117 1357; x_wconf 56' lang='lat' dir='ltr'><strong>[dicitur</strong></span> <span class='ocrx_word' id='word_1_161' title='bbox 3143 1235 3283 1288; x_wconf 82' lang='lat' dir='ltr'><strong>Deus</strong></span> <span class='ocrx_word' id='word_1_162' title='bbox 3321 1251 3556 1288; x_wconf 77' lang='lat' dir='ltr'><strong>asserere</strong></span> 
     </span>
     <span class='ocr_line' id='line_1_27' title="bbox 2701 1305 3036 1357; baseline 0.003 -1"><span class='ocrx_word' id='word_1_163' title='bbox 2701 1321 2770 1356; x_wconf 86' lang='lat' dir='ltr'><strong>au.</strong></span> <span class='ocrx_word' id='word_1_164' title='bbox 2812 1305 2918 1356; x_wconf 82' lang='lat' dir='ltr'><strong>enti</strong></span> <span class='ocrx_word' id='word_1_165' title='bbox 2956 1320 3036 1357; x_wconf 88' lang='lat' dir='ltr'><strong>us.</strong></span> 
     </span>
    </p>
   </div>
   <div class='ocr_carea' id='block_1_27' title="bbox 2701 1305 3036 1358">
    <p class='ocr_par' dir='ltr' id='par_1_27' title="bbox 2701 1305 3036 1358">
     <span class='ocr_line' id='line_1_28' title="bbox 2701 1305 3036 1358; baseline 0.006 -2"><span class='ocrx_word' id='word_1_166' title='bbox 2701 1305 3036 1358; x_wconf 80' lang='lat' dir='ltr'><strong>audentibus.</strong></span> 
     </span>
    </p>
   </div>
   <div class='ocr_carea' id='block_1_28' title="bbox 2120 1414 3660 1487">
    <p class='ocr_par' dir='ltr' id='par_1_28' title="bbox 2120 1414 3660 1487">
     <span class='ocr_line' id='line_1_29' title="bbox 2120 1414 3660 1487; baseline 0.002 -19"><span class='ocrx_word' id='word_1_167' title='bbox 2120 1481 2122 1483; x_wconf 15' lang='grc' dir='ltr'>ν</span> <span class='ocrx_word' id='word_1_168' title='bbox 2152 1414 2298 1468; x_wconf 88' lang='lat' dir='ltr'><strong>Deus</strong></span> <span class='ocrx_word' id='word_1_169' title='bbox 2331 1423 2451 1468; x_wconf 84' lang='lat' dir='ltr'><strong>erat</strong></span> <span class='ocrx_word' id='word_1_170' title='bbox 2479 1414 2744 1480; x_wconf 81' lang='lat' dir='ltr'><strong>Verbum,</strong></span> <span class='ocrx_word' id='word_1_171' title='bbox 2786 1415 2993 1470; x_wconf 83' lang='lat' dir='ltr'><strong>factum</strong></span> <span class='ocrx_word' id='word_1_172' title='bbox 3035 1424 3119 1470; x_wconf 92' lang='lat' dir='ltr'><strong>est</strong></span> <span class='ocrx_word' id='word_1_173' title='bbox 3163 1417 3356 1484; x_wconf 90' lang='lat' dir='ltr'><strong>homo;</strong></span> <span class='ocrx_word' id='word_1_174' title='bbox 3387 1433 3457 1471; x_wconf 90' lang='lat' dir='ltr'><strong>an</strong></span> <span class='ocrx_word' id='word_1_175' title='bbox 3492 1418 3660 1487; x_wconf 88' lang='lat' dir='ltr'><strong>Virgo</strong></span> 
     </span>
    </p>
   </div>
   <div class='ocr_carea' id='block_1_29' title="bbox 2083 1504 3664 1579">
    <p class='ocr_par' dir='ltr' id='par_1_29' title="bbox 2083 1504 3664 1579">
     <span class='ocr_line' id='line_1_30' title="bbox 2083 1504 3664 1579; baseline 0.001 -18"><span class='ocrx_word' id='word_1_176' title='bbox 2083 1506 2156 1561; x_wconf 82' lang='lat' dir='ltr'><strong>sit</strong></span> <span class='ocrx_word' id='word_1_177' title='bbox 2205 1505 2375 1560; x_wconf 85' lang='lat' dir='ltr'><strong>Mater</strong></span> <span class='ocrx_word' id='word_1_178' title='bbox 2401 1505 2518 1570; x_wconf 88' lang='lat' dir='ltr'><strong>Dei,</strong></span> <span class='ocrx_word' id='word_1_179' title='bbox 2553 1521 2683 1560; x_wconf 84' lang='lat' dir='ltr'><strong>sane</strong></span> <span class='ocrx_word' id='word_1_180' title='bbox 2712 1504 2878 1577; x_wconf 87' lang='lat' dir='ltr'><strong>Virgo</strong></span> <span class='ocrx_word' id='word_1_181' title='bbox 2903 1508 3022 1576; x_wconf 87' lang='lat' dir='ltr'><strong>ejus</strong></span> <span class='ocrx_word' id='word_1_182' title='bbox 3053 1516 3138 1562; x_wconf 89' lang='lat' dir='ltr'><strong>est</strong></span> <span class='ocrx_word' id='word_1_183' title='bbox 3167 1509 3338 1563; x_wconf 86' lang='lat' dir='ltr'><strong>Mater</strong></span> <span class='ocrx_word' id='word_1_184' title='bbox 3367 1511 3524 1579; x_wconf 82' lang='lat' dir='ltr'><strong>cujus</strong></span> <span class='ocrx_word' id='word_1_185' title='bbox 3546 1518 3664 1569; x_wconf 83' lang='lat' dir='ltr'><strong>erat</strong></span> 
     </span>
    </p>
   </div>
   <div class='ocr_carea' id='block_1_30' title="bbox 2083 1597 3663 1670">
    <p class='ocr_par' dir='ltr' id='par_1_30' title="bbox 2083 1597 3663 1670">
     <span class='ocr_line' id='line_1_31' title="bbox 2083 1597 3663 1670; baseline 0.001 -16"><span class='ocrx_word' id='word_1_186' title='bbox 2083 1599 2348 1664; x_wconf 82' lang='lat' dir='ltr'><strong>Verbum,</strong></span> <span class='ocrx_word' id='word_1_187' title='bbox 2381 1614 2490 1652; x_wconf 91' lang='lat' dir='ltr'><strong>non</strong></span> <span class='ocrx_word' id='word_1_188' title='bbox 2534 1599 2691 1670; x_wconf 86' lang='lat' dir='ltr'><strong>cujus</strong></span> <span class='ocrx_word' id='word_1_189' title='bbox 2718 1597 2923 1652; x_wconf 86' lang='lat' dir='ltr'><strong>factum</strong></span> <span class='ocrx_word' id='word_1_190' title='bbox 2969 1609 3052 1654; x_wconf 90' lang='lat' dir='ltr'><strong>est</strong></span> <span class='ocrx_word' id='word_1_191' title='bbox 3081 1619 3093 1654; x_wconf 93' lang='lat'><strong>:</strong></span> <span class='ocrx_word' id='word_1_192' title='bbox 3126 1616 3195 1654; x_wconf 89' lang='lat' dir='ltr'><strong>an</strong></span> <span class='ocrx_word' id='word_1_193' title='bbox 3232 1601 3534 1656; x_wconf 89' lang='lat' dir='ltr'><strong>secundum</strong></span> <span class='ocrx_word' id='word_1_194' title='bbox 3567 1604 3663 1656; x_wconf 91' lang='lat' dir='ltr'><strong>ho-</strong></span> 
     </span>
    </p>
   </div>
   <div class='ocr_carea' id='block_1_31' title="bbox 2085 1690 3665 1756">
    <p class='ocr_par' dir='ltr' id='par_1_31' title="bbox 2085 1690 3665 1756">
     <span class='ocr_line' id='line_1_32' title="bbox 2085 1690 3665 1756; baseline 0.002 -12"><span class='ocrx_word' id='word_1_195' title='bbox 2085 1691 2288 1745; x_wconf 90' lang='lat' dir='ltr'><strong>minem</strong></span> <span class='ocrx_word' id='word_1_196' title='bbox 2332 1700 2562 1745; x_wconf 88' lang='lat' dir='ltr'><strong>matrem</strong></span> <span class='ocrx_word' id='word_1_197' title='bbox 2609 1690 2837 1756; x_wconf 90' lang='lat' dir='ltr'><strong>habeat,</strong></span> <span class='ocrx_word' id='word_1_198' title='bbox 2887 1691 3111 1746; x_wconf 88' lang='lat' dir='ltr'><strong>homine</strong></span> <span class='ocrx_word' id='word_1_199' title='bbox 3145 1701 3374 1746; x_wconf 82' lang='lat' dir='ltr'><strong>matrem</strong></span> <span class='ocrx_word' id='word_1_200' title='bbox 3424 1710 3533 1747; x_wconf 92' lang='lat' dir='ltr'><strong>non</strong></span> <span class='ocrx_word' id='word_1_201' title='bbox 3568 1693 3665 1748; x_wconf 84' lang='lat' dir='ltr'><strong>ha-</strong></span> 
     </span>
    </p>
   </div>
   <div class='ocr_carea' id='block_1_32' title="bbox 414 1766 1989 1862">
    <p class='ocr_par' dir='ltr' id='par_1_32' title="bbox 414 1766 1980 1862">
     <span class='ocr_line' id='line_1_33' title="bbox 414 1766 1980 1862; baseline 0.01 -44"><span class='ocrx_word' id='word_1_202' title='bbox 414 1766 472 1862; x_wconf 72' lang='grc' dir='ltr'>δὲ</span> <span class='ocrx_word' id='word_1_203' title='bbox 511 1767 618 1836; x_wconf 86' lang='grc' dir='ltr'>ἄρα</span> <span class='ocrx_word' id='word_1_204' title='bbox 651 1769 679 1821; x_wconf 86' lang='grc' dir='ltr'>ό</span> <span class='ocrx_word' id='word_1_205' title='bbox 713 1769 885 1838; x_wconf 84' lang='grc' dir='ltr'><strong>Λόγος</strong></span> <span class='ocrx_word' id='word_1_206' title='bbox 916 1771 1140 1827; x_wconf 87' lang='grc' dir='ltr'>δύναται</span> <span class='ocrx_word' id='word_1_207' title='bbox 1172 1773 1317 1844; x_wconf 81' lang='grc' dir='ltr'>ἔχειν</span> <span class='ocrx_word' id='word_1_208' title='bbox 1341 1777 1572 1847; x_wconf 88' lang='grc' dir='ltr'>μητέρα.</span> <span class='ocrx_word' id='word_1_209' title='bbox 1623 1778 1783 1832; x_wconf 80' lang='grc' dir='ltr'>Ἀλλὰ</span> <span class='ocrx_word' id='word_1_210' title='bbox 1803 1783 1899 1833; x_wconf 80' lang='grc' dir='ltr'>καὶ</span> <span class='ocrx_word' id='word_1_211' title='bbox 1917 1774 1980 1834; x_wconf 76' lang='grc' dir='ltr'><strong>οὗ</strong></span> 
     </span>
    </p>
   </div>
   <div class='ocr_carea' id='block_1_33' title="bbox 2092 1766 3658 1862">
    <p class='ocr_par' dir='ltr' id='par_1_33' title="bbox 2092 1780 3658 1854">
     <span class='ocr_line' id='line_1_34' title="bbox 2092 1780 3658 1854; baseline 0.001 -17"><span class='ocrx_word' id='word_1_212' title='bbox 2092 1782 2274 1846; x_wconf 90' lang='lat' dir='ltr'><strong>bente,</strong></span> <span class='ocrx_word' id='word_1_213' title='bbox 2325 1797 2457 1838; x_wconf 89' lang='lat' dir='ltr'><strong>sane</strong></span> <span class='ocrx_word' id='word_1_214' title='bbox 2488 1780 2729 1836; x_wconf 89' lang='lat' dir='ltr'><strong>Verbum</strong></span> <span class='ocrx_word' id='word_1_215' title='bbox 2776 1791 3009 1838; x_wconf 87' lang='lat' dir='ltr'><strong>matrem</strong></span> <span class='ocrx_word' id='word_1_216' title='bbox 3055 1784 3258 1838; x_wconf 90' lang='lat' dir='ltr'><strong>habere</strong></span> <span class='ocrx_word' id='word_1_217' title='bbox 3304 1800 3413 1838; x_wconf 92' lang='lat' dir='ltr'><strong>non</strong></span> <span class='ocrx_word' id='word_1_218' title='bbox 3459 1795 3658 1854; x_wconf 86' lang='lat' dir='ltr'><strong>potest.</strong></span> 
     </span>
    </p>
   </div>
   <div class='ocr_carea' id='block_1_34' title="bbox 411 1851 1975 1942">
    <p class='ocr_par' dir='ltr' id='par_1_34' title="bbox 411 1851 1975 1942">
     <span class='ocr_line' id='line_1_35' title="bbox 411 1851 1975 1942; baseline 0.012 -35"><span class='ocrx_word' id='word_1_219' title='bbox 411 1851 480 1924; x_wconf 83' lang='grc' dir='ltr'>ἦν</span> <span class='ocrx_word' id='word_1_220' title='bbox 503 1860 596 1910; x_wconf 80' lang='grc' dir='ltr'>καὶ</span> <span class='ocrx_word' id='word_1_221' title='bbox 631 1859 854 1928; x_wconf 87' lang='grc' dir='ltr'>γέγονεν</span> <span class='ocrx_word' id='word_1_222' title='bbox 892 1862 920 1914; x_wconf 85' lang='grc' dir='ltr'>ὀ</span> <span class='ocrx_word' id='word_1_223' title='bbox 969 1863 1162 1931; x_wconf 83' lang='grc' dir='ltr'><strong>Λόγος,</strong></span> <span class='ocrx_word' id='word_1_224' title='bbox 1204 1864 1320 1918; x_wconf 76' lang='grc' dir='ltr'>ἐστι</span> <span class='ocrx_word' id='word_1_225' title='bbox 1361 1868 1542 1938; x_wconf 86' lang='grc' dir='ltr'>μήτηρ</span> <span class='ocrx_word' id='word_1_226' title='bbox 1569 1869 1602 1937; x_wconf 88' lang='grc' dir='ltr'><strong>ή</strong></span> <span class='ocrx_word' id='word_1_227' title='bbox 1655 1869 1934 1942; x_wconf 86' lang='grc' dir='ltr'>Παρθένος</span> <span class='ocrx_word' id='word_1_228' title='bbox 1963 1889 1975 1902; x_wconf 91' lang='grc'>·</span> 
     </span>
    </p>
   </div>
   <div class='ocr_carea' id='block_1_35' title="bbox 413 1949 1979 2032">
    <p class='ocr_par' dir='ltr' id='par_1_35' title="bbox 413 1949 1979 2032">
     <span class='ocr_line' id='line_1_36' title="bbox 413 1949 1979 2032; baseline 0.011 -33"><span class='ocrx_word' id='word_1_229' title='bbox 413 1949 507 2000; x_wconf 75' lang='grc' dir='ltr'>καὶ</span> <span class='ocrx_word' id='word_1_230' title='bbox 538 1950 654 2018; x_wconf 77' lang='grc' dir='ltr'><strong>ἅμα</strong></span> <span class='ocrx_word' id='word_1_231' title='bbox 688 1951 807 2021; x_wconf 83' lang='grc' dir='ltr'>μὲν,</span> <span class='ocrx_word' id='word_1_232' title='bbox 844 1951 959 2005; x_wconf 85' lang='grc' dir='ltr'>ἀλλ’</span> <span class='ocrx_word' id='word_1_233' title='bbox 989 1955 1087 2024; x_wconf 88' lang='grc' dir='ltr'>οὑχ</span> <span class='ocrx_word' id='word_1_234' title='bbox 1119 1955 1317 2025; x_wconf 83' lang='grc' dir='ltr'>ὁμοίως</span> <span class='ocrx_word' id='word_1_235' title='bbox 1337 1975 1352 1990; x_wconf 88' lang='grc'>·</span> <span class='ocrx_word' id='word_1_236' title='bbox 1386 1957 1478 2011; x_wconf 89' lang='grc' dir='ltr'><strong>τοῦ</strong></span> <span class='ocrx_word' id='word_1_237' title='bbox 1505 1959 1604 2029; x_wconf 82' lang='grc' dir='ltr'>μὲν</span> <span class='ocrx_word' id='word_1_238' title='bbox 1635 1961 1743 2032; x_wconf 86' lang='grc' dir='ltr'>γὰρ</span> <span class='ocrx_word' id='word_1_239' title='bbox 1781 1961 1979 2030; x_wconf 83' lang='grc' dir='ltr'><strong>Λόγου,</strong></span> 
     </span>
    </p>
   </div>
   <div class='ocr_carea' id='block_1_36' title="bbox 409 2037 1982 2126">
    <p class='ocr_par' dir='ltr' id='par_1_36' title="bbox 409 2037 1982 2126">
     <span class='ocr_line' id='line_1_37' title="bbox 409 2037 1982 2126; baseline 0.015 -39"><span class='ocrx_word' id='word_1_240' title='bbox 409 2037 484 2100; x_wconf 81' lang='grc' dir='ltr'>ὡς</span> <span class='ocrx_word' id='word_1_241' title='bbox 507 2039 566 2103; x_wconf 73' lang='grc' dir='ltr'><strong>ἐξ</strong></span> <span class='ocrx_word' id='word_1_242' title='bbox 596 2039 768 2110; x_wconf 83' lang='grc' dir='ltr'>αὐτῆς</span> <span class='ocrx_word' id='word_1_243' title='bbox 788 2043 984 2111; x_wconf 79' lang='grc' dir='ltr'>ὲναρξα</span> <span class='ocrx_word' id='word_1_244' title='bbox 993 2045 1154 2114; x_wconf 87' lang='grc' dir='ltr'>μένου</span> <span class='ocrx_word' id='word_1_245' title='bbox 1175 2048 1505 2118; x_wconf 86' lang='grc' dir='ltr'>σαρκώσεως</span> <span class='ocrx_word' id='word_1_246' title='bbox 1523 2067 1538 2080; x_wconf 86' lang='grc'><strong>·</strong></span> <span class='ocrx_word' id='word_1_247' title='bbox 1573 2051 1672 2122; x_wconf 79' lang='grc' dir='ltr'>τῆς</span> <span class='ocrx_word' id='word_1_248' title='bbox 1685 2052 1741 2107; x_wconf 85' lang='grc' dir='ltr'>δὲ</span> <span class='ocrx_word' id='word_1_249' title='bbox 1757 2053 1982 2126; x_wconf 84' lang='grc' dir='ltr'>σαρκὸς,</span> 
     </span>
    </p>
   </div>
   <div class='ocr_carea' id='block_1_37' title="bbox 409 2129 1527 2212">
    <p class='ocr_par' dir='ltr' id='par_1_37' title="bbox 409 2129 1527 2212">
     <span class='ocr_line' id='line_1_38' title="bbox 409 2129 1527 2212; baseline 0.016 -32"><span class='ocrx_word' id='word_1_250' title='bbox 409 2129 490 2193; x_wconf 85' lang='grc' dir='ltr'><strong>ὡς</strong></span> <span class='ocrx_word' id='word_1_251' title='bbox 520 2130 579 2198; x_wconf 78' lang='grc' dir='ltr'>ἐξ</span> <span class='ocrx_word' id='word_1_252' title='bbox 607 2132 777 2202; x_wconf 83' lang='grc' dir='ltr'>αὑτῆς</span> <span class='ocrx_word' id='word_1_253' title='bbox 809 2135 1184 2209; x_wconf 83' lang='grc' dir='ltr'>ὲναρξαμένης</span> <span class='ocrx_word' id='word_1_254' title='bbox 1217 2141 1527 2212; x_wconf 82' lang='grc' dir='ltr'>ὑπάρξεως.</span> 
     </span>
    </p>
   </div>
   <div class='ocr_carea' id='block_1_38' title="bbox 990 2252 1399 2309">
    <p class='ocr_par' dir='ltr' id='par_1_38' title="bbox 990 2252 1399 2309">
     <span class='ocr_line' id='line_1_39' title="bbox 990 2252 1399 2309; baseline 0.015 -6"><span class='ocrx_word' id='word_1_255' title='bbox 990 2252 1244 2307; x_wconf 81' lang='grc' dir='ltr'><strong>ΚΕΦΛΛ.</strong></span> <span class='ocrx_word' id='word_1_256' title='bbox 1275 2254 1399 2309; x_wconf 85' lang='grc' dir='ltr'>ΛΘ’.</span> 
     </span>
    </p>
   </div>
   <div class='ocr_carea' id='block_1_39' title="bbox 482 2331 1981 2421">
    <p class='ocr_par' dir='ltr' id='par_1_39' title="bbox 482 2331 1981 2421">
     <span class='ocr_line' id='line_1_40' title="bbox 482 2331 1981 2421; baseline 0.015 -38"><span class='ocrx_word' id='word_1_257' title='bbox 482 2331 640 2386; x_wconf 79' lang='grc' dir='ltr'>Κατὰ</span> <span class='ocrx_word' id='word_1_258' title='bbox 670 2335 769 2405; x_wconf 78' lang='grc' dir='ltr'><strong>μὲν</strong></span> <span class='ocrx_word' id='word_1_259' title='bbox 791 2336 882 2391; x_wconf 88' lang='grc' dir='ltr'><strong>τὸν</strong></span> <span class='ocrx_word' id='word_1_260' title='bbox 929 2341 1240 2412; x_wconf 76' lang='grc' dir='ltr'><strong>προφήτην,</strong></span> <span class='ocrx_word' id='word_1_261' title='bbox 1287 2343 1348 2396; x_wconf 89' lang='grc' dir='ltr'><strong>τὸ</strong></span> <span class='ocrx_word' id='word_1_262' title='bbox 1410 2346 1759 2420; x_wconf 78' lang='grc' dir='ltr'>Ἐμμανουήλ</span> <span class='ocrx_word' id='word_1_263' title='bbox 1788 2349 1981 2421; x_wconf 78' lang='grc' dir='ltr'>ὄνομα,</span> 
     </span>
    </p>
   </div>
   <div class='ocr_carea' id='block_1_40' title="bbox 416 2428 1987 2514">
    <p class='ocr_par' dir='ltr' id='par_1_40' title="bbox 416 2428 1987 2514">
     <span class='ocr_line' id='line_1_41' title="bbox 416 2428 1987 2514; baseline 0.011 -37"><span class='ocrx_word' id='word_1_264' title='bbox 416 2428 641 2496; x_wconf 82' lang='grc' dir='ltr'>σημείου</span> <span class='ocrx_word' id='word_1_265' title='bbox 681 2429 829 2483; x_wconf 75' lang='grc' dir='ltr'>ἐστὶν</span> <span class='ocrx_word' id='word_1_266' title='bbox 860 2430 1032 2502; x_wconf 80' lang='grc' dir='ltr'>ὄνομα</span> <span class='ocrx_word' id='word_1_267' title='bbox 1068 2433 1164 2486; x_wconf 83' lang='grc' dir='ltr'><strong>τοῦ</strong></span> <span class='ocrx_word' id='word_1_268' title='bbox 1192 2436 1256 2488; x_wconf 82' lang='grc' dir='ltr'>ὲκ</span> <span class='ocrx_word' id='word_1_269' title='bbox 1287 2439 1386 2507; x_wconf 85' lang='grc' dir='ltr'>τῆς</span> <span class='ocrx_word' id='word_1_270' title='bbox 1426 2439 1704 2508; x_wconf 83' lang='grc' dir='ltr'>Παρθένου</span> <span class='ocrx_word' id='word_1_271' title='bbox 1743 2442 1821 2510; x_wconf 84' lang='grc' dir='ltr'>τῷ</span> <span class='ocrx_word' id='word_1_272' title='bbox 1852 2445 1987 2514; x_wconf 79' lang='grc' dir='ltr'>οἴκῳ</span> 
     </span>
    </p>
   </div>
   <div class='ocr_carea' id='block_1_41' title="bbox 413 2519 1982 2599">
    <p class='ocr_par' dir='ltr' id='par_1_41' title="bbox 413 2519 1982 2599">
     <span class='ocr_line' id='line_1_42' title="bbox 413 2519 1982 2599; baseline 0.012 -29"><span class='ocrx_word' id='word_1_273' title='bbox 413 2519 575 2574; x_wconf 79' lang='grc' dir='ltr'>Δαϐὶδ</span> <span class='ocrx_word' id='word_1_274' title='bbox 595 2523 916 2592; x_wconf 86' lang='grc' dir='ltr'>τικτομένου</span> <span class='ocrx_word' id='word_1_275' title='bbox 937 2543 996 2578; x_wconf 91' lang='grc' dir='ltr'><strong>τε</strong></span> <span class='ocrx_word' id='word_1_276' title='bbox 1023 2527 1118 2580; x_wconf 73' lang='grc' dir='ltr'>καὶ</span> <span class='ocrx_word' id='word_1_277' title='bbox 1140 2527 1418 2599; x_wconf 81' lang='grc' dir='ltr'>διδομένου</span> <span class='ocrx_word' id='word_1_278' title='bbox 1455 2548 1468 2561; x_wconf 89' lang='grc'><strong>·</strong></span> <span class='ocrx_word' id='word_1_279' title='bbox 1511 2535 1653 2587; x_wconf 74' lang='grc' dir='ltr'>κατὰ</span> <span class='ocrx_word' id='word_1_280' title='bbox 1681 2535 1738 2587; x_wconf 89' lang='grc' dir='ltr'>δὲ</span> <span class='ocrx_word' id='word_1_281' title='bbox 1768 2536 1860 2588; x_wconf 85' lang='grc' dir='ltr'><strong>τὸν</strong></span> <span class='ocrx_word' id='word_1_282' title='bbox 1888 2537 1982 2588; x_wconf 81' lang='lat' dir='ltr'><strong>Ai-</strong></span> 
     </span>
    </p>
   </div>
   <div class='ocr_carea' id='block_1_42' title="bbox 327 2608 1988 2694">
    <p class='ocr_par' dir='ltr' id='par_1_42' title="bbox 327 2608 1988 2694">
     <span class='ocr_line' id='line_1_43' title="bbox 327 2608 1988 2694; baseline 0.014 -35"><span class='ocrx_word' id='word_1_283' title='bbox 327 2682 339 2694; x_wconf 37' lang='lat'><em>.</em></span> <span class='ocrx_word' id='word_1_284' title='bbox 414 2608 662 2676; x_wconf 83' lang='grc' dir='ltr'>γύπτιον,</span> <span class='ocrx_word' id='word_1_285' title='bbox 690 2612 785 2666; x_wconf 86' lang='grc' dir='ltr'><strong>τοῦ</strong></span> <span class='ocrx_word' id='word_1_286' title='bbox 807 2613 1036 2685; x_wconf 88' lang='grc' dir='ltr'>δοτῆρος</span> <span class='ocrx_word' id='word_1_287' title='bbox 1051 2617 1146 2671; x_wconf 89' lang='grc' dir='ltr'><strong>τοῦ</strong></span> <span class='ocrx_word' id='word_1_288' title='bbox 1179 2622 1406 2690; x_wconf 85' lang='grc' dir='ltr'>σημείου</span> <span class='ocrx_word' id='word_1_289' title='bbox 1439 2622 1573 2676; x_wconf 82' lang='grc' dir='ltr'>Θεοῦ</span> <span class='ocrx_word' id='word_1_290' title='bbox 1605 2628 1720 2680; x_wconf 76' lang='grc' dir='ltr'>ἐστι</span> <span class='ocrx_word' id='word_1_291' title='bbox 1768 2628 1831 2681; x_wconf 86' lang='grc' dir='ltr'><strong>τὸ</strong></span> <span class='ocrx_word' id='word_1_292' title='bbox 1868 2629 1988 2683; x_wconf 79' lang='grc' dir='ltr'>ὅνο-</span> 
     </span>
    </p>
   </div>
   <div class='ocr_carea' id='block_1_43' title="bbox 417 2700 1989 2790">
    <p class='ocr_par' dir='ltr' id='par_1_43' title="bbox 417 2700 1989 2790">
     <span class='ocr_line' id='line_1_44' title="bbox 417 2700 1989 2790; baseline 0.015 -39"><span class='ocrx_word' id='word_1_293' title='bbox 417 2717 494 2769; x_wconf 88' lang='grc' dir='ltr'><strong>μα</strong></span> <span class='ocrx_word' id='word_1_294' title='bbox 522 2700 582 2753; x_wconf 86' lang='grc' dir='ltr'><strong>τὸ</strong></span> <span class='ocrx_word' id='word_1_295' title='bbox 611 2701 980 2777; x_wconf 81' lang='grc' dir='ltr'>Ἐμμανουήλ.</span> <span class='ocrx_word' id='word_1_296' title='bbox 1025 2708 1164 2762; x_wconf 86' lang='grc' dir='ltr'>Ἀλλ’</span> <span class='ocrx_word' id='word_1_297' title='bbox 1183 2710 1242 2763; x_wconf 88' lang='grc' dir='ltr'><strong>οὺ</strong></span> <span class='ocrx_word' id='word_1_298' title='bbox 1271 2715 1493 2782; x_wconf 86' lang='grc' dir='ltr'>σημεῖόν</span> <span class='ocrx_word' id='word_1_299' title='bbox 1525 2716 1675 2770; x_wconf 79' lang='grc' dir='ltr'>ἐστιν</span> <span class='ocrx_word' id='word_1_300' title='bbox 1704 2719 1734 2770; x_wconf 88' lang='grc' dir='ltr'>ὀ</span> <span class='ocrx_word' id='word_1_301' title='bbox 1771 2719 1989 2790; x_wconf 90' lang='grc' dir='ltr'>Ἐμμα-</span> 
     </span>
    </p>
   </div>
   <div class='ocr_carea' id='block_1_44' title="bbox 416 2794 1988 2884">
    <p class='ocr_par' dir='ltr' id='par_1_44' title="bbox 416 2794 1988 2884">
     <span class='ocr_line' id='line_1_45' title="bbox 416 2794 1988 2884; baseline 0.016 -40"><span class='ocrx_word' id='word_1_302' title='bbox 416 2794 578 2864; x_wconf 89' lang='grc' dir='ltr'>νουήλ</span> <span class='ocrx_word' id='word_1_303' title='bbox 603 2810 616 2822; x_wconf 90' lang='grc'><strong>·</strong></span> <span class='ocrx_word' id='word_1_304' title='bbox 641 2796 816 2866; x_wconf 75' lang='grc' dir='ltr'>ὄνομα</span> <span class='ocrx_word' id='word_1_305' title='bbox 836 2798 946 2870; x_wconf 90' lang='grc' dir='ltr'>γάρ</span> <span class='ocrx_word' id='word_1_306' title='bbox 973 2800 1092 2854; x_wconf 78' lang='grc' dir='ltr'>ἐστι</span> <span class='ocrx_word' id='word_1_307' title='bbox 1124 2802 1476 2871; x_wconf 80' lang='grc' dir='ltr'>ὑποστάσεώς</span> <span class='ocrx_word' id='word_1_308' title='bbox 1519 2825 1665 2873; x_wconf 81' lang='grc' dir='ltr'>τινος</span> <span class='ocrx_word' id='word_1_309' title='bbox 1721 2829 1988 2884; x_wconf 75' lang='grc' dir='ltr'>σημαντι-</span> 
     </span>
    </p>
   </div>
   <div class='ocr_carea' id='block_1_45' title="bbox 416 2884 1986 2969">
    <p class='ocr_par' dir='ltr' id='par_1_45' title="bbox 416 2884 1986 2969">
     <span class='ocr_line' id='line_1_46' title="bbox 416 2884 1986 2969; baseline 0.013 -34"><span class='ocrx_word' id='word_1_310' title='bbox 416 2884 532 2949; x_wconf 88' lang='grc' dir='ltr'>κὸν,</span> <span class='ocrx_word' id='word_1_311' title='bbox 566 2886 690 2939; x_wconf 80' lang='grc' dir='ltr'>καθ’</span> <span class='ocrx_word' id='word_1_312' title='bbox 713 2888 780 2958; x_wconf 82' lang='grc' dir='ltr'>ἣν</span> <span class='ocrx_word' id='word_1_313' title='bbox 799 2889 921 2960; x_wconf 87' lang='grc' dir='ltr'>μεθ’</span> <span class='ocrx_word' id='word_1_314' title='bbox 951 2891 1108 2962; x_wconf 86' lang='grc' dir='ltr'>ήμῶν</span> <span class='ocrx_word' id='word_1_315' title='bbox 1123 2892 1232 2946; x_wconf 85' lang='grc' dir='ltr'><strong>τῶν</strong></span> <span class='ocrx_word' id='word_1_316' title='bbox 1257 2895 1559 2966; x_wconf 84' lang='grc' dir='ltr'>ἀνθρώπων</span> <span class='ocrx_word' id='word_1_317' title='bbox 1588 2899 1721 2964; x_wconf 90' lang='grc' dir='ltr'>Θεὸς</span> <span class='ocrx_word' id='word_1_318' title='bbox 1761 2904 1951 2969; x_wconf 86' lang='grc' dir='ltr'>γέγονε</span> <span class='ocrx_word' id='word_1_319' title='bbox 1971 2919 1986 2934; x_wconf 79' lang='grc' dir='ltr'><strong>ο</strong></span> 
     </span>
    </p>
   </div>
   <div class='ocr_carea' id='block_1_46' title="bbox 419 2974 1989 3064">
    <p class='ocr_par' dir='ltr' id='par_1_46' title="bbox 419 2974 1989 3064">
     <span class='ocr_line' id='line_1_47' title="bbox 419 2974 1989 3064; baseline 0.014 -38"><span class='ocrx_word' id='word_1_320' title='bbox 419 2974 534 3038; x_wconf 83' lang='grc' dir='ltr'>πῶς</span> <span class='ocrx_word' id='word_1_321' title='bbox 561 2977 618 3030; x_wconf 87' lang='grc' dir='ltr'>δὲ</span> <span class='ocrx_word' id='word_1_322' title='bbox 654 2978 875 3048; x_wconf 90' lang='grc' dir='ltr'>γέγονεν</span> <span class='ocrx_word' id='word_1_323' title='bbox 907 2981 1028 3052; x_wconf 83' lang='grc' dir='ltr'>μεθ’</span> <span class='ocrx_word' id='word_1_324' title='bbox 1056 2983 1288 3056; x_wconf 82' lang='grc' dir='ltr'>ήμῶν,ἢ</span> <span class='ocrx_word' id='word_1_325' title='bbox 1341 2986 1497 3057; x_wconf 86' lang='grc' dir='ltr'>δῆλον</span> <span class='ocrx_word' id='word_1_326' title='bbox 1545 2989 1620 3054; x_wconf 86' lang='grc' dir='ltr'>ὡς</span> <span class='ocrx_word' id='word_1_327' title='bbox 1664 2993 1757 3044; x_wconf 80' lang='grc' dir='ltr'><strong>καὶ</strong></span> <span class='ocrx_word' id='word_1_328' title='bbox 1795 2994 1989 3064; x_wconf 84' lang='grc' dir='ltr'>πρώην</span> 
     </span>
    </p>
   </div>
   <div class='ocr_carea' id='block_1_47' title="bbox 2084 1874 3659 1947">
    <p class='ocr_par' dir='ltr' id='par_1_47' title="bbox 2084 1874 3659 1947">
     <span class='ocr_line' id='line_1_48' title="bbox 2084 1874 3659 1947; baseline 0.001 -17"><span class='ocrx_word' id='word_1_329' title='bbox 2084 1874 2192 1930; x_wconf 89' lang='lat' dir='ltr'><strong>Sed</strong></span> <span class='ocrx_word' id='word_1_330' title='bbox 2233 1883 2290 1928; x_wconf 90' lang='lat' dir='ltr'><strong>et</strong></span> <span class='ocrx_word' id='word_1_331' title='bbox 2338 1875 2457 1944; x_wconf 89' lang='lat' dir='ltr'><strong>ejus</strong></span> <span class='ocrx_word' id='word_1_332' title='bbox 2498 1883 2618 1929; x_wconf 88' lang='lat' dir='ltr'><strong>erat</strong></span> <span class='ocrx_word' id='word_1_333' title='bbox 2664 1875 2906 1930; x_wconf 89' lang='lat' dir='ltr'><strong>Verbum</strong></span> <span class='ocrx_word' id='word_1_334' title='bbox 2954 1883 3010 1930; x_wconf 90' lang='lat' dir='ltr'><strong>et</strong></span> <span class='ocrx_word' id='word_1_335' title='bbox 3060 1877 3216 1947; x_wconf 89' lang='lat' dir='ltr'><strong>cujus</strong></span> <span class='ocrx_word' id='word_1_336' title='bbox 3258 1884 3508 1932; x_wconf 89' lang='lat' dir='ltr'><strong>sanetum</strong></span> <span class='ocrx_word' id='word_1_337' title='bbox 3554 1886 3659 1941; x_wconf 87' lang='lat' dir='ltr'><strong>est,</strong></span> 
     </span>
    </p>
   </div>
   <div class='ocr_carea' id='block_1_48' title="bbox 2082 1964 3662 2036">
    <p class='ocr_par' dir='ltr' id='par_1_48' title="bbox 2082 1964 3662 2036">
     <span class='ocr_line' id='line_1_49' title="bbox 2082 1964 3662 2036; baseline -0.001 -16"><span class='ocrx_word' id='word_1_338' title='bbox 2082 1965 2201 2035; x_wconf 88' lang='lat' dir='ltr'><strong>ejus</strong></span> <span class='ocrx_word' id='word_1_339' title='bbox 2233 1974 2315 2019; x_wconf 91' lang='lat' dir='ltr'><strong>est</strong></span> <span class='ocrx_word' id='word_1_340' title='bbox 2349 1965 2520 2018; x_wconf 84' lang='lat' dir='ltr'><strong>Mater</strong></span> <span class='ocrx_word' id='word_1_341' title='bbox 2547 1964 2742 2035; x_wconf 88' lang='lat' dir='ltr'><strong>Virgo,</strong></span> <span class='ocrx_word' id='word_1_342' title='bbox 2792 1974 2848 2019; x_wconf 85' lang='lat' dir='ltr'><strong>et</strong></span> <span class='ocrx_word' id='word_1_343' title='bbox 2893 1965 3056 2020; x_wconf 89' lang='lat' dir='ltr'><strong>simul</strong></span> <span class='ocrx_word' id='word_1_344' title='bbox 3109 1966 3330 2036; x_wconf 85' lang='lat' dir='ltr'><strong>quidem</strong></span> <span class='ocrx_word' id='word_1_345' title='bbox 3354 2008 3367 2032; x_wconf 94' lang='lat'><strong>,</strong></span> <span class='ocrx_word' id='word_1_346' title='bbox 3423 1967 3516 2021; x_wconf 89' lang='lat' dir='ltr'><strong>sed</strong></span> <span class='ocrx_word' id='word_1_347' title='bbox 3553 1983 3662 2020; x_wconf 90' lang='lat' dir='ltr'><strong>non</strong></span> 
     </span>
    </p>
   </div>
   <div class='ocr_carea' id='block_1_49' title="bbox 2085 2054 3661 2124">
    <p class='ocr_par' dir='ltr' id='par_1_49' title="bbox 2085 2054 3661 2124">
     <span class='ocr_line' id='line_1_50' title="bbox 2085 2054 3661 2124; baseline 0.001 -15"><span class='ocrx_word' id='word_1_348' title='bbox 2085 2054 2250 2109; x_wconf 86' lang='lat' dir='ltr'><strong>simili</strong></span> <span class='ocrx_word' id='word_1_349' title='bbox 2276 2055 2460 2119; x_wconf 89' lang='lat' dir='ltr'><strong>modo,</strong></span> <span class='ocrx_word' id='word_1_350' title='bbox 2496 2055 2660 2109; x_wconf 91' lang='lat' dir='ltr'><strong>Verbi</strong></span> <span class='ocrx_word' id='word_1_351' title='bbox 2712 2055 2954 2124; x_wconf 87' lang='lat' dir='ltr'><strong>quidem,</strong></span> <span class='ocrx_word' id='word_1_352' title='bbox 3008 2065 3068 2109; x_wconf 90' lang='lat' dir='ltr'><strong>ut</strong></span> <span class='ocrx_word' id='word_1_353' title='bbox 3115 2071 3180 2111; x_wconf 81' lang='lat' dir='ltr'><strong>ex</strong></span> <span class='ocrx_word' id='word_1_354' title='bbox 3233 2057 3324 2110; x_wconf 89' lang='lat' dir='ltr'><strong>illa</strong></span> <span class='ocrx_word' id='word_1_355' title='bbox 3370 2058 3661 2122; x_wconf 87' lang='lat' dir='ltr'><strong>incarnati,</strong></span> 
     </span>
    </p>
   </div>
   <div class='ocr_carea' id='block_1_50' title="bbox 2084 2143 3498 2215">
    <p class='ocr_par' dir='ltr' id='par_1_50' title="bbox 2084 2143 3498 2215">
     <span class='ocr_line' id='line_1_51' title="bbox 2084 2143 3498 2215; baseline 0.001 -17"><span class='ocrx_word' id='word_1_356' title='bbox 2084 2143 2267 2198; x_wconf 91' lang='lat' dir='ltr'><strong>carnis</strong></span> <span class='ocrx_word' id='word_1_357' title='bbox 2289 2159 2421 2198; x_wconf 86' lang='lat' dir='ltr'><strong>vero</strong></span> <span class='ocrx_word' id='word_1_358' title='bbox 2454 2155 2514 2199; x_wconf 91' lang='lat' dir='ltr'><strong>ut</strong></span> <span class='ocrx_word' id='word_1_359' title='bbox 2541 2160 2609 2199; x_wconf 83' lang='lat' dir='ltr'><strong>ex</strong></span> <span class='ocrx_word' id='word_1_360' title='bbox 2639 2143 2732 2198; x_wconf 88' lang='lat' dir='ltr'><strong>illa</strong></span> <span class='ocrx_word' id='word_1_361' title='bbox 2760 2145 3124 2199; x_wconf 88' lang='lat' dir='ltr'><strong>substantiam</strong></span> <span class='ocrx_word' id='word_1_362' title='bbox 3156 2146 3498 2215; x_wconf 86' lang='lat' dir='ltr'><strong>accipientis.</strong></span> 
     </span>
    </p>
   </div>
   <div class='ocr_carea' id='block_1_51' title="bbox 2644 2255 3099 2312">
    <p class='ocr_par' dir='ltr' id='par_1_51' title="bbox 2644 2255 3099 2312">
     <span class='ocr_line' id='line_1_52' title="bbox 2644 2255 3099 2312; baseline 0 -1"><span class='ocrx_word' id='word_1_363' title='bbox 2644 2255 2795 2312; x_wconf 84' lang='lat' dir='ltr'><strong>CAP.</strong></span> <span class='ocrx_word' id='word_1_364' title='bbox 2855 2256 3099 2311; x_wconf 78' lang='lat' dir='ltr'><strong>XXXIX.</strong></span> 
     </span>
    </p>
   </div>
   <div class='ocr_carea' id='block_1_52' title="bbox 2157 2346 3666 2417">
    <p class='ocr_par' dir='ltr' id='par_1_52' title="bbox 2157 2346 3666 2417">
     <span class='ocr_line' id='line_1_53' title="bbox 2157 2346 3666 2417; baseline 0.001 -14"><span class='ocrx_word' id='word_1_365' title='bbox 2157 2346 2471 2403; x_wconf 88' lang='lat' dir='ltr'><strong>Secundum</strong></span> <span class='ocrx_word' id='word_1_366' title='bbox 2522 2349 2878 2417; x_wconf 86' lang='lat' dir='ltr'><strong>prophetam,</strong></span> <span class='ocrx_word' id='word_1_367' title='bbox 2929 2365 3130 2403; x_wconf 88' lang='lat' dir='ltr'><strong>nomen</strong></span> <span class='ocrx_word' id='word_1_368' title='bbox 3177 2350 3534 2414; x_wconf 84' lang='lat' dir='ltr'><strong>Emmanuel,</strong></span> <span class='ocrx_word' id='word_1_369' title='bbox 3581 2361 3666 2405; x_wconf 86' lang='lat' dir='ltr'><strong>est</strong></span> 
     </span>
    </p>
   </div>
   <div class='ocr_carea' id='block_1_53' title="bbox 2084 2440 3663 2511">
    <p class='ocr_par' dir='ltr' id='par_1_53' title="bbox 2084 2440 3663 2511">
     <span class='ocr_line' id='line_1_54' title="bbox 2084 2440 3663 2511; baseline 0.002 -18"><span class='ocrx_word' id='word_1_370' title='bbox 2084 2455 2288 2494; x_wconf 85' lang='lat' dir='ltr'><strong>nomen</strong></span> <span class='ocrx_word' id='word_1_371' title='bbox 2315 2441 2455 2511; x_wconf 90' lang='lat' dir='ltr'><strong>signi</strong></span> <span class='ocrx_word' id='word_1_372' title='bbox 2487 2456 2555 2494; x_wconf 84' lang='lat' dir='ltr'><strong>ex</strong></span> <span class='ocrx_word' id='word_1_373' title='bbox 2589 2440 2813 2510; x_wconf 80' lang='lat' dir='ltr'><strong>Virgine</strong></span> <span class='ocrx_word' id='word_1_374' title='bbox 2847 2441 2979 2494; x_wconf 90' lang='lat' dir='ltr'><strong>editi</strong></span> <span class='ocrx_word' id='word_1_375' title='bbox 3010 2453 3066 2495; x_wconf 86' lang='lat' dir='ltr'><strong>et</strong></span> <span class='ocrx_word' id='word_1_376' title='bbox 3094 2441 3280 2494; x_wconf 87' lang='lat' dir='ltr'><strong>domui</strong></span> <span class='ocrx_word' id='word_1_377' title='bbox 3316 2443 3484 2497; x_wconf 81' lang='lat' dir='ltr'><strong>David</strong></span> <span class='ocrx_word' id='word_1_378' title='bbox 3528 2443 3663 2507; x_wconf 88' lang='lat' dir='ltr'><strong>dati,</strong></span> 
     </span>
    </p>
   </div>
   <div class='ocr_carea' id='block_1_54' title="bbox 2086 2531 3668 2601">
    <p class='ocr_par' dir='ltr' id='par_1_54' title="bbox 2086 2531 3668 2601">
     <span class='ocr_line' id='line_1_55' title="bbox 2086 2531 3668 2601; baseline 0.002 -16"><span class='ocrx_word' id='word_1_379' title='bbox 2086 2531 2390 2586; x_wconf 91' lang='lat' dir='ltr'><strong>secundum</strong></span> <span class='ocrx_word' id='word_1_380' title='bbox 2437 2531 2728 2601; x_wconf 84' lang='lat' dir='ltr'><strong>Egyptium</strong></span> <span class='ocrx_word' id='word_1_381' title='bbox 2781 2547 2914 2585; x_wconf 86' lang='lat' dir='ltr'><strong>vero</strong></span> <span class='ocrx_word' id='word_1_382' title='bbox 2962 2533 3283 2587; x_wconf 81' lang='lat' dir='ltr'><strong>Emmanuel</strong></span> <span class='ocrx_word' id='word_1_383' title='bbox 3332 2549 3533 2588; x_wconf 88' lang='lat' dir='ltr'><strong>nomen</strong></span> <span class='ocrx_word' id='word_1_384' title='bbox 3583 2543 3668 2588; x_wconf 88' lang='lat' dir='ltr'><strong>est</strong></span> 
     </span>
    </p>
   </div>
   <div class='ocr_carea' id='block_1_55' title="bbox 2087 2621 3666 2694">
    <p class='ocr_par' dir='ltr' id='par_1_55' title="bbox 2087 2621 3666 2694">
     <span class='ocr_line' id='line_1_56' title="bbox 2087 2621 3666 2694; baseline 0.001 -16"><span class='ocrx_word' id='word_1_385' title='bbox 2087 2623 2184 2678; x_wconf 90' lang='lat' dir='ltr'><strong>Dei</strong></span> <span class='ocrx_word' id='word_1_386' title='bbox 2215 2623 2432 2693; x_wconf 85' lang='lat' dir='ltr'><strong>signum</strong></span> <span class='ocrx_word' id='word_1_387' title='bbox 2469 2622 2670 2676; x_wconf 89' lang='lat' dir='ltr'><strong>dantis.</strong></span> <span class='ocrx_word' id='word_1_388' title='bbox 2696 2621 2803 2676; x_wconf 87' lang='lat' dir='ltr'><strong>Sed</strong></span> <span class='ocrx_word' id='word_1_389' title='bbox 2837 2623 3162 2677; x_wconf 85' lang='lat' dir='ltr'><strong>Emmanuel</strong></span> <span class='ocrx_word' id='word_1_390' title='bbox 3184 2625 3401 2694; x_wconf 86' lang='lat' dir='ltr'><strong>signum</strong></span> <span class='ocrx_word' id='word_1_391' title='bbox 3429 2641 3537 2678; x_wconf 92' lang='lat' dir='ltr'><strong>non</strong></span> <span class='ocrx_word' id='word_1_392' title='bbox 3563 2635 3666 2690; x_wconf 89' lang='lat' dir='ltr'><strong>est,</strong></span> 
     </span>
    </p>
   </div>
   <div class='ocr_carea' id='block_1_56' title="bbox 2089 2710 3669 2786">
    <p class='ocr_par' dir='ltr' id='par_1_56' title="bbox 2089 2710 3669 2786">
     <span class='ocr_line' id='line_1_57' title="bbox 2089 2710 3669 2786; baseline 0.002 -20"><span class='ocrx_word' id='word_1_393' title='bbox 2089 2711 2361 2781; x_wconf 87' lang='lat' dir='ltr'><strong>siquidem</strong></span> <span class='ocrx_word' id='word_1_394' title='bbox 2393 2727 2589 2765; x_wconf 89' lang='lat' dir='ltr'><strong>nomen</strong></span> <span class='ocrx_word' id='word_1_395' title='bbox 2617 2718 2702 2765; x_wconf 89' lang='lat' dir='ltr'><strong>est</strong></span> <span class='ocrx_word' id='word_1_396' title='bbox 2727 2710 3040 2781; x_wconf 87' lang='lat' dir='ltr'><strong>signiﬁcans</strong></span> <span class='ocrx_word' id='word_1_397' title='bbox 3070 2714 3362 2782; x_wconf 83' lang='lat' dir='ltr'><strong>quamdam</strong></span> <span class='ocrx_word' id='word_1_398' title='bbox 3409 2715 3669 2786; x_wconf 86' lang='lat' dir='ltr'><strong>hyposta-</strong></span> 
     </span>
    </p>
   </div>
   <div class='ocr_carea' id='block_1_57' title="bbox 2089 2800 3670 2870">
    <p class='ocr_par' dir='ltr' id='par_1_57' title="bbox 2089 2800 3670 2870">
     <span class='ocr_line' id='line_1_58' title="bbox 2089 2800 3670 2870; baseline 0.004 -16"><span class='ocrx_word' id='word_1_399' title='bbox 2089 2801 2198 2866; x_wconf 91' lang='lat' dir='ltr'><strong>sin,</strong></span> <span class='ocrx_word' id='word_1_400' title='bbox 2229 2800 2526 2856; x_wconf 89' lang='lat' dir='ltr'><strong>secundam</strong></span> <span class='ocrx_word' id='word_1_401' title='bbox 2558 2815 2722 2870; x_wconf 86' lang='lat' dir='ltr'><strong>quam</strong></span> <span class='ocrx_word' id='word_1_402' title='bbox 2746 2802 3034 2857; x_wconf 89' lang='lat' dir='ltr'><strong>nobiscum</strong></span> <span class='ocrx_word' id='word_1_403' title='bbox 3060 2803 3379 2858; x_wconf 90' lang='lat' dir='ltr'><strong>hominibus</strong></span> <span class='ocrx_word' id='word_1_404' title='bbox 3411 2804 3552 2860; x_wconf 89' lang='lat' dir='ltr'><strong>Deus</strong></span> <span class='ocrx_word' id='word_1_405' title='bbox 3573 2807 3670 2860; x_wconf 88' lang='lat' dir='ltr'><strong>ad-</strong></span> 
     </span>
    </p>
   </div>
   <div class='ocr_carea' id='block_1_58' title="bbox 2087 2892 3670 2962">
    <p class='ocr_par' dir='ltr' id='par_1_58' title="bbox 2087 2892 3670 2962">
     <span class='ocr_line' id='line_1_59' title="bbox 2087 2892 3670 2962; baseline 0.004 -18"><span class='ocrx_word' id='word_1_406' title='bbox 2087 2892 2267 2958; x_wconf 81' lang='lat' dir='ltr'><strong>venit;</strong></span> <span class='ocrx_word' id='word_1_407' title='bbox 2320 2892 2599 2962; x_wconf 93' lang='lat' dir='ltr'><strong>quomodo</strong></span> <span class='ocrx_word' id='word_1_408' title='bbox 2651 2908 2786 2948; x_wconf 88' lang='lat' dir='ltr'><strong>vero</strong></span> <span class='ocrx_word' id='word_1_409' title='bbox 2844 2893 3070 2955; x_wconf 76' lang='lat' dir='ltr'><strong>advenit</strong></span> <span class='ocrx_word' id='word_1_410' title='bbox 3113 2896 3434 2961; x_wconf 90' lang='lat' dir='ltr'><strong>nobiscum,</strong></span> <span class='ocrx_word' id='word_1_411' title='bbox 3484 2911 3670 2951; x_wconf 90' lang='lat' dir='ltr'><strong>annon</strong></span> 
     </span>
    </p>
   </div>
   <div class='ocr_carea' id='block_1_59' title="bbox 2089 2981 3668 3051">
    <p class='ocr_par' dir='ltr' id='par_1_59' title="bbox 2089 2981 3668 3051">
     <span class='ocr_line' id='line_1_60' title="bbox 2089 2981 3668 3051; baseline 0.003 -15"><span class='ocrx_word' id='word_1_412' title='bbox 2089 2981 2318 3036; x_wconf 90' lang='lat' dir='ltr'><strong>evidens</strong></span> <span class='ocrx_word' id='word_1_413' title='bbox 2343 2984 2488 3051; x_wconf 85' lang='lat' dir='ltr'><strong>quod</strong></span> <span class='ocrx_word' id='word_1_414' title='bbox 2531 2992 2697 3038; x_wconf 87' lang='lat' dir='ltr'><strong>antea</strong></span> <span class='ocrx_word' id='word_1_415' title='bbox 2735 2982 2924 3037; x_wconf 88' lang='lat' dir='ltr'><strong>aberat</strong></span> <span class='ocrx_word' id='word_1_416' title='bbox 2953 2999 2984 3037; x_wconf 89' lang='lat' dir='ltr'><strong>a</strong></span> <span class='ocrx_word' id='word_1_417' title='bbox 3015 2983 3210 3038; x_wconf 88' lang='lat' dir='ltr'><strong>nobis?</strong></span> <span class='ocrx_word' id='word_1_418' title='bbox 3236 2985 3381 3039; x_wconf 90' lang='lat' dir='ltr'><strong>Deus</strong></span> <span class='ocrx_word' id='word_1_419' title='bbox 3417 2985 3608 3040; x_wconf 87' lang='lat' dir='ltr'><strong>aberat</strong></span> <span class='ocrx_word' id='word_1_420' title='bbox 3635 3001 3668 3040; x_wconf 86' lang='lat' dir='ltr'><strong>a</strong></span> 
     </span>
    </p>
   </div>
   <div class='ocr_carea' id='block_1_60' title="bbox 413 3064 1989 3155">
    <p class='ocr_par' dir='ltr' id='par_1_60' title="bbox 413 3064 1988 3155">
     <span class='ocr_line' id='line_1_61' title="bbox 413 3064 1988 3155; baseline 0.014 -39"><span class='ocrx_word' id='word_1_421' title='bbox 413 3064 713 3138; x_wconf 83' lang='grc' dir='ltr'>διειστήκει</span> <span class='ocrx_word' id='word_1_422' title='bbox 749 3071 934 3142; x_wconf 82' lang='grc' dir='ltr'>ήμῶν;</span> <span class='ocrx_word' id='word_1_423' title='bbox 957 3073 1210 3144; x_wconf 81' lang='grc' dir='ltr'>διέστηκε</span> <span class='ocrx_word' id='word_1_424' title='bbox 1235 3077 1292 3128; x_wconf 88' lang='grc' dir='ltr'><strong>δὲ</strong></span> <span class='ocrx_word' id='word_1_425' title='bbox 1323 3078 1478 3148; x_wconf 79' lang='grc' dir='ltr'>ἡμῶν</span> <span class='ocrx_word' id='word_1_426' title='bbox 1507 3080 1658 3147; x_wconf 83' lang='grc' dir='ltr'>Θεὸς,</span> <span class='ocrx_word' id='word_1_427' title='bbox 1697 3083 1796 3136; x_wconf 90' lang='grc' dir='ltr'><strong>οὑκ</strong></span> <span class='ocrx_word' id='word_1_428' title='bbox 1833 3086 1988 3155; x_wconf 77' lang='grc' dir='ltr'>ἐνερ-</span> 
     </span>
    </p>
   </div>
   <div class='ocr_carea' id='block_1_61' title="bbox 2092 3064 3668 3155">
    <p class='ocr_par' dir='ltr' id='par_1_61' title="bbox 2092 3072 3668 3145">
     <span class='ocr_line' id='line_1_62' title="bbox 2092 3072 3668 3145; baseline 0.003 -19"><span class='ocrx_word' id='word_1_429' title='bbox 2092 3072 2275 3138; x_wconf 88' lang='lat' dir='ltr'><strong>nobis,</strong></span> <span class='ocrx_word' id='word_1_430' title='bbox 2311 3089 2422 3127; x_wconf 91' lang='lat' dir='ltr'><strong>non</strong></span> <span class='ocrx_word' id='word_1_431' title='bbox 2448 3074 2674 3138; x_wconf 84' lang='lat' dir='ltr'><strong>virtute,</strong></span> <span class='ocrx_word' id='word_1_432' title='bbox 2699 3089 2809 3128; x_wconf 90' lang='lat' dir='ltr'><strong>non</strong></span> <span class='ocrx_word' id='word_1_433' title='bbox 2833 3074 3179 3142; x_wconf 88' lang='lat' dir='ltr'><strong>habitudine,</strong></span> <span class='ocrx_word' id='word_1_434' title='bbox 3206 3091 3487 3145; x_wconf 85' lang='lat' dir='ltr'><strong>nunquam</strong></span> <span class='ocrx_word' id='word_1_435' title='bbox 3513 3076 3668 3142; x_wconf 91' lang='lat' dir='ltr'><strong>loco;</strong></span> 
     </span>
    </p>
   </div>
   <div class='ocr_carea' id='block_1_62' title="bbox 415 3148 1989 3241">
    <p class='ocr_par' dir='ltr' id='par_1_62' title="bbox 415 3155 1989 3241">
     <span class='ocr_line' id='line_1_63' title="bbox 415 3155 1989 3241; baseline 0.015 -35"><span class='ocrx_word' id='word_1_436' title='bbox 415 3155 560 3224; x_wconf 83' lang='grc' dir='ltr'>γειᾳ,</span> <span class='ocrx_word' id='word_1_437' title='bbox 593 3156 654 3210; x_wconf 90' lang='grc' dir='ltr'><strong>οὑ</strong></span> <span class='ocrx_word' id='word_1_438' title='bbox 686 3161 888 3229; x_wconf 86' lang='grc' dir='ltr'>σχέσει,</span> <span class='ocrx_word' id='word_1_439' title='bbox 923 3166 983 3215; x_wconf 86' lang='grc' dir='ltr'><strong>οὑ</strong></span> <span class='ocrx_word' id='word_1_440' title='bbox 1008 3164 1158 3235; x_wconf 88' lang='grc' dir='ltr'>τόπῳ</span> <span class='ocrx_word' id='word_1_441' title='bbox 1189 3165 1410 3220; x_wconf 85' lang='grc' dir='ltr'>πώποτε</span> <span class='ocrx_word' id='word_1_442' title='bbox 1439 3183 1453 3199; x_wconf 88' lang='grc'><strong>·</strong></span> <span class='ocrx_word' id='word_1_443' title='bbox 1506 3170 1667 3235; x_wconf 86' lang='grc' dir='ltr'>φύσει</span> <span class='ocrx_word' id='word_1_444' title='bbox 1693 3173 1824 3241; x_wconf 79' lang='grc' dir='ltr'>ἄρα,</span> <span class='ocrx_word' id='word_1_445' title='bbox 1850 3173 1989 3227; x_wconf 83' lang='grc' dir='ltr'>ὥστε</span> 
     </span>
    </p>
   </div>
   <div class='ocr_carea' id='block_1_63' title="bbox 2092 3148 3672 3241">
    <p class='ocr_par' dir='ltr' id='par_1_63' title="bbox 2097 3164 3672 3234">
     <span class='ocr_line' id='line_1_64' title="bbox 2097 3164 3672 3234; baseline 0.003 -18"><span class='ocrx_word' id='word_1_446' title='bbox 2097 3171 2294 3217; x_wconf 88' lang='lat' dir='ltr'><strong>natura</strong></span> <span class='ocrx_word' id='word_1_447' title='bbox 2326 3179 2476 3230; x_wconf 86' lang='lat' dir='ltr'><strong>vero,</strong></span> <span class='ocrx_word' id='word_1_448' title='bbox 2515 3164 2788 3234; x_wconf 87' lang='lat' dir='ltr'><strong>siquidem</strong></span> <span class='ocrx_word' id='word_1_449' title='bbox 2833 3175 3032 3220; x_wconf 80' lang='lat' dir='ltr'><strong>nostrae</strong></span> <span class='ocrx_word' id='word_1_450' title='bbox 3079 3175 3292 3221; x_wconf 69' lang='lat' dir='ltr'><strong>natura:</strong></span> <span class='ocrx_word' id='word_1_451' title='bbox 3321 3183 3475 3222; x_wconf 88' lang='lat' dir='ltr'><strong>suam</strong></span> <span class='ocrx_word' id='word_1_452' title='bbox 3508 3178 3672 3222; x_wconf 86' lang='lat' dir='ltr'><strong>natu-</strong></span> 
     </span>
    </p>
   </div>
   <div class='ocr_carea' id='block_1_64' title="bbox 420 3249 1993 3333">
    <p class='ocr_par' dir='ltr' id='par_1_64' title="bbox 420 3249 1993 3333">
     <span class='ocr_line' id='line_1_65' title="bbox 420 3249 1993 3333; baseline 0.013 -34"><span class='ocrx_word' id='word_1_453' title='bbox 420 3249 512 3301; x_wconf 80' lang='grc' dir='ltr'><strong>καὶ</strong></span> <span class='ocrx_word' id='word_1_454' title='bbox 543 3249 702 3319; x_wconf 82' lang='grc' dir='ltr'>φύσει</span> <span class='ocrx_word' id='word_1_455' title='bbox 752 3256 818 3324; x_wconf 83' lang='grc' dir='ltr'>τῇ</span> <span class='ocrx_word' id='word_1_456' title='bbox 853 3256 1099 3327; x_wconf 78' lang='grc' dir='ltr'>ἡμετέρᾳ</span> <span class='ocrx_word' id='word_1_457' title='bbox 1132 3257 1227 3311; x_wconf 93' lang='grc' dir='ltr'><strong>νῦν</strong></span> <span class='ocrx_word' id='word_1_458' title='bbox 1258 3260 1464 3330; x_wconf 84' lang='grc' dir='ltr'>ἥνωται</span> <span class='ocrx_word' id='word_1_459' title='bbox 1511 3261 1610 3333; x_wconf 86' lang='grc' dir='ltr'>τὴν</span> <span class='ocrx_word' id='word_1_460' title='bbox 1657 3263 1839 3333; x_wconf 84' lang='grc' dir='ltr'>φύσιν,</span> <span class='ocrx_word' id='word_1_461' title='bbox 1899 3268 1993 3320; x_wconf 78' lang='grc' dir='ltr'><strong>καὶ</strong></span> 
     </span>
    </p>
   </div>
   <div class='ocr_carea' id='block_1_65' title="bbox 420 3337 1986 3427">
    <p class='ocr_par' dir='ltr' id='par_1_65' title="bbox 420 3337 1986 3427">
     <span class='ocr_line' id='line_1_66' title="bbox 420 3337 1986 3427; baseline 0.013 -37"><span class='ocrx_word' id='word_1_462' title='bbox 420 3337 567 3393; x_wconf 76' lang='grc' dir='ltr'>ἔστιν</span> <span class='ocrx_word' id='word_1_463' title='bbox 584 3342 752 3407; x_wconf 75' lang='grc' dir='ltr'>ὅντως</span> <span class='ocrx_word' id='word_1_464' title='bbox 772 3345 890 3414; x_wconf 87' lang='grc' dir='ltr'>μεθ’</span> <span class='ocrx_word' id='word_1_465' title='bbox 919 3346 1079 3417; x_wconf 84' lang='grc' dir='ltr'>ήμῶν</span> <span class='ocrx_word' id='word_1_466' title='bbox 1101 3365 1115 3379; x_wconf 88' lang='grc'><strong>·</strong></span> <span class='ocrx_word' id='word_1_467' title='bbox 1156 3353 1383 3420; x_wconf 88' lang='grc' dir='ltr'>σημεῖον</span> <span class='ocrx_word' id='word_1_468' title='bbox 1411 3352 1472 3405; x_wconf 79' lang='grc' dir='ltr'><strong>δὲ</strong></span> <span class='ocrx_word' id='word_1_469' title='bbox 1501 3355 1561 3406; x_wconf 92' lang='grc' dir='ltr'><strong>οὑ</strong></span> <span class='ocrx_word' id='word_1_470' title='bbox 1591 3354 1817 3424; x_wconf 85' lang='grc' dir='ltr'>γέγονεν</span> <span class='ocrx_word' id='word_1_471' title='bbox 1865 3357 1986 3427; x_wconf 86' lang='grc' dir='ltr'>μεθ’</span> 
     </span>
    </p>
   </div>
   <div class='ocr_carea' id='block_1_66' title="bbox 419 3431 1992 3517">
    <p class='ocr_par' dir='ltr' id='par_1_66' title="bbox 419 3431 1992 3517">
     <span class='ocr_line' id='line_1_67' title="bbox 419 3431 1992 3517; baseline 0.013 -34"><span class='ocrx_word' id='word_1_472' title='bbox 419 3431 575 3500; x_wconf 83' lang='grc' dir='ltr'>ήμῶν</span> <span class='ocrx_word' id='word_1_473' title='bbox 600 3449 613 3463; x_wconf 80' lang='grc'><strong>’</strong></span> <span class='ocrx_word' id='word_1_474' title='bbox 647 3434 761 3488; x_wconf 83' lang='grc' dir='ltr'>ἀλλ’</span> <span class='ocrx_word' id='word_1_475' title='bbox 795 3437 908 3506; x_wconf 78' lang='grc' dir='ltr'>εἴγε</span> <span class='ocrx_word' id='word_1_476' title='bbox 929 3440 1024 3492; x_wconf 76' lang='grc' dir='ltr'>καὶ</span> <span class='ocrx_word' id='word_1_477' title='bbox 1049 3440 1157 3512; x_wconf 81' lang='grc' dir='ltr'>ἄρα</span> <span class='ocrx_word' id='word_1_478' title='bbox 1173 3443 1230 3493; x_wconf 83' lang='grc' dir='ltr'>ὲν</span> <span class='ocrx_word' id='word_1_479' title='bbox 1255 3445 1389 3513; x_wconf 68' lang='grc' dir='ltr'>ἡμῖν</span> <span class='ocrx_word' id='word_1_480' title='bbox 1443 3462 1529 3510; x_wconf 90' lang='grc' dir='ltr'><strong>τις</strong></span> <span class='ocrx_word' id='word_1_481' title='bbox 1564 3447 1726 3512; x_wconf 85' lang='grc' dir='ltr'>εῐποι,</span> <span class='ocrx_word' id='word_1_482' title='bbox 1775 3450 1835 3503; x_wconf 88' lang='grc' dir='ltr'>ού</span> <span class='ocrx_word' id='word_1_483' title='bbox 1871 3450 1992 3517; x_wconf 81' lang='grc' dir='ltr'>μεθ’</span> 
     </span>
    </p>
   </div>
   <div class='ocr_carea' id='block_1_67' title="bbox 419 3522 1995 3611">
    <p class='ocr_par' dir='ltr' id='par_1_67' title="bbox 419 3522 1995 3611">
     <span class='ocr_line' id='line_1_68' title="bbox 419 3522 1995 3611; baseline 0.015 -38"><span class='ocrx_word' id='word_1_484' title='bbox 419 3523 450 3589; x_wconf 89' lang='grc' dir='ltr'><strong>ή</strong></span> <span class='ocrx_word' id='word_1_485' title='bbox 461 3522 578 3591; x_wconf 84' lang='grc' dir='ltr'>μῶν</span> <span class='ocrx_word' id='word_1_486' title='bbox 592 3524 654 3576; x_wconf 89' lang='grc' dir='ltr'><strong>τὸ</strong></span> <span class='ocrx_word' id='word_1_487' title='bbox 683 3530 908 3597; x_wconf 85' lang='grc' dir='ltr'>σημεῖον</span> <span class='ocrx_word' id='word_1_488' title='bbox 933 3545 946 3560; x_wconf 71' lang='grc'><strong><em>⁸</em></strong></span> <span class='ocrx_word' id='word_1_489' title='bbox 987 3531 1081 3584; x_wconf 87' lang='grc' dir='ltr'><strong>τοῦ</strong></span> <span class='ocrx_word' id='word_1_490' title='bbox 1110 3532 1167 3586; x_wconf 87' lang='grc' dir='ltr'>δὲ</span> <span class='ocrx_word' id='word_1_491' title='bbox 1199 3534 1514 3604; x_wconf 77' lang='grc' dir='ltr'>Ἑμμανοὺ,</span> <span class='ocrx_word' id='word_1_492' title='bbox 1548 3538 1608 3590; x_wconf 89' lang='grc' dir='ltr'><strong>τὸ</strong></span> <span class='ocrx_word' id='word_1_493' title='bbox 1634 3539 1763 3608; x_wconf 83' lang='grc' dir='ltr'>μεθ’</span> <span class='ocrx_word' id='word_1_494' title='bbox 1823 3541 1995 3611; x_wconf 72' lang='grc' dir='ltr'><strong>ἡμῶν</strong></span> 
     </span>
    </p>
   </div>
   <div class='ocr_carea' id='block_1_68' title="bbox 417 3611 1989 3703">
    <p class='ocr_par' dir='ltr' id='par_1_68' title="bbox 417 3611 1989 3703">
     <span class='ocr_line' id='line_1_69' title="bbox 417 3611 1989 3703; baseline 0.015 -40"><span class='ocrx_word' id='word_1_495' title='bbox 417 3611 858 3686; x_wconf 84' lang='grc' dir='ltr'>ὡμολογημένως</span> <span class='ocrx_word' id='word_1_496' title='bbox 887 3621 1246 3692; x_wconf 82' lang='grc' dir='ltr'>σημαίνοντος</span> <span class='ocrx_word' id='word_1_497' title='bbox 1281 3627 1422 3680; x_wconf 80' lang='grc' dir='ltr'>κατὰ</span> <span class='ocrx_word' id='word_1_498' title='bbox 1458 3626 1765 3698; x_wconf 85' lang='grc' dir='ltr'>Ἐϐραίους,</span> <span class='ocrx_word' id='word_1_499' title='bbox 1813 3631 1873 3685; x_wconf 85' lang='grc' dir='ltr'><strong>τὸ</strong></span> <span class='ocrx_word' id='word_1_500' title='bbox 1901 3633 1989 3703; x_wconf 83' lang='grc' dir='ltr'>ἢλ,</span> 
     </span>
    </p>
   </div>
   <div class='ocr_carea' id='block_1_69' title="bbox 423 3703 1994 3788">
    <p class='ocr_par' dir='ltr' id='par_1_69' title="bbox 423 3703 1994 3788">
     <span class='ocr_line' id='line_1_70' title="bbox 423 3703 1994 3788; baseline 0.015 -32"><span class='ocrx_word' id='word_1_501' title='bbox 423 3703 524 3757; x_wconf 83' lang='grc' dir='ltr'><strong>ποῦ</strong></span> <span class='ocrx_word' id='word_1_502' title='bbox 557 3723 686 3760; x_wconf 87' lang='grc' dir='ltr'>ποτε</span> <span class='ocrx_word' id='word_1_503' title='bbox 717 3709 962 3780; x_wconf 85' lang='grc' dir='ltr'>ἁκήκοαν</span> <span class='ocrx_word' id='word_1_504' title='bbox 1019 3717 1246 3784; x_wconf 87' lang='grc' dir='ltr'>σημεῖον</span> <span class='ocrx_word' id='word_1_505' title='bbox 1306 3718 1619 3788; x_wconf 82' lang='grc' dir='ltr'>σημαίνειν,</span> <span class='ocrx_word' id='word_1_506' title='bbox 1667 3722 1762 3776; x_wconf 74' lang='grc' dir='ltr'><strong>καὶ</strong></span> <span class='ocrx_word' id='word_1_507' title='bbox 1809 3723 1870 3777; x_wconf 86' lang='grc' dir='ltr'><strong>οὑ</strong></span> <span class='ocrx_word' id='word_1_508' title='bbox 1901 3725 1994 3779; x_wconf 88' lang='grc' dir='ltr'><strong>τὸν</strong></span> 
     </span>
    </p>
   </div>
   <div class='ocr_carea' id='block_1_70' title="bbox 420 3793 1003 3867">
    <p class='ocr_par' dir='ltr' id='par_1_70' title="bbox 420 3793 1003 3867">
     <span class='ocr_line' id='line_1_71' title="bbox 420 3793 1003 3867; baseline 0.015 -22"><span class='ocrx_word' id='word_1_509' title='bbox 420 3793 552 3848; x_wconf 82' lang='grc' dir='ltr'>Θεὸν</span> <span class='ocrx_word' id='word_1_510' title='bbox 583 3797 770 3865; x_wconf 81' lang='grc' dir='ltr'>σαφῶς</span> <span class='ocrx_word' id='word_1_511' title='bbox 795 3798 1003 3867; x_wconf 84' lang='grc' dir='ltr'>λέγειν;</span> 
     </span>
    </p>
   </div>
   <div class='ocr_carea' id='block_1_71' title="bbox 1020 3915 1393 3974">
    <p class='ocr_par' dir='ltr' id='par_1_71' title="bbox 1020 3915 1393 3974">
     <span class='ocr_line' id='line_1_72' title="bbox 1020 3915 1393 3974; baseline 0.021 -8"><span class='ocrx_word' id='word_1_512' title='bbox 1020 3915 1274 3972; x_wconf 82' lang='grc' dir='ltr'><strong>ΚΕΦΑΛ.</strong></span> <span class='ocrx_word' id='word_1_513' title='bbox 1301 3919 1393 3974; x_wconf 79' lang='grc' dir='ltr'>Μ’.</span> 
     </span>
    </p>
   </div>
   <div class='ocr_carea' id='block_1_72' title="bbox 489 4000 1994 4084">
    <p class='ocr_par' dir='ltr' id='par_1_72' title="bbox 489 4000 1994 4084">
     <span class='ocr_line' id='line_1_73' title="bbox 489 4000 1994 4084; baseline 0.013 -31"><span class='ocrx_word' id='word_1_514' title='bbox 489 4000 610 4055; x_wconf 83' lang='grc' dir='ltr'>Τῶν</span> <span class='ocrx_word' id='word_1_515' title='bbox 642 4003 978 4074; x_wconf 85' lang='grc' dir='ltr'>τικτομένων</span> <span class='ocrx_word' id='word_1_516' title='bbox 1013 4007 1045 4077; x_wconf 85' lang='grc' dir='ltr'><strong>ή</strong></span> <span class='ocrx_word' id='word_1_517' title='bbox 1081 4008 1262 4076; x_wconf 81' lang='grc' dir='ltr'>φύσις,</span> <span class='ocrx_word' id='word_1_518' title='bbox 1299 4008 1475 4073; x_wconf 86' lang='grc' dir='ltr'>θετοῖς</span> <span class='ocrx_word' id='word_1_519' title='bbox 1523 4011 1783 4084; x_wconf 85' lang='grc' dir='ltr'>ὀνόμασιν</span> <span class='ocrx_word' id='word_1_520' title='bbox 1829 4017 1994 4072; x_wconf 88' lang='grc' dir='ltr'>οὑδα-</span> 
     </span>
    </p>
   </div>
   <div class='ocr_carea' id='block_1_73' title="bbox 424 4091 1990 4182">
    <p class='ocr_par' dir='ltr' id='par_1_73' title="bbox 424 4091 1990 4182">
     <span class='ocr_line' id='line_1_74' title="bbox 424 4091 1990 4182; baseline 0.014 -39"><span class='ocrx_word' id='word_1_521' title='bbox 424 4091 525 4162; x_wconf 84' lang='grc' dir='ltr'><strong>μοῦ</strong></span> <span class='ocrx_word' id='word_1_522' title='bbox 560 4095 968 4164; x_wconf 77' lang='grc' dir='ltr'>παραδηλοῦται</span> <span class='ocrx_word' id='word_1_523' title='bbox 999 4113 1013 4127; x_wconf 82' lang='lat'>&#39;</span> <span class='ocrx_word' id='word_1_524' title='bbox 1058 4098 1129 4151; x_wconf 79' lang='grc' dir='ltr'>τὰ</span> <span class='ocrx_word' id='word_1_525' title='bbox 1168 4100 1275 4168; x_wconf 80' lang='grc' dir='ltr'><strong>γὰρ</strong></span> <span class='ocrx_word' id='word_1_526' title='bbox 1301 4099 1431 4156; x_wconf 81' lang='grc' dir='ltr'>θετὰ</span> <span class='ocrx_word' id='word_1_527' title='bbox 1451 4104 1714 4173; x_wconf 82' lang='grc' dir='ltr'>ὀνόματα,</span> <span class='ocrx_word' id='word_1_528' title='bbox 1766 4109 1878 4162; x_wconf 85' lang='grc' dir='ltr'>τῶν</span> <span class='ocrx_word' id='word_1_529' title='bbox 1923 4114 1990 4182; x_wconf 86' lang='grc' dir='ltr'>τῇ</span> 
     </span>
    </p>
   </div>
   <div class='ocr_carea' id='block_1_74' title="bbox 421 4182 1993 4262">
    <p class='ocr_par' dir='ltr' id='par_1_74' title="bbox 421 4182 1993 4262">
     <span class='ocr_line' id='line_1_75' title="bbox 421 4182 1993 4262; baseline 0.013 -28"><span class='ocrx_word' id='word_1_530' title='bbox 421 4182 579 4250; x_wconf 84' lang='grc' dir='ltr'>φύσει</span> <span class='ocrx_word' id='word_1_531' title='bbox 631 4185 1040 4253; x_wconf 89' lang='grc' dir='ltr'>συμϐαινόντων</span> <span class='ocrx_word' id='word_1_532' title='bbox 1073 4188 1190 4243; x_wconf 77' lang='grc' dir='ltr'>ἔστι</span> <span class='ocrx_word' id='word_1_533' title='bbox 1244 4193 1558 4262; x_wconf 77' lang='grc' dir='ltr'>σημαντικά</span> <span class='ocrx_word' id='word_1_534' title='bbox 1586 4213 1600 4226; x_wconf 91' lang='grc'><strong>·</strong></span> <span class='ocrx_word' id='word_1_535' title='bbox 1644 4197 1887 4253; x_wconf 89' lang='grc' dir='ltr'>τοιοῦτον</span> <span class='ocrx_word' id='word_1_536' title='bbox 1935 4201 1993 4255; x_wconf 80' lang='grc' dir='ltr'>δὲ</span> 
     </span>
    </p>
   </div>
   <div class='ocr_carea' id='block_1_75' title="bbox 420 4272 1993 4362">
    <p class='ocr_par' dir='ltr' id='par_1_75' title="bbox 420 4272 1993 4362">
     <span class='ocr_line' id='line_1_76' title="bbox 420 4272 1993 4362; baseline 0.013 -36"><span class='ocrx_word' id='word_1_537' title='bbox 420 4272 516 4326; x_wconf 70' lang='grc' dir='ltr'>καὶ</span> <span class='ocrx_word' id='word_1_538' title='bbox 532 4273 593 4326; x_wconf 90' lang='grc' dir='ltr'><strong>τὸ</strong></span> <span class='ocrx_word' id='word_1_539' title='bbox 627 4274 974 4347; x_wconf 71' lang='grc' dir='ltr'>Ἐμμανουήλ</span> <span class='ocrx_word' id='word_1_540' title='bbox 1003 4277 1196 4347; x_wconf 74' lang='grc' dir='ltr'>ὄνομα,</span> <span class='ocrx_word' id='word_1_541' title='bbox 1223 4279 1316 4333; x_wconf 80' lang='grc' dir='ltr'>ἆτε</span> <span class='ocrx_word' id='word_1_542' title='bbox 1351 4279 1502 4334; x_wconf 85' lang='grc' dir='ltr'>θετὸν</span> <span class='ocrx_word' id='word_1_543' title='bbox 1539 4284 1735 4354; x_wconf 79' lang='grc' dir='ltr'>ὄνομα.</span> <span class='ocrx_word' id='word_1_544' title='bbox 1771 4288 1848 4342; x_wconf 89' lang='grc' dir='ltr'>Οὑ</span> <span class='ocrx_word' id='word_1_545' title='bbox 1893 4290 1993 4362; x_wconf 82' lang='grc' dir='ltr'><strong>τὴν</strong></span> 
     </span>
    </p>
   </div>
   <div class='ocr_carea' id='block_1_76' title="bbox 421 4362 1990 4454">
    <p class='ocr_par' dir='ltr' id='par_1_76' title="bbox 421 4362 1990 4454">
     <span class='ocr_line' id='line_1_77' title="bbox 421 4362 1990 4454; baseline 0.013 -39"><span class='ocrx_word' id='word_1_546' title='bbox 421 4362 584 4432; x_wconf 80' lang='grc' dir='ltr'>φύσιν</span> <span class='ocrx_word' id='word_1_547' title='bbox 615 4363 710 4419; x_wconf 84' lang='grc' dir='ltr'><strong>οὖν</strong></span> <span class='ocrx_word' id='word_1_548' title='bbox 741 4365 894 4436; x_wconf 77' lang='grc' dir='ltr'>δηλοῖ</span> <span class='ocrx_word' id='word_1_549' title='bbox 940 4369 1034 4422; x_wconf 89' lang='grc' dir='ltr'><strong>τοῦ</strong></span> <span class='ocrx_word' id='word_1_550' title='bbox 1073 4369 1353 4435; x_wconf 89' lang='grc' dir='ltr'>λαϐόντος,</span> <span class='ocrx_word' id='word_1_551' title='bbox 1405 4373 1499 4426; x_wconf 88' lang='grc' dir='ltr'><strong>τοῦ</strong></span> <span class='ocrx_word' id='word_1_552' title='bbox 1559 4377 1910 4452; x_wconf 70' lang='grc' dir='ltr'>Ἐμμανουήλ</span> <span class='ocrx_word' id='word_1_553' title='bbox 1957 4385 1990 4454; x_wconf 89' lang='grc' dir='ltr'><strong>ή</strong></span> 
     </span>
    </p>
   </div>
   <div class='ocr_carea' id='block_1_77' title="bbox 2092 3255 3673 3327">
    <p class='ocr_par' dir='ltr' id='par_1_77' title="bbox 2092 3255 3673 3327">
     <span class='ocr_line' id='line_1_78' title="bbox 2092 3255 3673 3327; baseline 0.003 -19"><span class='ocrx_word' id='word_1_554' title='bbox 2092 3269 2209 3308; x_wconf 88' lang='lat' dir='ltr'><strong>ram</strong></span> <span class='ocrx_word' id='word_1_555' title='bbox 2253 3255 2459 3322; x_wconf 89' lang='lat' dir='ltr'><strong>univit,</strong></span> <span class='ocrx_word' id='word_1_556' title='bbox 2500 3263 2558 3310; x_wconf 90' lang='lat' dir='ltr'><strong>et</strong></span> <span class='ocrx_word' id='word_1_557' title='bbox 2598 3270 2728 3310; x_wconf 86' lang='lat' dir='ltr'><strong>vere</strong></span> <span class='ocrx_word' id='word_1_558' title='bbox 2762 3263 2848 3310; x_wconf 92' lang='lat' dir='ltr'><strong>est</strong></span> <span class='ocrx_word' id='word_1_559' title='bbox 2897 3255 3207 3311; x_wconf 88' lang='lat' dir='ltr'><strong>nobiscum.</strong></span> <span class='ocrx_word' id='word_1_560' title='bbox 3262 3256 3488 3327; x_wconf 84' lang='lat' dir='ltr'><strong>Signum</strong></span> <span class='ocrx_word' id='word_1_561' title='bbox 3539 3274 3673 3313; x_wconf 91' lang='lat' dir='ltr'><strong>vero</strong></span> 
     </span>
    </p>
   </div>
   <div class='ocr_carea' id='block_1_78' title="bbox 2091 3343 3676 3416">
    <p class='ocr_par' dir='ltr' id='par_1_78' title="bbox 2091 3343 3676 3416">
     <span class='ocr_line' id='line_1_79' title="bbox 2091 3343 3676 3416; baseline 0.002 -18"><span class='ocrx_word' id='word_1_562' title='bbox 2091 3360 2202 3398; x_wconf 91' lang='lat' dir='ltr'><strong>non</strong></span> <span class='ocrx_word' id='word_1_563' title='bbox 2235 3345 2463 3399; x_wconf 84' lang='lat' dir='ltr'><strong>advenit</strong></span> <span class='ocrx_word' id='word_1_564' title='bbox 2493 3345 2803 3410; x_wconf 89' lang='lat' dir='ltr'><strong>nobiscum,</strong></span> <span class='ocrx_word' id='word_1_565' title='bbox 2840 3343 2934 3399; x_wconf 91' lang='lat' dir='ltr'><strong>sed</strong></span> <span class='ocrx_word' id='word_1_566' title='bbox 2967 3345 3011 3400; x_wconf 92' lang='lat' dir='ltr'><strong>si</strong></span> <span class='ocrx_word' id='word_1_567' title='bbox 3050 3345 3272 3414; x_wconf 88' lang='lat' dir='ltr'><strong>quando</strong></span> <span class='ocrx_word' id='word_1_568' title='bbox 3302 3345 3442 3401; x_wconf 80' lang='lat' dir='ltr'><strong>forte</strong></span> <span class='ocrx_word' id='word_1_569' title='bbox 3483 3347 3676 3416; x_wconf 88' lang='lat' dir='ltr'><strong>loque-</strong></span> 
     </span>
    </p>
   </div>
   <div class='ocr_carea' id='block_1_79' title="bbox 2094 3435 3671 3506">
    <p class='ocr_par' dir='ltr' id='par_1_79' title="bbox 2094 3435 3671 3506">
     <span class='ocr_line' id='line_1_80' title="bbox 2094 3435 3671 3506; baseline 0.001 -17"><span class='ocrx_word' id='word_1_570' title='bbox 2094 3445 2248 3489; x_wconf 89' lang='lat' dir='ltr'><strong>retur</strong></span> <span class='ocrx_word' id='word_1_571' title='bbox 2289 3435 2414 3505; x_wconf 91' lang='lat' dir='ltr'><strong>quis</strong></span> <span class='ocrx_word' id='word_1_572' title='bbox 2460 3435 2516 3490; x_wconf 93' lang='lat' dir='ltr'><strong>in</strong></span> <span class='ocrx_word' id='word_1_573' title='bbox 2545 3435 2726 3500; x_wconf 91' lang='lat' dir='ltr'><strong>nobis,</strong></span> <span class='ocrx_word' id='word_1_574' title='bbox 2769 3451 2880 3489; x_wconf 91' lang='lat' dir='ltr'><strong>non</strong></span> <span class='ocrx_word' id='word_1_575' title='bbox 2909 3447 3056 3491; x_wconf 88' lang='lat' dir='ltr'><strong>esset</strong></span> <span class='ocrx_word' id='word_1_576' title='bbox 3098 3436 3314 3506; x_wconf 91' lang='lat' dir='ltr'><strong>signum</strong></span> <span class='ocrx_word' id='word_1_577' title='bbox 3362 3437 3671 3491; x_wconf 89' lang='lat' dir='ltr'><strong>nobiseum.</strong></span> 
     </span>
    </p>
   </div>
   <div class='ocr_carea' id='block_1_80' title="bbox 2092 3526 3674 3596">
    <p class='ocr_par' dir='ltr' id='par_1_80' title="bbox 2092 3526 3674 3596">
     <span class='ocr_line' id='line_1_81' title="bbox 2092 3526 3674 3596; baseline 0.001 -14"><span class='ocrx_word' id='word_1_578' title='bbox 2092 3527 2282 3594; x_wconf 86' lang='lat' dir='ltr'><strong>Quoad</strong></span> <span class='ocrx_word' id='word_1_579' title='bbox 2342 3527 2612 3580; x_wconf 85' lang='lat' dir='ltr'><strong>Emmanu</strong></span> <span class='ocrx_word' id='word_1_580' title='bbox 2670 3526 2988 3596; x_wconf 87' lang='lat' dir='ltr'><strong>signiﬁcans</strong></span> <span class='ocrx_word' id='word_1_581' title='bbox 3047 3527 3352 3582; x_wconf 90' lang='lat' dir='ltr'><strong>secundum</strong></span> <span class='ocrx_word' id='word_1_582' title='bbox 3415 3527 3674 3583; x_wconf 64' lang='lat' dir='ltr'><strong>Hebraeos</strong></span> 
     </span>
    </p>
   </div>
   <div class='ocr_carea' id='block_1_81' title="bbox 2093 3617 3676 3689">
    <p class='ocr_par' dir='ltr' id='par_1_81' title="bbox 2093 3617 3676 3689">
     <span class='ocr_line' id='line_1_82' title="bbox 2093 3617 3676 3689; baseline 0.001 -16"><span class='ocrx_word' id='word_1_583' title='bbox 2093 3619 2464 3673; x_wconf 89' lang='lat' dir='ltr'><strong>communiter</strong></span> <span class='ocrx_word' id='word_1_584' title='bbox 2498 3617 2644 3687; x_wconf 89' lang='lat' dir='ltr'><strong>quod</strong></span> <span class='ocrx_word' id='word_1_585' title='bbox 2669 3622 2765 3672; x_wconf 78' lang='lat' dir='ltr'><strong>est‘</strong></span> <span class='ocrx_word' id='word_1_586' title='bbox 2817 3618 3109 3674; x_wconf 81' lang='lat' dir='ltr'><strong>nobiscum.</strong></span> <span class='ocrx_word' id='word_1_587' title='bbox 3156 3618 3262 3674; x_wconf 88' lang='lat' dir='ltr'><strong>Ubi</strong></span> <span class='ocrx_word' id='word_1_588' title='bbox 3294 3635 3534 3689; x_wconf 87' lang='lat' dir='ltr'><strong>unquam</strong></span> <span class='ocrx_word' id='word_1_589' title='bbox 3577 3635 3676 3674; x_wconf 85' lang='lat' dir='ltr'><strong>au-</strong></span> 
     </span>
    </p>
   </div>
   <div class='ocr_carea' id='block_1_82' title="bbox 2094 3705 3676 3778">
    <p class='ocr_par' dir='ltr' id='par_1_82' title="bbox 2094 3705 3676 3778">
     <span class='ocr_line' id='line_1_83' title="bbox 2094 3705 3676 3778; baseline 0.001 -17"><span class='ocrx_word' id='word_1_590' title='bbox 2094 3707 2270 3761; x_wconf 91' lang='lat' dir='ltr'><strong>ditum</strong></span> <span class='ocrx_word' id='word_1_591' title='bbox 2297 3716 2381 3763; x_wconf 89' lang='lat' dir='ltr'><strong>est</strong></span> <span class='ocrx_word' id='word_1_592' title='bbox 2413 3706 2628 3777; x_wconf 88' lang='lat' dir='ltr'><strong>signum</strong></span> <span class='ocrx_word' id='word_1_593' title='bbox 2664 3705 2994 3776; x_wconf 86' lang='lat' dir='ltr'><strong>signiﬁcare,</strong></span> <span class='ocrx_word' id='word_1_594' title='bbox 3044 3722 3149 3763; x_wconf 89' lang='lat' dir='ltr'><strong>nec</strong></span> <span class='ocrx_word' id='word_1_595' title='bbox 3195 3707 3366 3762; x_wconf 90' lang='lat' dir='ltr'><strong>Deum</strong></span> <span class='ocrx_word' id='word_1_596' title='bbox 3398 3707 3676 3778; x_wconf 88' lang='lat' dir='ltr'><strong>sapienter</strong></span> 
     </span>
    </p>
   </div>
   <div class='ocr_carea' id='block_1_83' title="bbox 2092 3797 2284 3868">
    <p class='ocr_par' dir='ltr' id='par_1_83' title="bbox 2092 3797 2284 3868">
     <span class='ocr_line' id='line_1_84' title="bbox 2092 3797 2284 3868; baseline -0.01 -16"><span class='ocrx_word' id='word_1_597' title='bbox 2092 3797 2242 3868; x_wconf 89' lang='lat' dir='ltr'><strong>loqui</strong></span> <span class='ocrx_word' id='word_1_598' title='bbox 2261 3797 2284 3850; x_wconf 88' lang='lat'><strong>?</strong></span> 
     </span>
    </p>
   </div>
   <div class='ocr_carea' id='block_1_84' title="bbox 2165 3998 3676 4071">
    <p class='ocr_par' dir='ltr' id='par_1_84' title="bbox 2165 3998 3676 4071">
     <span class='ocr_line' id='line_1_85' title="bbox 2165 3998 3676 4071; baseline 0.002 -18"><span class='ocrx_word' id='word_1_599' title='bbox 2165 3999 2427 4054; x_wconf 83' lang='lat' dir='ltr'><strong>Natorum</strong></span> <span class='ocrx_word' id='word_1_600' title='bbox 2459 4009 2655 4055; x_wconf 89' lang='lat' dir='ltr'><strong>natura</strong></span> <span class='ocrx_word' id='word_1_601' title='bbox 2680 4016 2952 4070; x_wconf 91' lang='lat' dir='ltr'><strong>nusquam</strong></span> <span class='ocrx_word' id='word_1_602' title='bbox 3000 3998 3320 4071; x_wconf 88' lang='lat' dir='ltr'><strong>designatur</strong></span> <span class='ocrx_word' id='word_1_603' title='bbox 3360 3998 3676 4056; x_wconf 86' lang='lat' dir='ltr'><strong>nominibus</strong></span> 
     </span>
    </p>
   </div>
   <div class='ocr_carea' id='block_1_85' title="bbox 2096 4090 3676 4162">
    <p class='ocr_par' dir='ltr' id='par_1_85' title="bbox 2096 4090 3676 4162">
     <span class='ocr_line' id='line_1_86' title="bbox 2096 4090 3676 4162; baseline 0.001 -18"><span class='ocrx_word' id='word_1_604' title='bbox 2096 4090 2394 4161; x_wconf 90' lang='lat' dir='ltr'><strong>impositis,</strong></span> <span class='ocrx_word' id='word_1_605' title='bbox 2428 4107 2555 4145; x_wconf 88' lang='lat' dir='ltr'><strong>nam</strong></span> <span class='ocrx_word' id='word_1_606' title='bbox 2595 4091 2819 4145; x_wconf 91' lang='lat' dir='ltr'><strong>nomina</strong></span> <span class='ocrx_word' id='word_1_607' title='bbox 2850 4091 3106 4160; x_wconf 85' lang='lat' dir='ltr'><strong>imposita</strong></span> <span class='ocrx_word' id='word_1_608' title='bbox 3149 4099 3278 4146; x_wconf 91' lang='lat' dir='ltr'><strong>sunt</strong></span> <span class='ocrx_word' id='word_1_609' title='bbox 3317 4091 3676 4162; x_wconf 87' lang='lat' dir='ltr'><strong>signiﬁcativa</strong></span> 
     </span>
    </p>
   </div>
   <div class='ocr_carea' id='block_1_86' title="bbox 2096 4180 3678 4250">
    <p class='ocr_par' dir='ltr' id='par_1_86' title="bbox 2096 4180 3678 4250">
     <span class='ocr_line' id='line_1_87' title="bbox 2096 4180 3678 4250; baseline -0.001 -14"><span class='ocrx_word' id='word_1_610' title='bbox 2096 4181 2466 4236; x_wconf 85' lang='lat' dir='ltr'><strong>accidentium</strong></span> <span class='ocrx_word' id='word_1_611' title='bbox 2499 4191 2708 4235; x_wconf 73' lang='lat' dir='ltr'><strong>natura:</strong></span> <span class='ocrx_word' id='word_1_612' title='bbox 2736 4197 2748 4233; x_wconf 90' lang='lat'>:</span> <span class='ocrx_word' id='word_1_613' title='bbox 2775 4180 3091 4250; x_wconf 89' lang='lat' dir='ltr'><strong>hujusmodi</strong></span> <span class='ocrx_word' id='word_1_614' title='bbox 3117 4189 3203 4235; x_wconf 91' lang='lat' dir='ltr'><strong>est</strong></span> <span class='ocrx_word' id='word_1_615' title='bbox 3230 4195 3431 4234; x_wconf 81' lang='lat' dir='ltr'><strong>nomen</strong></span> <span class='ocrx_word' id='word_1_616' title='bbox 3460 4180 3678 4234; x_wconf 88' lang='lat' dir='ltr'><strong>Emma-</strong></span> 
     </span>
    </p>
   </div>
   <div class='ocr_carea' id='block_1_87' title="bbox 2095 4272 3676 4342">
    <p class='ocr_par' dir='ltr' id='par_1_87' title="bbox 2095 4272 3676 4342">
     <span class='ocr_line' id='line_1_88' title="bbox 2095 4272 3676 4342; baseline -0.002 -14"><span class='ocrx_word' id='word_1_617' title='bbox 2095 4273 2245 4333; x_wconf 89' lang='lat' dir='ltr'><strong>nuel.</strong></span> <span class='ocrx_word' id='word_1_618' title='bbox 2277 4281 2468 4342; x_wconf 89' lang='lat' dir='ltr'><strong>utpote</strong></span> <span class='ocrx_word' id='word_1_619' title='bbox 2495 4287 2700 4326; x_wconf 90' lang='lat' dir='ltr'><strong>nomen</strong></span> <span class='ocrx_word' id='word_1_620' title='bbox 2731 4273 3082 4341; x_wconf 87' lang='lat' dir='ltr'><strong>impositum;</strong></span> <span class='ocrx_word' id='word_1_621' title='bbox 3128 4273 3421 4340; x_wconf 85' lang='lat' dir='ltr'><strong>appellatio</strong></span> <span class='ocrx_word' id='word_1_622' title='bbox 3453 4272 3676 4325; x_wconf 88' lang='lat' dir='ltr'><strong>Emma-</strong></span> 
     </span>
    </p>
   </div>
   <div class='ocr_carea' id='block_1_88' title="bbox 2096 4364 3678 4437">
    <p class='ocr_par' dir='ltr' id='par_1_88' title="bbox 2096 4364 3678 4437">
     <span class='ocr_line' id='line_1_89' title="bbox 2096 4364 3678 4437; baseline -0.002 -15"><span class='ocrx_word' id='word_1_623' title='bbox 2096 4367 2224 4422; x_wconf 90' lang='lat' dir='ltr'><strong>nuel</strong></span> <span class='ocrx_word' id='word_1_624' title='bbox 2244 4383 2375 4436; x_wconf 91' lang='lat' dir='ltr'><strong>ergo</strong></span> <span class='ocrx_word' id='word_1_625' title='bbox 2399 4365 2704 4421; x_wconf 92' lang='lat' dir='ltr'><strong>secundum</strong></span> <span class='ocrx_word' id='word_1_626' title='bbox 2742 4364 3057 4437; x_wconf 53' lang='lat' dir='ltr'><strong>IEgyptium</strong></span> <span class='ocrx_word' id='word_1_627' title='bbox 3083 4373 3331 4419; x_wconf 89' lang='lat' dir='ltr'><strong>naturam</strong></span> <span class='ocrx_word' id='word_1_628' title='bbox 3357 4364 3678 4431; x_wconf 77' lang='lat' dir='ltr'><strong>accipientis</strong></span> 
     </span>
    </p>
   </div>
   <div class='ocr_carea' id='block_1_89' title="bbox 421 4456 1989 4542">
    <p class='ocr_par' dir='ltr' id='par_1_89' title="bbox 421 4458 1989 4542">
     <span class='ocr_line' id='line_1_90' title="bbox 421 4458 1989 4542; baseline 0.009 -31"><span class='ocrx_word' id='word_1_629' title='bbox 421 4458 610 4527; x_wconf 83' lang='grc' dir='ltr'>κλῆσις</span> <span class='ocrx_word' id='word_1_630' title='bbox 639 4460 781 4513; x_wconf 84' lang='grc' dir='ltr'>κατὰ</span> <span class='ocrx_word' id='word_1_631' title='bbox 803 4459 894 4512; x_wconf 85' lang='grc' dir='ltr'><strong>τὸν</strong></span> <span class='ocrx_word' id='word_1_632' title='bbox 923 4460 1220 4529; x_wconf 80' lang='grc' dir='ltr'>Αἰγύπτιον</span> <span class='ocrx_word' id='word_1_633' title='bbox 1246 4480 1259 4492; x_wconf 88' lang='grc'><strong>·</strong></span> <span class='ocrx_word' id='word_1_634' title='bbox 1298 4463 1434 4517; x_wconf 84' lang='grc' dir='ltr'>ἀλλὰ</span> <span class='ocrx_word' id='word_1_635' title='bbox 1463 4465 1598 4519; x_wconf 82' lang='grc' dir='ltr'>Θεοῦ</span> <span class='ocrx_word' id='word_1_636' title='bbox 1642 4468 1742 4538; x_wconf 81' lang='grc' dir='ltr'>τὴν</span> <span class='ocrx_word' id='word_1_637' title='bbox 1769 4487 1989 4542; x_wconf 89' lang='grc' dir='ltr'>συμμα-</span> 
     </span>
    </p>
   </div>
   <div class='ocr_carea' id='block_1_90' title="bbox 2092 4456 3678 4542">
    <p class='ocr_par' dir='ltr' id='par_1_90' title="bbox 2097 4456 3678 4531">
     <span class='ocr_line' id='line_1_91' title="bbox 2097 4456 3678 4531; baseline -0.004 -15"><span class='ocrx_word' id='word_1_638' title='bbox 2097 4479 2206 4516; x_wconf 90' lang='lat' dir='ltr'><strong>non</strong></span> <span class='ocrx_word' id='word_1_639' title='bbox 2238 4461 2512 4531; x_wconf 87' lang='lat' dir='ltr'><strong>designat,</strong></span> <span class='ocrx_word' id='word_1_640' title='bbox 2545 4458 2642 4514; x_wconf 89' lang='lat' dir='ltr'><strong>sed</strong></span> <span class='ocrx_word' id='word_1_641' title='bbox 2677 4473 2800 4512; x_wconf 90' lang='lat' dir='ltr'><strong>esse</strong></span> <span class='ocrx_word' id='word_1_642' title='bbox 2846 4457 3107 4510; x_wconf 91' lang='lat' dir='ltr'><strong>unionem</strong></span> <span class='ocrx_word' id='word_1_643' title='bbox 3138 4456 3235 4510; x_wconf 91' lang='lat' dir='ltr'><strong>Dei</strong></span> <span class='ocrx_word' id='word_1_644' title='bbox 3263 4472 3387 4510; x_wconf 85' lang='lat' dir='ltr'><strong>cum</strong></span> <span class='ocrx_word' id='word_1_645' title='bbox 3422 4456 3678 4510; x_wconf 85' lang='lat' dir='ltr'><strong>acciden-</strong></span> 
     </span>
    </p>
   </div>
   <div class='ocr_carea' id='block_1_91' title="bbox 419 4544 1996 4630">
    <p class='ocr_par' dir='ltr' id='par_1_91' title="bbox 419 4544 1996 4630">
     <span class='ocr_line' id='line_1_92' title="bbox 419 4544 1996 4630; baseline 0.01 -31"><span class='ocrx_word' id='word_1_646' title='bbox 419 4547 543 4618; x_wconf 85' lang='grc' dir='ltr'>χίαν</span> <span class='ocrx_word' id='word_1_647' title='bbox 578 4544 740 4616; x_wconf 80' lang='grc' dir='ltr'>εἶναι,</span> <span class='ocrx_word' id='word_1_648' title='bbox 771 4548 911 4618; x_wconf 86' lang='grc' dir='ltr'>μετὰ</span> <span class='ocrx_word' id='word_1_649' title='bbox 939 4549 1049 4603; x_wconf 82' lang='grc' dir='ltr'><strong>τῶν</strong></span> <span class='ocrx_word' id='word_1_650' title='bbox 1079 4552 1382 4622; x_wconf 82' lang='grc' dir='ltr'>εἰληφότων</span> <span class='ocrx_word' id='word_1_651' title='bbox 1431 4555 1492 4608; x_wconf 85' lang='grc' dir='ltr'><strong>τὸ</strong></span> <span class='ocrx_word' id='word_1_652' title='bbox 1538 4556 1885 4630; x_wconf 73' lang='grc' dir='ltr'>Ἐμμανουήλ</span> <span class='ocrx_word' id='word_1_653' title='bbox 1916 4562 1996 4625; x_wconf 78' lang='grc' dir='ltr'><strong>εἰς</strong></span> 
     </span>
    </p>
   </div>
   <div class='ocr_carea' id='block_1_92' title="bbox 421 4640 1995 4719">
    <p class='ocr_par' dir='ltr' id='par_1_92' title="bbox 421 4640 1995 4719">
     <span class='ocr_line' id='line_1_93' title="bbox 421 4640 1995 4719; baseline 0.01 -28"><span class='ocrx_word' id='word_1_654' title='bbox 421 4643 648 4710; x_wconf 87' lang='grc' dir='ltr'>σημεῖον</span> <span class='ocrx_word' id='word_1_655' title='bbox 677 4640 916 4712; x_wconf 84' lang='grc' dir='ltr'>ἐκείνης.</span> <span class='ocrx_word' id='word_1_656' title='bbox 964 4642 1107 4696; x_wconf 85' lang='grc' dir='ltr'>Ἀλλ’</span> <span class='ocrx_word' id='word_1_657' title='bbox 1141 4643 1294 4699; x_wconf 80' lang='grc' dir='ltr'>οὐδὲν</span> <span class='ocrx_word' id='word_1_658' title='bbox 1330 4645 1516 4717; x_wconf 79' lang='grc' dir='ltr'>ἓτερον</span> <span class='ocrx_word' id='word_1_659' title='bbox 1546 4647 1718 4719; x_wconf 81' lang='grc' dir='ltr'>ὄνομα</span> <span class='ocrx_word' id='word_1_660' title='bbox 1767 4650 1934 4704; x_wconf 84' lang='grc' dir='ltr'>ίδικὸν</span> <span class='ocrx_word' id='word_1_661' title='bbox 1967 4655 1995 4708; x_wconf 83' lang='grc' dir='ltr'><strong>ὃ</strong></span> 
     </span>
    </p>
   </div>
   <div class='ocr_carea' id='block_1_93' title="bbox 421 4731 1996 4810">
    <p class='ocr_par' dir='ltr' id='par_1_93' title="bbox 421 4731 1996 4810">
     <span class='ocr_line' id='line_1_94' title="bbox 421 4731 1996 4810; baseline 0.009 -27"><span class='ocrx_word' id='word_1_662' title='bbox 421 4731 554 4799; x_wconf 82' lang='grc' dir='ltr'>φασί</span> <span class='ocrx_word' id='word_1_663' title='bbox 577 4749 720 4796; x_wconf 85' lang='grc' dir='ltr'>τινες</span> <span class='ocrx_word' id='word_1_664' title='bbox 738 4733 832 4786; x_wconf 79' lang='grc' dir='ltr'>καὶ</span> <span class='ocrx_word' id='word_1_665' title='bbox 850 4733 1054 4804; x_wconf 80' lang='grc' dir='ltr'>Κύριον</span> <span class='ocrx_word' id='word_1_666' title='bbox 1080 4734 1246 4804; x_wconf 75' lang='grc' dir='ltr'>ήγουν</span> <span class='ocrx_word' id='word_1_667' title='bbox 1279 4738 1340 4789; x_wconf 89' lang='grc' dir='ltr'><strong>τὸ</strong></span> <span class='ocrx_word' id='word_1_668' title='bbox 1358 4737 1482 4791; x_wconf 85' lang='grc' dir='ltr'>καθ’</span> <span class='ocrx_word' id='word_1_669' title='bbox 1501 4739 1850 4806; x_wconf 83' lang='grc' dir='ltr'>ὑποστάσεως</span> <span class='ocrx_word' id='word_1_670' title='bbox 1879 4744 1996 4810; x_wconf 83' lang='grc' dir='ltr'>ἑνὸς</span> 
     </span>
    </p>
   </div>
   <div class='ocr_carea' id='block_1_94' title="bbox 422 4825 1991 4902">
    <p class='ocr_par' dir='ltr' id='par_1_94' title="bbox 422 4825 1991 4902">
     <span class='ocr_line' id='line_1_95' title="bbox 422 4825 1991 4902; baseline 0.009 -27"><span class='ocrx_word' id='word_1_671' title='bbox 422 4825 716 4895; x_wconf 86' lang='grc' dir='ltr'>προσώπου</span> <span class='ocrx_word' id='word_1_672' title='bbox 753 4825 1027 4896; x_wconf 86' lang='grc' dir='ltr'>κείμενον,</span> <span class='ocrx_word' id='word_1_673' title='bbox 1048 4829 1263 4897; x_wconf 87' lang='grc' dir='ltr'>φύσεώς</span> <span class='ocrx_word' id='word_1_674' title='bbox 1295 4831 1410 4883; x_wconf 81' lang='grc' dir='ltr'>ἐστι</span> <span class='ocrx_word' id='word_1_675' title='bbox 1437 4831 1733 4902; x_wconf 85' lang='grc' dir='ltr'>δηλωτικὸν</span> <span class='ocrx_word' id='word_1_676' title='bbox 1759 4835 1945 4899; x_wconf 85' lang='grc' dir='ltr'>ἁπλῶς</span> <span class='ocrx_word' id='word_1_677' title='bbox 1977 4853 1991 4868; x_wconf 78' lang='grc' dir='ltr'><strong>ο</strong></span> 
     </span>
    </p>
   </div>
   <div class='ocr_carea' id='block_1_95' title="bbox 419 4915 1998 4993">
    <p class='ocr_par' dir='ltr' id='par_1_95' title="bbox 419 4915 1998 4993">
     <span class='ocr_line' id='line_1_96' title="bbox 419 4915 1998 4993; baseline 0.008 -25"><span class='ocrx_word' id='word_1_678' title='bbox 419 4915 542 4969; x_wconf 80' lang='grc' dir='ltr'>οὔτε</span> <span class='ocrx_word' id='word_1_679' title='bbox 575 4916 686 4987; x_wconf 87' lang='grc' dir='ltr'>γὰρ</span> <span class='ocrx_word' id='word_1_680' title='bbox 713 4917 1027 4986; x_wconf 86' lang='grc' dir='ltr'>ὁριστικῶς,</span> <span class='ocrx_word' id='word_1_681' title='bbox 1062 4919 1179 4973; x_wconf 80' lang='grc' dir='ltr'>ἀλλ’</span> <span class='ocrx_word' id='word_1_682' title='bbox 1217 4921 1337 4974; x_wconf 86' lang='grc' dir='ltr'>οὑδὲ</span> <span class='ocrx_word' id='word_1_683' title='bbox 1379 4925 1754 4993; x_wconf 85' lang='grc' dir='ltr'>σημαντικῶς,</span> <span class='ocrx_word' id='word_1_684' title='bbox 1798 4925 1875 4990; x_wconf 82' lang='grc' dir='ltr'>ὡς</span> <span class='ocrx_word' id='word_1_685' title='bbox 1925 4927 1998 4982; x_wconf 81' lang='grc' dir='ltr'>τὰ</span> 
     </span>
    </p>
   </div>
   <div class='ocr_carea' id='block_1_96' title="bbox 419 5008 1997 5087">
    <p class='ocr_par' dir='ltr' id='par_1_96' title="bbox 419 5008 1997 5087">
     <span class='ocr_line' id='line_1_97' title="bbox 419 5008 1997 5087; baseline 0.008 -27"><span class='ocrx_word' id='word_1_686' title='bbox 419 5008 576 5062; x_wconf 85' lang='grc' dir='ltr'>κοινὰ</span> <span class='ocrx_word' id='word_1_687' title='bbox 609 5009 705 5062; x_wconf 73' lang='grc' dir='ltr'>καὶ</span> <span class='ocrx_word' id='word_1_688' title='bbox 725 5011 1109 5080; x_wconf 71' lang='grc' dir='ltr'>προσηγορικὰ</span> <span class='ocrx_word' id='word_1_689' title='bbox 1165 5012 1275 5066; x_wconf 73' lang='grc' dir='ltr'>τισὶ</span> <span class='ocrx_word' id='word_1_690' title='bbox 1307 5014 1579 5084; x_wconf 87' lang='grc' dir='ltr'>λεγόμενα</span> <span class='ocrx_word' id='word_1_691' title='bbox 1604 5016 1866 5087; x_wconf 87' lang='grc' dir='ltr'>ὀνόματα,</span> <span class='ocrx_word' id='word_1_692' title='bbox 1904 5021 1997 5073; x_wconf 78' lang='grc' dir='ltr'><strong>ἐπὶ</strong></span> 
     </span>
    </p>
   </div>
   <div class='ocr_carea' id='block_1_97' title="bbox 418 5099 1998 5174">
    <p class='ocr_par' dir='ltr' id='par_1_97' title="bbox 418 5099 1998 5174">
     <span class='ocr_line' id='line_1_98' title="bbox 418 5099 1998 5174; baseline 0.009 -23"><span class='ocrx_word' id='word_1_693' title='bbox 418 5099 520 5169; x_wconf 80' lang='grc' dir='ltr'>τὴν</span> <span class='ocrx_word' id='word_1_694' title='bbox 557 5100 746 5154; x_wconf 85' lang='grc' dir='ltr'>οὐσίαν</span> <span class='ocrx_word' id='word_1_695' title='bbox 798 5102 1116 5172; x_wconf 85' lang='grc' dir='ltr'>ἀναπέμπει</span> <span class='ocrx_word' id='word_1_696' title='bbox 1145 5103 1244 5174; x_wconf 83' lang='grc' dir='ltr'>τὴν</span> <span class='ocrx_word' id='word_1_697' title='bbox 1297 5107 1506 5161; x_wconf 80' lang='grc' dir='ltr'>ἔννοιαν</span> <span class='ocrx_word' id='word_1_698' title='bbox 1537 5121 1554 5137; x_wconf 84' lang='lat'><strong><em>°</em></strong></span> <span class='ocrx_word' id='word_1_699' title='bbox 1609 5107 1726 5162; x_wconf 84' lang='grc' dir='ltr'>ἀλλ’</span> <span class='ocrx_word' id='word_1_700' title='bbox 1756 5110 1876 5164; x_wconf 85' lang='grc' dir='ltr'>οὑδὲ</span> <span class='ocrx_word' id='word_1_701' title='bbox 1934 5112 1998 5165; x_wconf 87' lang='grc' dir='ltr'><strong>τὸ</strong></span> 
     </span>
    </p>
   </div>
   <div class='ocr_carea' id='block_1_98' title="bbox 420 5193 1998 5270">
    <p class='ocr_par' dir='ltr' id='par_1_98' title="bbox 420 5193 1998 5270">
     <span class='ocr_line' id='line_1_99' title="bbox 420 5193 1998 5270; baseline 0.008 -26"><span class='ocrx_word' id='word_1_702' title='bbox 420 5193 670 5247; x_wconf 84' lang='grc' dir='ltr'>ὁπωσοῦν</span> <span class='ocrx_word' id='word_1_703' title='bbox 701 5193 843 5248; x_wconf 87' lang='grc' dir='ltr'>κατὰ</span> <span class='ocrx_word' id='word_1_704' title='bbox 872 5196 1140 5252; x_wconf 89' lang='grc' dir='ltr'>πλειόνων</span> <span class='ocrx_word' id='word_1_705' title='bbox 1169 5215 1184 5230; x_wconf 78' lang='grc'><strong><em>⁸</em></strong></span> <span class='ocrx_word' id='word_1_706' title='bbox 1213 5199 1403 5262; x_wconf 80' lang='grc' dir='ltr'>ξάνθον</span> <span class='ocrx_word' id='word_1_707' title='bbox 1425 5199 1534 5270; x_wconf 84' lang='grc' dir='ltr'>γὰρ</span> <span class='ocrx_word' id='word_1_708' title='bbox 1559 5201 1724 5254; x_wconf 82' lang='grc' dir='ltr'>ἵππον</span> <span class='ocrx_word' id='word_1_709' title='bbox 1749 5203 1872 5256; x_wconf 80' lang='grc' dir='ltr'>τινὰ</span> <span class='ocrx_word' id='word_1_710' title='bbox 1901 5205 1998 5257; x_wconf 82' lang='grc' dir='ltr'>καὶ</span> 
     </span>
    </p>
   </div>
   <div class='ocr_carea' id='block_1_99' title="bbox 421 5282 1999 5361">
    <p class='ocr_par' dir='ltr' id='par_1_99' title="bbox 421 5282 1999 5361">
     <span class='ocr_line' id='line_1_100' title="bbox 421 5282 1999 5361; baseline 0.008 -27"><span class='ocrx_word' id='word_1_711' title='bbox 421 5282 669 5352; x_wconf 88' lang='grc' dir='ltr'>ποταμὸν</span> <span class='ocrx_word' id='word_1_712' title='bbox 707 5284 803 5337; x_wconf 77' lang='grc' dir='ltr'><strong>καὶ</strong></span> <span class='ocrx_word' id='word_1_713' title='bbox 824 5285 1130 5352; x_wconf 80' lang='grc' dir='ltr'>ἄνθρωπον,</span> <span class='ocrx_word' id='word_1_714' title='bbox 1168 5287 1285 5341; x_wconf 78' lang='grc' dir='ltr'>ἔστι</span> <span class='ocrx_word' id='word_1_715' title='bbox 1329 5289 1706 5361; x_wconf 83' lang='grc' dir='ltr'>φαντασθῆναι</span> <span class='ocrx_word' id='word_1_716' title='bbox 1732 5293 1999 5346; x_wconf 85' lang='grc' dir='ltr'>ἀκούσαν-</span> 
     </span>
    </p>
   </div>
   <div class='ocr_carea' id='block_1_100' title="bbox 419 5371 1993 5450">
    <p class='ocr_par' dir='ltr' id='par_1_100' title="bbox 419 5371 1993 5450">
     <span class='ocr_line' id='line_1_101' title="bbox 419 5371 1993 5450; baseline 0.005 -23"><span class='ocrx_word' id='word_1_717' title='bbox 419 5389 520 5436; x_wconf 75' lang='grc' dir='ltr'><strong>τας</strong></span> <span class='ocrx_word' id='word_1_718' title='bbox 555 5389 569 5404; x_wconf 93' lang='grc'><strong>·</strong></span> <span class='ocrx_word' id='word_1_719' title='bbox 595 5374 704 5427; x_wconf 83' lang='grc' dir='ltr'><strong>τῶν</strong></span> <span class='ocrx_word' id='word_1_720' title='bbox 731 5371 824 5428; x_wconf 82' lang='grc' dir='ltr'>οὗν</span> <span class='ocrx_word' id='word_1_721' title='bbox 852 5376 1224 5448; x_wconf 86' lang='grc' dir='ltr'>προσωπικῶν</span> <span class='ocrx_word' id='word_1_722' title='bbox 1251 5379 1532 5450; x_wconf 76' lang='grc' dir='ltr'>ὀνομάτων</span> <span class='ocrx_word' id='word_1_723' title='bbox 1558 5381 1645 5434; x_wconf 75' lang='grc' dir='ltr'>ἀεὶ</span> <span class='ocrx_word' id='word_1_724' title='bbox 1679 5383 1853 5447; x_wconf 82' lang='grc' dir='ltr'>θετοῖς</span> <span class='ocrx_word' id='word_1_725' title='bbox 1882 5400 1993 5435; x_wconf 90' lang='grc' dir='ltr'>τισι</span> 
     </span>
    </p>
   </div>
   <div class='ocr_carea' id='block_1_101' title="bbox 421 5465 1997 5540">
    <p class='ocr_par' dir='ltr' id='par_1_101' title="bbox 421 5465 1997 5540">
     <span class='ocr_line' id='line_1_102' title="bbox 421 5465 1997 5540; baseline 0.006 -24"><span class='ocrx_word' id='word_1_726' title='bbox 421 5466 518 5517; x_wconf 74' lang='grc' dir='ltr'>καὶ</span> <span class='ocrx_word' id='word_1_727' title='bbox 557 5465 932 5539; x_wconf 87' lang='grc' dir='ltr'>συμϐεϐηκόσι</span> <span class='ocrx_word' id='word_1_728' title='bbox 966 5471 1085 5533; x_wconf 80' lang='grc' dir='ltr'>ταῖς</span> <span class='ocrx_word' id='word_1_729' title='bbox 1139 5470 1350 5532; x_wconf 78' lang='grc' dir='ltr'>οὐσίαις</span> <span class='ocrx_word' id='word_1_730' title='bbox 1391 5470 1697 5540; x_wconf 86' lang='grc' dir='ltr'>δηλούντων</span> <span class='ocrx_word' id='word_1_731' title='bbox 1727 5473 1826 5537; x_wconf 86' lang='grc' dir='ltr'>τὰς</span> <span class='ocrx_word' id='word_1_732' title='bbox 1861 5474 1997 5526; x_wconf 86' lang='grc' dir='ltr'>ὑπο-</span> 
     </span>
    </p>
   </div>
   <div class='ocr_carea' id='block_1_102' title="bbox 424 5555 1994 5631">
    <p class='ocr_par' dir='ltr' id='par_1_102' title="bbox 424 5555 1994 5631">
     <span class='ocr_line' id='line_1_103' title="bbox 424 5555 1994 5631; baseline 0.003 -23"><span class='ocrx_word' id='word_1_733' title='bbox 424 5555 666 5622; x_wconf 86' lang='grc' dir='ltr'>στάσεις,</span> <span class='ocrx_word' id='word_1_734' title='bbox 691 5557 799 5627; x_wconf 79' lang='grc' dir='ltr'>ἄρα</span> <span class='ocrx_word' id='word_1_735' title='bbox 825 5575 889 5627; x_wconf 88' lang='grc' dir='ltr'>γε</span> <span class='ocrx_word' id='word_1_736' title='bbox 923 5559 1018 5611; x_wconf 76' lang='grc' dir='ltr'><strong>καὶ</strong></span> <span class='ocrx_word' id='word_1_737' title='bbox 1046 5560 1109 5612; x_wconf 87' lang='grc' dir='ltr'><strong>τὸ</strong></span> <span class='ocrx_word' id='word_1_738' title='bbox 1142 5560 1513 5630; x_wconf 75' lang='grc' dir='ltr'>Ἐμμανουήλ,</span> <span class='ocrx_word' id='word_1_739' title='bbox 1541 5561 1682 5614; x_wconf 82' lang='grc' dir='ltr'>κατὰ</span> <span class='ocrx_word' id='word_1_740' title='bbox 1699 5560 1994 5631; x_wconf 86' lang='grc' dir='ltr'>προσώπου</span> 
     </span>
    </p>
   </div>
   <div class='ocr_carea' id='block_1_103' title="bbox 424 5646 1999 5723">
    <p class='ocr_par' dir='ltr' id='par_1_103' title="bbox 424 5646 1999 5723">
     <span class='ocr_line' id='line_1_104' title="bbox 424 5646 1999 5723; baseline 0.002 -24"><span class='ocrx_word' id='word_1_741' title='bbox 424 5646 677 5718; x_wconf 76' lang='grc' dir='ltr'>κείμενόν</span> <span class='ocrx_word' id='word_1_742' title='bbox 723 5651 862 5718; x_wconf 77' lang='grc' dir='ltr'>ἐστι,</span> <span class='ocrx_word' id='word_1_743' title='bbox 912 5651 1036 5704; x_wconf 82' lang='grc' dir='ltr'>καθ’</span> <span class='ocrx_word' id='word_1_744' title='bbox 1068 5650 1097 5704; x_wconf 76' lang='grc' dir='ltr'><strong>ὃ</strong></span> <span class='ocrx_word' id='word_1_745' title='bbox 1154 5652 1446 5722; x_wconf 85' lang='grc' dir='ltr'>πρόσωπον</span> <span class='ocrx_word' id='word_1_746' title='bbox 1477 5652 1825 5722; x_wconf 83' lang='grc' dir='ltr'>συμϐέϐηκεν</span> <span class='ocrx_word' id='word_1_747' title='bbox 1867 5654 1999 5723; x_wconf 84' lang='grc' dir='ltr'>ἡμῖν</span> 
     </span>
    </p>
   </div>
   <div class='ocr_carea' id='block_1_104' title="bbox 428 5740 1998 5818">
    <p class='ocr_par' dir='ltr' id='par_1_104' title="bbox 428 5740 1998 5818">
     <span class='ocr_line' id='line_1_105' title="bbox 428 5740 1998 5818; baseline 0.004 -27"><span class='ocrx_word' id='word_1_748' title='bbox 428 5740 708 5797; x_wconf 80' lang='grc' dir='ltr'>κοινωνίαν</span> <span class='ocrx_word' id='word_1_749' title='bbox 731 5740 876 5812; x_wconf 79' lang='grc' dir='ltr'>ἔχειν</span> <span class='ocrx_word' id='word_1_750' title='bbox 905 5742 1039 5812; x_wconf 85' lang='grc' dir='ltr'>πρὸς</span> <span class='ocrx_word' id='word_1_751' title='bbox 1074 5744 1206 5799; x_wconf 80' lang='grc' dir='ltr'>Θεὸν</span> <span class='ocrx_word' id='word_1_752' title='bbox 1228 5759 1241 5776; x_wconf 88' lang='grc'><strong>·</strong></span> <span class='ocrx_word' id='word_1_753' title='bbox 1275 5745 1432 5817; x_wconf 81' lang='grc' dir='ltr'>εἴπερ</span> <span class='ocrx_word' id='word_1_754' title='bbox 1462 5745 1692 5818; x_wconf 82' lang='grc' dir='ltr'>μεσίτης</span> <span class='ocrx_word' id='word_1_755' title='bbox 1727 5745 1865 5801; x_wconf 85' lang='grc' dir='ltr'>Θεοῦ</span> <span class='ocrx_word' id='word_1_756' title='bbox 1904 5745 1998 5799; x_wconf 74' lang='grc' dir='ltr'><strong>καὶ</strong></span> 
     </span>
    </p>
   </div>
   <div class='ocr_carea' id='block_1_105' title="bbox 2101 4547 3677 4619">
    <p class='ocr_par' dir='ltr' id='par_1_105' title="bbox 2101 4547 3677 4619">
     <span class='ocr_line' id='line_1_106' title="bbox 2101 4547 3677 4619; baseline -0.004 -13"><span class='ocrx_word' id='word_1_757' title='bbox 2101 4552 2248 4606; x_wconf 92' lang='lat' dir='ltr'><strong>tibus</strong></span> <span class='ocrx_word' id='word_1_758' title='bbox 2301 4550 2628 4605; x_wconf 89' lang='lat' dir='ltr'><strong>Emmanuel</strong></span> <span class='ocrx_word' id='word_1_759' title='bbox 2686 4549 2743 4603; x_wconf 90' lang='lat' dir='ltr'><strong>in</strong></span> <span class='ocrx_word' id='word_1_760' title='bbox 2793 4548 3010 4619; x_wconf 89' lang='lat' dir='ltr'><strong>signum</strong></span> <span class='ocrx_word' id='word_1_761' title='bbox 3065 4548 3247 4602; x_wconf 90' lang='lat' dir='ltr'><strong>istius.</strong></span> <span class='ocrx_word' id='word_1_762' title='bbox 3303 4547 3411 4601; x_wconf 90' lang='lat' dir='ltr'><strong>Sed</strong></span> <span class='ocrx_word' id='word_1_763' title='bbox 3464 4548 3677 4600; x_wconf 91' lang='lat' dir='ltr'><strong>nullum</strong></span> 
     </span>
    </p>
   </div>
   <div class='ocr_carea' id='block_1_106' title="bbox 2099 4642 3677 4714">
    <p class='ocr_par' dir='ltr' id='par_1_106' title="bbox 2099 4642 3677 4714">
     <span class='ocr_line' id='line_1_107' title="bbox 2099 4642 3677 4714; baseline -0.001 -16"><span class='ocrx_word' id='word_1_764' title='bbox 2099 4643 2249 4698; x_wconf 91' lang='lat' dir='ltr'><strong>aliud</strong></span> <span class='ocrx_word' id='word_1_765' title='bbox 2297 4659 2498 4698; x_wconf 87' lang='lat' dir='ltr'><strong>nomen</strong></span> <span class='ocrx_word' id='word_1_766' title='bbox 2535 4642 2802 4714; x_wconf 86' lang='lat' dir='ltr'><strong>speciale;</strong></span> <span class='ocrx_word' id='word_1_767' title='bbox 2831 4643 2978 4713; x_wconf 86' lang='lat' dir='ltr'><strong>quod</strong></span> <span class='ocrx_word' id='word_1_768' title='bbox 3014 4643 3242 4712; x_wconf 90' lang='lat' dir='ltr'><strong>quidam</strong></span> <span class='ocrx_word' id='word_1_769' title='bbox 3291 4643 3458 4714; x_wconf 85' lang='lat' dir='ltr'><strong>igitur</strong></span> <span class='ocrx_word' id='word_1_770' title='bbox 3488 4642 3677 4696; x_wconf 89' lang='lat' dir='ltr'><strong>Domi-</strong></span> 
     </span>
    </p>
   </div>
   <div class='ocr_carea' id='block_1_107' title="bbox 2097 4735 3675 4806">
    <p class='ocr_par' dir='ltr' id='par_1_107' title="bbox 2097 4735 3675 4806">
     <span class='ocr_line' id='line_1_108' title="bbox 2097 4735 3675 4806; baseline -0.001 -16"><span class='ocrx_word' id='word_1_771' title='bbox 2097 4752 2231 4791; x_wconf 91' lang='lat' dir='ltr'><strong>num</strong></span> <span class='ocrx_word' id='word_1_772' title='bbox 2262 4735 2720 4806; x_wconf 89' lang='lat' dir='ltr'><strong>dieunt,positnm</strong></span> <span class='ocrx_word' id='word_1_773' title='bbox 2749 4735 2867 4795; x_wconf 58' lang='lat' dir='ltr'><strong>sub,</strong></span> <span class='ocrx_word' id='word_1_774' title='bbox 2888 4735 3125 4806; x_wconf 88' lang='lat' dir='ltr'><strong>imagine</strong></span> <span class='ocrx_word' id='word_1_775' title='bbox 3156 4735 3321 4790; x_wconf 85' lang='lat' dir='ltr'><strong>unius</strong></span> <span class='ocrx_word' id='word_1_776' title='bbox 3347 4735 3675 4805; x_wconf 81' lang='lat' dir='ltr'><strong>hypostasis,</strong></span> 
     </span>
    </p>
   </div>
   <div class='ocr_carea' id='block_1_108' title="bbox 2098 4826 3675 4899">
    <p class='ocr_par' dir='ltr' id='par_1_108' title="bbox 2098 4826 3675 4899">
     <span class='ocr_line' id='line_1_109' title="bbox 2098 4826 3675 4899; baseline -0.002 -16"><span class='ocrx_word' id='word_1_777' title='bbox 2098 4827 2425 4897; x_wconf 87' lang='lat' dir='ltr'><strong>simpliciter</strong></span> <span class='ocrx_word' id='word_1_778' title='bbox 2467 4827 2718 4899; x_wconf 89' lang='lat' dir='ltr'><strong>designat</strong></span> <span class='ocrx_word' id='word_1_779' title='bbox 2768 4835 3042 4882; x_wconf 87' lang='lat' dir='ltr'><strong>naturam.</strong></span> <span class='ocrx_word' id='word_1_780' title='bbox 3089 4827 3197 4882; x_wconf 88' lang='lat' dir='ltr'><strong>Sed</strong></span> <span class='ocrx_word' id='word_1_781' title='bbox 3230 4843 3332 4882; x_wconf 92' lang='lat' dir='ltr'><strong>nec</strong></span> <span class='ocrx_word' id='word_1_782' title='bbox 3373 4826 3675 4890; x_wconf 77' lang='lat' dir='ltr'><strong>deﬁnitive,</strong></span> 
     </span>
    </p>
   </div>
   <div class='ocr_carea' id='block_1_109' title="bbox 2097 4915 3676 4986">
    <p class='ocr_par' dir='ltr' id='par_1_109' title="bbox 2097 4915 3676 4986">
     <span class='ocr_line' id='line_1_110' title="bbox 2097 4915 3676 4986; baseline -0.001 -17"><span class='ocrx_word' id='word_1_783' title='bbox 2097 4931 2201 4971; x_wconf 88' lang='lat' dir='ltr'><strong>nec</strong></span> <span class='ocrx_word' id='word_1_784' title='bbox 2230 4916 2611 4986; x_wconf 89' lang='lat' dir='ltr'><strong>signiﬁealive,</strong></span> <span class='ocrx_word' id='word_1_785' title='bbox 2646 4926 2707 4969; x_wconf 89' lang='lat' dir='ltr'><strong>ut</strong></span> <span class='ocrx_word' id='word_1_786' title='bbox 2747 4917 2972 4970; x_wconf 87' lang='lat' dir='ltr'><strong>nomina</strong></span> <span class='ocrx_word' id='word_1_787' title='bbox 2997 4917 3310 4970; x_wconf 91' lang='lat' dir='ltr'><strong>communia</strong></span> <span class='ocrx_word' id='word_1_788' title='bbox 3343 4923 3398 4970; x_wconf 88' lang='lat' dir='ltr'><strong>et</strong></span> <span class='ocrx_word' id='word_1_789' title='bbox 3438 4915 3676 4984; x_wconf 89' lang='lat' dir='ltr'><strong>appella-</strong></span> 
     </span>
    </p>
   </div>
   <div class='ocr_carea' id='block_1_110' title="bbox 2099 5004 3676 5078">
    <p class='ocr_par' dir='ltr' id='par_1_110' title="bbox 2099 5004 3676 5078">
     <span class='ocr_line' id='line_1_111' title="bbox 2099 5004 3676 5078; baseline -0.004 -16"><span class='ocrx_word' id='word_1_790' title='bbox 2099 5009 2210 5062; x_wconf 91' lang='lat' dir='ltr'><strong>tiva</strong></span> <span class='ocrx_word' id='word_1_791' title='bbox 2236 5008 2516 5078; x_wconf 89' lang='lat' dir='ltr'><strong>aliquibus</strong></span> <span class='ocrx_word' id='word_1_792' title='bbox 2540 5007 2685 5062; x_wconf 84' lang='lat' dir='ltr'><strong>dicta</strong></span> <span class='ocrx_word' id='word_1_793' title='bbox 2710 5007 2999 5063; x_wconf 89' lang='lat' dir='ltr'><strong>remittunt</strong></span> <span class='ocrx_word' id='word_1_794' title='bbox 3041 5007 3430 5076; x_wconf 89' lang='lat' dir='ltr'><strong>cogitationem</strong></span> <span class='ocrx_word' id='word_1_795' title='bbox 3483 5004 3535 5057; x_wconf 91' lang='lat' dir='ltr'><strong>in</strong></span> <span class='ocrx_word' id='word_1_796' title='bbox 3575 5020 3676 5057; x_wconf 89' lang='lat' dir='ltr'><strong>na-</strong></span> 
     </span>
    </p>
   </div>
   <div class='ocr_carea' id='block_1_111' title="bbox 2099 5097 3677 5170">
    <p class='ocr_par' dir='ltr' id='par_1_111' title="bbox 2099 5097 3677 5170">
     <span class='ocr_line' id='line_1_112' title="bbox 2099 5097 3677 5170; baseline -0.003 -15"><span class='ocrx_word' id='word_1_797' title='bbox 2099 5117 2214 5155; x_wconf 90' lang='lat' dir='ltr'><strong>ram</strong></span> <span class='ocrx_word' id='word_1_798' title='bbox 2251 5101 2576 5170; x_wconf 87' lang='lat' dir='ltr'><strong>plerumque</strong></span> <span class='ocrx_word' id='word_1_799' title='bbox 2609 5098 2746 5152; x_wconf 90' lang='lat' dir='ltr'><strong>nihil</strong></span> <span class='ocrx_word' id='word_1_800' title='bbox 2785 5098 3010 5152; x_wconf 91' lang='lat' dir='ltr'><strong>omnino</strong></span> <span class='ocrx_word' id='word_1_801' title='bbox 3057 5097 3322 5151; x_wconf 88' lang='lat' dir='ltr'><strong>indicant.</strong></span> <span class='ocrx_word' id='word_1_802' title='bbox 3352 5097 3458 5149; x_wconf 89' lang='lat' dir='ltr'><strong>Per</strong></span> <span class='ocrx_word' id='word_1_803' title='bbox 3486 5110 3677 5150; x_wconf 85' lang='lat' dir='ltr'><strong>vocem</strong></span> 
     </span>
    </p>
   </div>
   <div class='ocr_carea' id='block_1_112' title="bbox 2099 5187 3678 5261">
    <p class='ocr_par' dir='ltr' id='par_1_112' title="bbox 2099 5187 3678 5261">
     <span class='ocr_line' id='line_1_113' title="bbox 2099 5187 3678 5261; baseline -0.003 -14"><span class='ocrx_word' id='word_1_804' title='bbox 2099 5193 2245 5249; x_wconf 91' lang='lat' dir='ltr'><strong>enim</strong></span> <span class='ocrx_word' id='word_1_805' title='bbox 2291 5192 2517 5256; x_wconf 77' lang='grc' dir='ltr'><em>ξὰνθον</em></span> <span class='ocrx_word' id='word_1_806' title='bbox 2543 5189 2783 5261; x_wconf 84' lang='lat' dir='ltr'><strong>(ﬂavum)</strong></span> <span class='ocrx_word' id='word_1_807' title='bbox 2818 5189 3106 5245; x_wconf 88' lang='lat' dir='ltr'><strong>audientes</strong></span> <span class='ocrx_word' id='word_1_808' title='bbox 3134 5188 3239 5243; x_wconf 90' lang='lat' dir='ltr'><strong>sibi</strong></span> <span class='ocrx_word' id='word_1_809' title='bbox 3268 5199 3498 5257; x_wconf 79' lang='lat' dir='ltr'><strong>possunt</strong></span> <span class='ocrx_word' id='word_1_810' title='bbox 3519 5187 3678 5243; x_wconf 87' lang='lat' dir='ltr'><strong>eﬁin-</strong></span> 
     </span>
    </p>
   </div>
   <div class='ocr_carea' id='block_1_113' title="bbox 2099 5279 3674 5354">
    <p class='ocr_par' dir='ltr' id='par_1_113' title="bbox 2099 5279 3674 5354">
     <span class='ocr_line' id='line_1_114' title="bbox 2099 5279 3674 5354; baseline -0.004 -16"><span class='ocrx_word' id='word_1_811' title='bbox 2099 5299 2226 5354; x_wconf 87' lang='lat' dir='ltr'><strong>gere</strong></span> <span class='ocrx_word' id='word_1_812' title='bbox 2276 5298 2478 5352; x_wconf 89' lang='lat' dir='ltr'><strong>equum</strong></span> <span class='ocrx_word' id='word_1_813' title='bbox 2524 5279 2836 5350; x_wconf 87' lang='lat' dir='ltr'><strong>quemdam,</strong></span> <span class='ocrx_word' id='word_1_814' title='bbox 2880 5280 2962 5333; x_wconf 88' lang='lat' dir='ltr'><strong>vel</strong></span> <span class='ocrx_word' id='word_1_815' title='bbox 2993 5280 3220 5333; x_wconf 86' lang='lat' dir='ltr'><strong>ﬂuvium</strong></span> <span class='ocrx_word' id='word_1_816' title='bbox 3269 5287 3326 5334; x_wconf 91' lang='lat' dir='ltr'><strong>et</strong></span> <span class='ocrx_word' id='word_1_817' title='bbox 3372 5279 3674 5333; x_wconf 86' lang='lat' dir='ltr'><strong>hominem.</strong></span> 
     </span>
    </p>
   </div>
   <div class='ocr_carea' id='block_1_114' title="bbox 2098 5368 3681 5441">
    <p class='ocr_par' dir='ltr' id='par_1_114' title="bbox 2098 5368 3681 5441">
     <span class='ocr_line' id='line_1_115' title="bbox 2098 5368 3681 5441; baseline -0.002 -15"><span class='ocrx_word' id='word_1_818' title='bbox 2098 5373 2233 5426; x_wconf 84' lang='lat' dir='ltr'><strong>Cum</strong></span> <span class='ocrx_word' id='word_1_819' title='bbox 2259 5372 2425 5441; x_wconf 85' lang='lat' dir='ltr'><strong>igitur</strong></span> <span class='ocrx_word' id='word_1_820' title='bbox 2445 5370 2667 5425; x_wconf 89' lang='lat' dir='ltr'><strong>nomina</strong></span> <span class='ocrx_word' id='word_1_821' title='bbox 2697 5369 3010 5439; x_wconf 88' lang='lat' dir='ltr'><strong>personalia</strong></span> <span class='ocrx_word' id='word_1_822' title='bbox 3039 5368 3244 5423; x_wconf 86' lang='lat' dir='ltr'><strong>additis</strong></span> <span class='ocrx_word' id='word_1_823' title='bbox 3268 5369 3593 5440; x_wconf 90' lang='lat' dir='ltr'><strong>quibusdam</strong></span> <span class='ocrx_word' id='word_1_824' title='bbox 3624 5377 3681 5423; x_wconf 84' lang='lat' dir='ltr'><strong>et</strong></span> 
     </span>
    </p>
   </div>
   <div class='ocr_carea' id='block_1_115' title="bbox 2099 5463 3680 5535">
    <p class='ocr_par' dir='ltr' id='par_1_115' title="bbox 2099 5463 3680 5535">
     <span class='ocr_line' id='line_1_116' title="bbox 2099 5463 3680 5535; baseline -0.001 -15"><span class='ocrx_word' id='word_1_825' title='bbox 2099 5463 2479 5520; x_wconf 87' lang='lat' dir='ltr'><strong>accidentibus</strong></span> <span class='ocrx_word' id='word_1_826' title='bbox 2556 5463 2992 5518; x_wconf 84' lang='lat' dir='ltr'><strong>substantiarum</strong></span> <span class='ocrx_word' id='word_1_827' title='bbox 3058 5478 3277 5532; x_wconf 88' lang='lat' dir='ltr'><strong>semper</strong></span> <span class='ocrx_word' id='word_1_828' title='bbox 3357 5464 3680 5535; x_wconf 76' lang='lat' dir='ltr'><strong>hypostascs</strong></span> 
     </span>
    </p>
   </div>
   <div class='ocr_carea' id='block_1_116' title="bbox 2101 5555 3680 5628">
    <p class='ocr_par' dir='ltr' id='par_1_116' title="bbox 2101 5555 3680 5628">
     <span class='ocr_line' id='line_1_117' title="bbox 2101 5555 3680 5628; baseline -0.002 -15"><span class='ocrx_word' id='word_1_829' title='bbox 2101 5559 2424 5628; x_wconf 77' lang='lat' dir='ltr'><strong>designant;</strong></span> <span class='ocrx_word' id='word_1_830' title='bbox 2460 5571 2591 5625; x_wconf 90' lang='lat' dir='ltr'><strong>ergo</strong></span> <span class='ocrx_word' id='word_1_831' title='bbox 2614 5566 2670 5609; x_wconf 90' lang='lat' dir='ltr'><strong>et</strong></span> <span class='ocrx_word' id='word_1_832' title='bbox 2697 5570 2898 5609; x_wconf 91' lang='lat' dir='ltr'><strong>nomen</strong></span> <span class='ocrx_word' id='word_1_833' title='bbox 2933 5556 3256 5612; x_wconf 88' lang='lat' dir='ltr'><strong>Emmanuel</strong></span> <span class='ocrx_word' id='word_1_834' title='bbox 3285 5572 3532 5628; x_wconf 86' lang='lat' dir='ltr'><strong>personae</strong></span> <span class='ocrx_word' id='word_1_835' title='bbox 3581 5555 3680 5610; x_wconf 87' lang='lat' dir='ltr'><strong>tri-</strong></span> 
     </span>
    </p>
   </div>
   <div class='ocr_carea' id='block_1_117' title="bbox 2100 5645 3678 5717">
    <p class='ocr_par' dir='ltr' id='par_1_117' title="bbox 2100 5645 3678 5717">
     <span class='ocr_line' id='line_1_118' title="bbox 2100 5645 3678 5717; baseline -0.003 -14"><span class='ocrx_word' id='word_1_836' title='bbox 2100 5649 2288 5704; x_wconf 88' lang='lat' dir='ltr'><strong>buitur</strong></span> <span class='ocrx_word' id='word_1_837' title='bbox 2325 5664 2421 5717; x_wconf 90' lang='lat' dir='ltr'><strong>per</strong></span> <span class='ocrx_word' id='word_1_838' title='bbox 2462 5663 2625 5714; x_wconf 86' lang='lat' dir='ltr'><strong>quam</strong></span> <span class='ocrx_word' id='word_1_839' title='bbox 2662 5645 2864 5700; x_wconf 84' lang='lat' dir='ltr'><strong>accidit</strong></span> <span class='ocrx_word' id='word_1_840' title='bbox 2908 5645 3071 5700; x_wconf 79' lang='lat' dir='ltr'><strong>nobis</strong></span> <span class='ocrx_word' id='word_1_841' title='bbox 3108 5648 3426 5702; x_wconf 80' lang='lat' dir='ltr'><strong>societatem</strong></span> <span class='ocrx_word' id='word_1_842' title='bbox 3477 5645 3678 5700; x_wconf 81' lang='lat' dir='ltr'><strong>habere</strong></span> 
     </span>
    </p>
   </div>
   <div class='ocr_carea' id='block_1_118' title="bbox 2101 5738 3675 5812">
    <p class='ocr_par' dir='ltr' id='par_1_118' title="bbox 2101 5738 3675 5812">
     <span class='ocr_line' id='line_1_119' title="bbox 2101 5738 3675 5812; baseline -0.004 -14"><span class='ocrx_word' id='word_1_843' title='bbox 2101 5758 2224 5798; x_wconf 82' lang='lat' dir='ltr'><strong>cum</strong></span> <span class='ocrx_word' id='word_1_844' title='bbox 2256 5742 2368 5797; x_wconf 89' lang='lat' dir='ltr'><strong>Deo</strong></span> <span class='ocrx_word' id='word_1_845' title='bbox 2399 5759 2411 5796; x_wconf 88' lang='lat'><strong>:</strong></span> <span class='ocrx_word' id='word_1_846' title='bbox 2457 5742 2728 5812; x_wconf 85' lang='lat' dir='ltr'><strong>siquidem</strong></span> <span class='ocrx_word' id='word_1_847' title='bbox 2759 5741 2852 5796; x_wconf 89' lang='lat' dir='ltr'><strong>Dei</strong></span> <span class='ocrx_word' id='word_1_848' title='bbox 2889 5748 2944 5795; x_wconf 84' lang='lat' dir='ltr'><strong>et</strong></span> <span class='ocrx_word' id='word_1_849' title='bbox 2990 5740 3276 5794; x_wconf 86' lang='lat' dir='ltr'><strong>hominum</strong></span> <span class='ocrx_word' id='word_1_850' title='bbox 3320 5739 3435 5808; x_wconf 89' lang='lat' dir='ltr'><strong>ipsc</strong></span> <span class='ocrx_word' id='word_1_851' title='bbox 3476 5738 3675 5794; x_wconf 63' lang='lat' dir='ltr'><strong>Inedia»</strong></span> 
     </span>
    </p>
   </div>
  </div>
