4116 6432
539 318 649 385 715

1781 318 2095 386 LEONTII
2137 320 2540 388 BYZANTINI

3642 317 3766 387 1716

494 452 583 496 tor
629 448 737 497 est.
764 439 819 495 Si
860 451 1046 497 autem
1095 455 1298 496 nomen
1347 439 1403 495 in
1450 438 1657 495 auxilio
1696 439 1899 510 jaceat,
1936 440 2084 511 quod

2192 440 2497 512 ανθρώπων
2531 431 2690 504 οὗτός
2737 442 2932 495 ἐστιν·
2971 442 3021 497 εἰ
3073 441 3128 496 δὲ
3179 442 3242 496 τὸ
3289 442 3461 513 ὄνομα
3509 442 3652 495 κατὰ
3677 445 3770 513 τῆς

494 535 815 589 nominatur
856 534 1157 600 auxilium,
1206 533 1532 589 Emmanuel
1578 533 1745 589 etiam
1795 534 2085 603 subiacet:

492 642 645 697 ergo,
694 626 741 681 si
774 626 920 697 quod
967 626 1146 696 pariet
1172 626 1360 699 Virgo,
1405 626 1511 682 hoc
1552 626 1878 681 Emmanuel
1922 641 2087 682 voca-

492 717 633 771 bunt
662 717 969 771 secundum
996 717 1346 786 prophetam,
1380 716 1645 771 auxilium
1678 715 1863 786 paruit
1897 726 2087 771 etnon

491 820 776 873 naturam,
822 824 926 863 nec
974 808 1312 880 hypostasim
1370 817 1528 863 utero
1582 801 1835 877 concepit
1882 809 2085 877 puella.

493 900 607 955 lloe
640 911 822 955 autem
866 902 910 954 si
943 901 1244 955 absurdum
1278 900 1531 954 videatur
1557 909 1784 970 prOpter
1814 914 1935 953 eam
1967 915 2089 968 qua:

494 990 549 1044 in
577 989 866 1060 prophetia
911 989 1249 1044 nominative
1293 989 1639 1059 designatur,
1681 988 1921 1058 aliquam
1958 988 2091 1042 sub-

493 1083 753 1137 stantiam
780 1098 879 1152 per
904 1097 962 1138 se
986 1082 1380 1137 subsistentem
1410 1080 1801 1152 intelligemus.

1115 1255 1267 1312 CAP.
1310 1251 1447 1310 XLI.

563 1342 622 1405 Si
652 1358 951 1419 propterea
976 1348 1075 1403 Dei
1104 1346 1378 1411 Genitrix,
1410 1348 1539 1418 quia
1573 1347 1764 1419 genuit
1795 1345 1968 1403 Deum
1993 1363 2087 1403 ve-

494 1450 641 1507 rum,
674 1442 749 1496 ita
779 1442 946 1497 etiam
973 1453 1139 1496 verus
1166 1440 1333 1507 Deus,
1362 1449 1590 1511 promer
1616 1441 1723 1495 hoc
1750 1440 1894 1495 Deus
1920 1454 2087 1495 verus

494 1543 786 1604 nostquam
814 1542 977 1588 natus
999 1548 1064 1587 ex
1095 1526 1342 1604 Virgine.
1375 1531 1483 1587 Sed
1518 1532 1563 1587 si
1594 1532 1801 1602 aliquid
1835 1533 2087 1586 nomina-

497 1634 613 1678 tum
658 1625 961 1681 derivativo
985 1626 1072 1680 vel
1105 1624 1469 1697 signiﬁcative
1495 1643 1606 1683 non
1634 1627 1801 1683 habet
1828 1643 2085 1683 necessa-

496 1718 578 1772 tio
599 1730 727 1773 vere
749 1718 1230 1789 participationem
1253 1721 1339 1774 vel
1361 1720 1923 1775 accommodationem
1950 1736 2087 1790 prte-

496 1808 801 1864 nuntiatam
826 1821 952 1864 cum
992 1826 1155 1865 causa
1185 1812 1544 1875 nominativa,
1568 1820 1861 1882 propterea
1893 1812 2081 1879 etiam,

492 1900 540 1954 si
572 1910 802 1971 propter
832 1918 912 1967 se,
948 1903 1033 1957 vel
1070 1903 1239 1958 relate
1271 1903 1337 1957 ad
1368 1903 1539 1971 aliud,
1568 1916 1657 1958 res
1682 1904 1879 1959 habeat
1906 1905 2082 1975 impo-

492 1996 658 2050 situm
702 2010 906 2051 nomen
954 2013 984 2051 a
1030 2012 1139 2066 quo
1185 1997 1531 2067 participatio
1571 1997 1657 2052 vel
1705 1997 1979 2053 derivatio
2015 1999 2081 2053 ad

491 2088 912 2159 participante’m
957 2088 1042 2143 vel
1097 2086 1406 2144 derivatum
1455 2090 1656 2159 ipsum,
1705 2092 2082 2147 necessarium

489 2181 703 2236 esthoc
726 2192 926 2237 nomen
956 2180 1179 2237 aliunde
1222 2187 1533 2237 mutuatum
1579 2188 1859 2239 revertere
1889 2181 1956 2239 ad
1982 2202 2082 2240 no-

491 2286 617 2330 men
652 2275 974 2345 impositum
998 2284 1229 2345 propter
1251 2290 1310 2330 se
1330 2276 1417 2330 vel
1455 2276 1626 2331 relate
1646 2276 1712 2332 ad
1738 2277 1918 2343 aliud;
1956 2294 2081 2333 nam

490 2368 743 2434 quamvis
786 2373 1002 2420 amator
1047 2366 1296 2436 iustitiae,
1341 2382 1474 2421 vere
1509 2369 1832 2423 nominetur
1870 2378 2083 2425 amator

490 2455 736 2525 iustitiae,
769 2470 879 2510 non
908 2464 1200 2524 propterea
1228 2456 1359 2510 item
1382 2456 1617 2526 justitia,
1644 2472 1713 2511 ex
1744 2456 1849 2511 hoc
1868 2459 2081 2528 justitia

492 2547 700 2603 dicitur
743 2549 873 2618 quia
918 2554 1135 2602 amatur
1167 2547 1237 2602 ab
1273 2548 1519 2613 homine,
1555 2549 1831 2619 siquidem
1867 2550 2083 2621 injusti-

492 2638 569 2692 tia
617 2637 855 2693 subinde
900 2646 1115 2693 amatur
1160 2639 1229 2693 ab
1264 2639 1511 2694 homine.
1550 2640 1671 2695 Alio
1708 2641 1877 2696 verbo
1917 2642 2084 2713 igitur

489 2729 939 2800 exprimendum,
971 2731 1183 2801 justum
1210 2731 1504 2802 justitiam,
1540 2732 1594 2785 in
1634 2749 1693 2787 se
1736 2743 1792 2788 et
1828 2734 1881 2787 in
1912 2735 2084 2805 parti-

490 2819 688 2882 cu'lari,
722 2828 778 2874 et
811 2820 920 2875 alio
945 2827 1158 2876 amator
1180 2821 1411 2891 justitiae
1442 2822 1538 2892 qui
1566 2822 1634 2877 ad
1664 2823 1873 2893 aliquid
1898 2825 2082 2895 aliquo

492 2911 656 2967 modo
680 2927 738 2967 se
776 2913 964 2979 habet,
997 2914 1084 2969 vel
1118 2914 1187 2969 ad
1218 2915 1506 2985 injustum.
1540 2917 1639 2971 Dei
1682 2918 1921 2987 genitrix
1950 2934 2082 2989 ergo

492 3003 799 3059 derivative
830 3005 1035 3061 dicitur
1086 3016 1279 3078 utpote
1329 3008 1521 3079 genuit
1562 3010 1756 3074 Deum,
1795 3010 1891 3066 sed
1932 3011 2078 3067 Deus

491 3111 602 3149 non
649 3094 975 3163 derivative,
1006 3112 1113 3153 nec
1156 3098 1226 3154 ab
1270 3099 1381 3155 alio
1417 3115 1618 3157 nomen
1649 3100 1840 3168 habet,
1875 3101 1973 3159 sed
2014 3118 2083 3160 ex
2112 3118 2154 3175 (;

493 3187 717 3258 pmpria
744 3196 964 3244 natura.

1105 3293 1257 3352 CAP.
1299 3292 1462 3352 XLII.

560 3380 620 3442 Si
668 3387 974 3443 secundum
1029 3387 1179 3444 hunc
1225 3398 1444 3461 tropum
1486 3392 1540 3446 in
1568 3407 1812 3460 carnem,
1837 3392 2080 3452 Verbum

490 3493 619 3534 caro
651 3481 853 3536 factum
903 3492 1008 3550 est,
1040 3483 1330 3539 evidenter
1376 3478 1620 3540 Verbum
1658 3480 1823 3543 habet
1870 3498 2082 3545 creato-

492 3582 607 3626 rem
650 3582 708 3627 et
747 3581 1003 3638 matrem,
1054 3574 1099 3629 si
1135 3592 1270 3630 vero
1305 3577 1424 3632 sine
1474 3586 1634 3648 tropo
1664 3579 1905 3635 Verbum
1951 3598 2081 3637 caro

490 3661 692 3721 factum
741 3676 847 3734 est,
887 3668 1164 3737 quomodo
1198 3669 1440 3725 Verbum
1485 3687 1594 3726 non
1626 3682 1772 3727 esset
1808 3675 2080 3744 tropicum

490 3762 553 3811 ut
587 3772 755 3830 agens
805 3767 881 3821 et.
909 3761 1131 3831 genitus
1168 3762 1415 3832 tropice?
1459 3762 1718 3818 Genitum
1767 3775 1852 3820 est
1898 3766 2081 3836 aliqua

489 3850 866 3918 generatione,
904 3867 1014 3906 non
1052 3853 1523 3921 transformatum,
1560 3856 1655 3911 sed
1701 3873 1804 3914 nec
1854 3876 2081 3915 manens

490 3955 719 4008 prorsus
753 3942 987 4009 nudum,
1034 3954 1137 3999 nec
1174 3943 1229 3999 in
1253 3958 1397 4013 esse,
1433 3962 1537 4003 nec
1561 3964 1790 4005 manens
1818 3950 1883 4005 ad
1915 3967 1974 4006 se
2007 3953 2082 4007 si-

490 4032 695 4087 militer
727 4050 957 4104 prorsus
989 4032 1444 4105 describendum,
1486 4037 1581 4095 sed
1622 4058 1747 4097 cum
1799 4059 1993 4109 carne;
2025 4054 2082 4100 et

489 4124 745 4180 Similiter
780 4126 849 4182 de
877 4136 1074 4183 caetero
1118 4137 1202 4185 est
1234 4131 1547 4202 hypostasis
1597 4144 1752 4189 certo
1796 4134 1961 4190 modo
1991 4136 2079 4191 di-

488 4230 645 4273 verse
666 4219 875 4288 posita,
913 4226 973 4275 ut
1014 4222 1191 4278 audeo
1218 4222 1426 4291 dicere,
1462 4226 1813 4294 propriorum
1847 4227 2079 4283 idioma—

491 4314 603 4363 tum
642 4306 826 4378 Verbi,
856 4310 930 4366 ita
955 4327 1060 4368 nec
1092 4309 1419 4368 idiomatum
1453 4324 1513 4368 ut
1542 4311 1660 4380 Dei,
1691 4313 1787 4371 sed
1820 4318 1996 4387 gratia
2026 4326 2082 4374 et

489 4402 868 4473 acceptatione
896 4402 1134 4461 aliorum
1179 4402 1503 4461 idiomatum
1536 4405 1697 4464 Iesus
1724 4418 1781 4465 et
1808 4419 1869 4463 ut
1902 4410 2080 4466 homi-

2196 536 2518 605 συμμαχίας
2542 535 2658 589 έστί
2692 535 2970 606 κείμενον,
2995 536 3093 590 καί⁹
3127 535 3189 589 τὸ
3226 535 3527 607 ὀνομαστὸν
3567 538 3602 606 ἡ
3637 554 3768 607 συμ-

2194 624 2370 695 μαχία
2409 626 2527 679 ἐστὶ
2559 628 2620 679 τὸ
2672 626 2768 680 καὶ
2826 627 3190 697 ὑποκείμενον
3223 625 3320 679 τοῦ
3377 626 3727 698 Ἐμμανουήλ
3751 644 3765 659 ο

2191 714 2302 785 ἄρα
2328 710 2443 781 οὖν,
2471 717 2520 769 εἰ
2560 715 2589 768 ὃ
2616 715 2833 781 τέξεται
2869 718 2901 788 ἡ
2932 718 3232 789 Παρθένος,
3279 717 3439 772 τοῦτο
3484 719 3767 773 καλέσουσι

2190 807 2250 860 τὸ
2273 807 2445 877 ὄνομα
2506 809 2859 879 Ἐμμανουήλ
2898 808 3040 863 κατὰ
3074 810 3164 863 τὸν
3208 811 3519 881 προφήτην,
3554 827 3768 880 συμμα-

2191 899 2314 970 χίαν
2344 899 2498 953 ἔτεκε
2528 902 2625 954 καὶ
2652 902 2714 954 οὐ
2746 901 2930 970 φύσιν,
2964 902 3063 973 οὐχ
3110 902 3407 956 ὑπόστασιν
3435 906 3467 972 ἡ
3488 904 3546 956 ὲν
3576 902 3767 971 γαστρί
3858 922 3863 926 ·

2195 989 2543 1043 συλλαϐοῦσα
2559 990 2696 1062 κόρη
2721 1009 2733 1023 ·
2764 991 2889 1045 εἰδὲ
2929 992 3048 1045 τόδε
3071 991 3270 1045 ἄτοπον
3322 992 3413 1045 διὰ
3436 994 3535 1063 τῆς
3591 1011 3767 1064 σημα-

2196 1082 2318 1148 σίας
2354 1082 2732 1153 ὀνομαστικῶς
2763 1085 3196 1156 σημαινομένην,
3218 1085 3340 1140 τινὰ
3367 1085 3770 1141 αὑθυπόστατον

2191 1174 2432 1246 ὓπαρξιν
2460 1177 2553 1247 νοή
2564 1193 2752 1249 σομεν.

2476 1256 2483 1327 ζ
2768 1268 3023 1330 ΚΕΦΑΛ.
3061 1268 3202 1329 MA'.

2262 1364 2325 1416 Εἰ
2350 1361 2439 1416 διὰ
2461 1362 2620 1417 τοῦτο
2648 1362 2911 1427 Θεοτόκος
2940 1365 2974 1435 ἡ
3026 1364 3322 1434 Παρθένος,
3362 1366 3446 1420 ὅτι
3497 1365 3589 1421 τὸν
3637 1364 3767 1438 ἀλη-

2190 1450 2338 1508 θινὸν
2366 1455 2499 1507 Θεὸν
2524 1454 2808 1525 ἐγέννησε,
2846 1456 2945 1507 καὶ
2982 1456 3010 1509 6
3051 1454 3442 1527 ἀληθινὸςηᾶρα
3475 1452 3630 1521 Θεὸς,
3685 1457 3768 1510 διὰ

2187 1544 2350 1598 τοῦτο
2387 1544 2642 1615 ἀληθινὸς
2672 1546 2824 1613 Θεὸς,
2850 1547 3039 1618 ἐπειδὴ
3063 1547 3587 1619 παρθενογέννητος.
3633 1546 3770 1602 Ἀλλ’

2187 1636 2289 1691 οὐκ
2312 1634 2368 1689 εί
2420 1654 2473 1691 τι
2522 1631 2872 1708 παρωνύμως
2914 1636 2949 1708 ἣ
3005 1634 3347 1709 φερωνύμως
3381 1638 3771 1711 ὠνομασμένον

2187 1730 2503 1799 ἀναγκαίως
2542 1730 2659 1801 ἔχει
2688 1730 2865 1802 ἀληθῆ
2899 1731 3445 1804 προωμολογημένην
3474 1730 3574 1803 τὴν
3643 1733 3772 1803 μέθο

2187 1820 2303 1887 εξιν
2329 1821 2363 1893 ἢ
2394 1820 2668 1892 σύμϐασιν
2693 1822 2789 1877 τοῦ
2816 1823 3235 1893 ὀνοματιστικοῦ
3271 1822 3468 1888 αἰτίου,
3494 1826 3581 1881 διὰ
3611 1824 3769 1880 τοῦτο

2189 1911 2285 1965 καί
2312 1914 2361 1965 εἰ
2392 1911 2518 1965 καθ’
2544 1912 2676 1966 αὑτὸ
2706 1911 2739 1983 ἢ
2764 1913 2903 1984 πρὸς
2929 1914 3117 1984 ἕτερόν
3146 1932 3198 1968 τι
3229 1915 3343 1985 ἔχοι
3378 1917 3637 1986 κείμενον
3665 1916 3773 1971 bvo-

2189 2021 2266 2074 μα
2295 2002 2355 2059 τὸ
2378 2005 2470 2073 ἀφ’
2500 1997 2561 2059 οὗ
2606 2006 2640 2076 ἡ
2670 2005 2906 2075 μέθεξις,
2941 2006 2975 2078 ἦ
3012 2010 3045 2077 ἡ
3078 2007 3414 2078 παρωνυμία
3454 2010 3593 2081 πρὸς
3642 2012 3773 2064 αὐτὸ

2187 2092 2248 2148 τὸ
2286 2094 2513 2165 μετέχον
2565 2094 3096 2166 ἢπαρωνομασθὲν,
3158 2098 3459 2166 ἀναγκαῖον
3520 2101 3600 2171 τῷ
3653 2096 3771 2154 καθ’

2186 2186 2319 2241 αὑτὸ
2348 2188 2597 2258 ὀνόματι,
2631 2188 2664 2259 ἢ
2699 2187 2777 2259 τῷ
2821 2188 2959 2259 πρὸς
3002 2189 3193 2261 ἕτερον
3225 2193 3486 2262 κειμένῳ,
3532 2193 3673 2263 πρὸς
3714 2191 3775 2245 τὸ

2185 2280 2481 2351 ἀλλαχόθεν
2523 2281 2858 2353 εἰλημμένον
2905 2282 3076 2353 ὄνομα
3115 2285 3531 2356 ἁντιστρέφεινθ
3558 2285 3621 2338 οὐ
3667 2284 3773 2355 γὰρ

2185 2371 2309 2428 ἐπεὶ
2345 2376 2373 2427 6
2432 2370 2603 2443 φιλῶν
2653 2375 2753 2445 τὴν
2800 2370 3173 2446 δικαιοσύνην,
3221 2376 3391 2441 ὅντως
3438 2372 3773 2444 φιλοδίκαιος

2185 2465 2535 2537 ὀνομάζεται,
2570 2465 2659 2520 διὰ
2678 2465 2839 2519 τοῦτο
2872 2466 3136 2530 ὡσαύτως
3166 2468 3261 2520 καὶ
3294 2463 3686 2538 ἡδικαιοσύνη,
3710 2463 3773 2518 ἐκ

2184 2559 2338 2613 τοῦδε
2361 2558 2681 2629 δικαιοσύνη
2716 2559 2951 2627 λέγοιτο,
2978 2559 3112 2612 διότι
3144 2559 3377 2627 φιλεῖται
3410 2559 3515 2612 ὑπὸ
3541 2558 3638 2611 τοῦ
3677 2562 3771 2612 ἀν-

2188 2647 2410 2719 θρώπου
2445 2664 2458 2678 ο
2492 2649 2587 2703 καὶ
2613 2649 2723 2720 γὰρ
2742 2649 2836 2703 καὶ
2865 2651 2897 2720 ή
2924 2649 3110 2702 ἀδικία
3130 2649 3236 2703 ὑπὸ
3267 2648 3559 2720 ἀνθρώπου
3596 2647 3773 2719 φιλεῖ-

2184 2758 2275 2793 ται
2302 2755 2315 2771 ·
2352 2739 2496 2812 ἄλλῳ
2540 2736 2633 2793 οὖν
2681 2740 2826 2810 λόγῳ
2872 2740 3086 2794 δίκαιον
3113 2742 3175 2794 τὸ
3213 2741 3443 2806 δίκαιον,
3499 2744 3599 2796 καὶ
3651 2742 3773 2797 καθ’

2186 2832 2318 2886 αὑτὸ
2356 2833 2452 2887 καὶ
2514 2832 2826 2898 ἰδιαζόντως
2858 2849 2873 2864 θ
2911 2833 3007 2886 καὶ
3067 2833 3211 2905 ἄλλῳ
3265 2836 3293 2887 ὁ
3340 2835 3701 2902 φιλοδίκαιος,
3746 2836 3775 2889 6

2186 2926 2323 2997 πρός
2355 2926 2410 2979 τί
2436 2942 2554 2989 πως
2582 2926 2740 2996 ἔχων,
2779 2927 2950 2996 ἤγουν
2977 2926 3110 2997 πρὸς
3142 2927 3201 2980 rb
3225 2928 3433 2981 δίκαιον
3462 2945 3475 2957 ·
3509 2928 3776 2990 Θεοτόκος

2186 3013 2279 3071 οὖν
2317 3016 2392 3081 ὠς
2421 3017 2557 3071 Θεὸν
2588 3017 2823 3071 τεκοῦσα
2864 3021 3203 3090 φερωνύμως
3230 3037 3243 3050 ·
3282 3020 3415 3083 Θεὸς
3444 3020 3501 3072 δὲ
3518 3018 3645 3073 οὔτε
3675 3036 3771 3089 φε-

2192 3108 2486 3179 ρωνύμως,
2518 3109 2643 3162 οὔτε
2683 3108 2776 3178 ἀφ’
2809 3110 2998 3180 ἑτέρου
3022 3126 3035 3140 ·
3067 3113 3131 3164 ἐκ
3180 3112 3290 3181 γὰρ
3332 3110 3434 3182 τῆς
3484 3112 3623 3175 ἰδίας
3660 3109 3775 3165 ἐστὶ

2189 3201 2407 3270 φύσεως
2429 3201 2579 3273 αὗτῷ
2608 3201 2801 3273 ὄνομα.

2756 3294 3007 3348 ΚΕΦΛΛ.
3068 3293 3204 3349 ΜΒ¹.

2258 3382 2325 3439 Εἰ
2346 3386 2489 3440 κατὰ
2521 3385 2619 3459 τὴν
2643 3385 2724 3450 εἰς
2766 3387 2947 3457 σάρκα
2980 3388 3191 3456 τροπὴν
3221 3385 3413 3454 γέγονε
3445 3384 3586 3457 σὰρξ
3610 3386 3639 3441 6
3673 3386 3776 3441 Λό-

2185 3490 2304 3545 γος,
2328 3475 2489 3547 δῆλον
2511 3479 2594 3532 ὅτι
2618 3480 2645 3531 6
2673 3478 2847 3546 Λόγος
2880 3477 2993 3548 ἔχει
3011 3474 3359 3548 Δημιουργὸν
3385 3474 3483 3531 καί
3501 3477 3740 3549 Μητέρα
3758 3494 3772 3508 ⁸

2185 3566 2312 3621 ειδὲ
2342 3569 2513 3639 χωρὶς
2535 3568 2745 3640 τροπῆς
2768 3569 2965 3637 γέγονε
3019 3567 3156 3639 σὰρξ
3204 3570 3233 3622 6
3283 3566 3480 3637 Λόγος,
3521 3572 3648 3634 πῶς
3702 3570 3773 3641 μὴ

2185 3661 2524 3733 τρεπόμενος
2558 3662 2587 3714 6
2611 3661 2806 3728 Λόγος,
2850 3660 2926 3725 ὡς
2950 3663 3292 3733 τρεπόμενος
3321 3662 3631 3732 πράττεται
3684 3664 3777 3715 καὶ

2162 3754 2460 3821 ·τίκτεται;
2490 3749 2749 3806 Τίκτεται
2782 3753 2883 3825 μέν
2914 3771 3023 3808 τινι
3064 3755 3343 3826 γεννήσει,
3368 3756 3429 3809 οὐ
3454 3755 3772 3826 μεταπλατ-

2183 3846 2409 3917 τόμενος
2437 3846 2515 3911 δὲ,
2547 3845 2663 3899 ἀλλ’
2696 3845 2817 3899 οὐδὲ
2845 3844 3033 3909 ἁπλῶς
3071 3845 3248 3917 μένων
3274 3846 3502 3917 γυμνὸς,
3535 3848 3660 3901 οὐδὲ
3685 3849 3765 3911 εἰς

2182 3940 2243 3993 rb
2272 3935 2446 3993 εἶναι·
2482 3939 2604 3992 οὐδὲ
2634 3938 2810 4009 μένων
2849 3940 2930 4001 εἰς
2978 3939 3039 3992 τὸ
3089 3937 3354 4004 ὡσαύτως
3406 3940 3589 4011 πάντη
3645 3942 3777 3994 ὑποο

2184 4032 2520 4103 γράφεσθαι,
2544 4029 2682 4086 ἀλλὰ
2720 4030 2861 4101 μετὰ
2900 4029 3135 4103 σαρκόςο
3171 4032 3268 4086 καὶ
3317 4035 3398 4096 εἰς
3449 4034 3509 4086 rb
3546 4033 3775 4089 τοιῶσδε

2185 4121 2324 4179 εἰναι
2359 4125 2419 4179 rb
2446 4125 2634 4179 λοιπὸν
2657 4124 3026 4179 ἀλλοιωθέντα
3047 4138 3164 4189 πως
3183 4125 3282 4196 τὴν
3316 4124 3649 4191 ὑπόστασιν,
3702 4125 3777 4190 ὡς

2183 4220 2466 4292 τολμήσας
2496 4221 2629 4293 ὲρῶ,
2653 4221 2714 4274 οὐ
2742 4223 2920 4292 τροπῇ
2969 4220 3079 4273 τῶν
3109 4219 3419 4290 ἰδιωμάτων
3444 4218 3539 4273 τοῦ
3574 4219 3775 4288 Λόγου.

2183 4314 2376 4384 ὥσπερ
2396 4314 2519 4367 οὐδὲ
2548 4315 2656 4367 τῶν
2690 4314 2765 4377 ὡς
2795 4310 2931 4366 Θεοῦ
2961 4328 2974 4341 ·
3012 4311 3128 4365 ἀλλ’
3154 4312 3389 4384 ὑποδοχῇ
3426 4314 3520 4366 καὶ
3551 4330 3778 4381 συμπα-

2191 4405 2424 4477 ραλήψει
2457 4405 2663 4475 ἑτέρων
2692 4404 2801 4457 τῶν
2839 4403 3015 4474 Ἰησοῦ
3049 4404 3382 4475 ἰδιωμάτων,
3418 4406 3650 4460 καὶτῶν
3704 4404 3779 4470 ὡς

494 4495 597 4559 nis,
628 4495 932 4552 secundum
978 4497 1125 4553 illam
1162 4500 1383 4555 unicam
1414 4497 1734 4571 hypostasin
1764 4501 1951 4570 Verbi,
1983 4521 2080 4559 au-

2188 4475 2499 4567 Ξινθρώπου,
2525 4494 2670 4549 κατὰ
2702 4496 2833 4567 μίαν
2857 4497 2956 4567 τὴν
2991 4495 3163 4567 αὐτὴν
3211 4496 3515 4551 ὑπόστασιν
3549 4498 3647 4551 τοῦ
3673 4498 3779 4551 Λό-

491 4597 635 4641 ctam
685 4597 743 4643 et
790 4590 1287 4659 perabundantem,
1334 4589 1691 4649 idiomatibus
1734 4595 1983 4666 physicis
2022 4606 2079 4652 et

492 4671 889 4748 hypostaticis,
939 4696 1107 4750 super
1152 4683 1339 4736 omnia
1396 4682 1681 4753 supposita
1732 4700 1799 4739 ex
1844 4695 2080 4756 utraque

491 4780 646 4840 parte
678 4771 755 4826 illi
804 4774 1028 4840 similia,
1065 4784 1123 4829 et
1167 4775 1434 4840 infertur,
1470 4778 1623 4831 nullo
1662 4777 1826 4833 modo
1855 4787 1915 4833 ut
1941 4776 2079 4834 Ver-

488 4861 642 4929 bum,
679 4864 776 4919 sed
822 4874 910 4919 ut.
934 4865 1188 4921 Christus
1222 4866 1485 4933 Verbum,
1534 4878 1591 4923 et
1632 4869 1740 4923 hoc
1775 4870 2077 4925 secundum

488 4957 661 5027 partis
693 4966 930 5028 partem,
970 4958 1156 5028 itaque
1196 4958 1503 5014 secundum
1536 4960 1708 5015 solam
1745 4976 1989 5016 carnem.

1088 5139 1244 5197 CAP.
1285 5137 1473 5197 XLIII.

557 5229 689 5298 Quae
722 5249 834 5287 non
880 5241 1011 5290 sunt
1040 5231 1275 5290 dicenda
1323 5235 1391 5290 de
1421 5233 1715 5292 divinitate
1750 5235 1940 5303 Verbi,
1976 5253 2082 5294 nec

487 5323 655 5379 etiam
692 5324 760 5381 de
794 5324 977 5382 Verbo
1020 5328 1174 5397 ipso;
1207 5326 1486 5397 quomodo
1520 5344 1651 5400 ergo
1672 5322 1961 5401 [Egyptius
1998 5345 2083 5385 se-

487 5414 725 5469 cundam
761 5432 981 5472 causam
1011 5418 1384 5488 generationis
1425 5418 1705 5473 divinitati
1754 5418 1923 5474 Verbi
1969 5434 2081 5474 non

489 5505 722 5570 tribuit,
776 5506 847 5561 et
905 5508 1099 5563 tribuit
1156 5505 1269 5564 Deo
1314 5509 1534 5564 Verbo?
1577 5524 1705 5564 nam
1737 5510 1858 5582 ejus
1910 5510 2083 5581 hypo-

488 5595 651 5651 stasis
716 5597 1024 5653 secundum
1082 5614 1247 5668 quam
1297 5600 1540 5655 Verbum
1601 5609 1663 5655 ut
1720 5602 1867 5657 Deus
1920 5610 2083 5656 natu-

491 5694 606 5740 ram
637 5688 905 5757 agnoscit,
938 5689 1244 5744 secundum
1273 5690 1604 5762 principium
1636 5692 1823 5758 habet,
1849 5707 1957 5747 non
1987 5693 2084 5747 ad-

494 5772 603 5834 Iuc
637 5779 868 5852 simplex
904 5791 961 5838 ct
996 5781 1161 5839 unius
1184 5792 1409 5856 natura:
1444 5786 1662 5856 cognita
1697 5786 1841 5842 inter
1866 5787 2081 5844 divinas

2185 4602 2283 4655 γου
2316 4586 2483 4642 αὐτοῦ
2516 4586 2920 4658 ὲπαυξηθεῖσαν
2949 4587 3045 4640 καὶ
3096 4587 3475 4641 πλεονάσασαν
3523 4591 3780 4657 φυσικοῖς

2185 4696 2243 4732 τε
2278 4679 2373 4732 καὶ
2407 4680 2800 4742 ὑποστατικοῖς
2826 4679 3136 4749 ἰδιώμασιν,
3167 4679 3308 4751 ὑπὲρ
3348 4679 3529 4733 πάντα
3554 4682 3625 4733 τά
3652 4682 3780 4734 έκα-

2186 4774 2428 4845 τέρωθεν
2463 4775 2603 4846 αὐτῇ
2652 4774 2917 4845 ὁμοούσια
2956 4775 3261 4845 πρόσωπα·
3323 4772 3421 4829 καί¹
3474 4772 3776 4830 πλάττεται

2185 4862 2301 4928 οὖν,
2332 4865 2590 4936 οὐδαμῶς
2638 4866 2695 4919 δὲ
2751 4865 2827 4929 ὡς
2856 4865 3045 4934 Λόγος,
3080 4864 3196 4919 ἀλλ’
3226 4863 3302 4928 ὡς
3324 4866 3419 4919 καὶ
3459 4864 3705 4935 Χριστὸς
3753 4867 3780 4918 ὁ

2187 4958 2360 5026 Λόγος
2382 4974 2395 4987 ·
2434 4960 2531 5010 καὶ
2559 4958 2718 5011 τοῦτο
2747 4957 2891 5012 κατά
2920 4974 2973 5010 τι
3009 4956 3172 5028 μέρος
3205 4956 3393 5023 αὑτοῦ,
3415 4957 3584 5028 ἤγουν
3637 4956 3782 5010 κατὰ

2187 5049 2287 5120 τὴν
2321 5050 2501 5122 σάρκα
2524 5050 2709 5120 μόνον.

2782 5140 3038 5196 ΚΕΦᾹΛ.
3068 5138 3203 5195 Ml".

2258 5228 2341 5286 Τὰ
2374 5231 2450 5302 μὴ
2484 5231 2585 5302 τῆς
2604 5231 2864 5303 θεότητος
2897 5232 2992 5286 τοῦ
3048 5232 3247 5301 Λόγου,
3285 5228 3462 5286 ταῦτα
3506 5230 3632 5286 οὐδὲ
3684 5230 3778 5286 τοῦ

2186 5323 2362 5392 Λόγου
2392 5339 2407 5356 ⁶
2442 5324 2559 5388 πῶς
2611 5325 2793 5377 τοίνυν
2835 5326 2863 5378 ὁ
2909 5324 3234 5392 Αἰγύπτιος,
3288 5322 3551 5397 δευτέραν
3600 5320 3778 5396 ἀρχὴν

2186 5420 2498 5488 γεννήσεως
2537 5418 2605 5488 τῇ
2643 5418 2744 5487 μὲν
2769 5416 2863 5471 τοῦ
2893 5419 3069 5486 Λόγου
3100 5417 3315 5488 θεότητι
3344 5419 3407 5471 οὑ
3454 5413 3666 5483 δίδωσι,
3700 5416 3779 5486 τῷ

2185 5507 2242 5563 δὲ
2274 5509 2393 5581 Θεῷ
2424 5512 2583 5580 Λόγῳ
2612 5508 2855 5577 δίδωσιν;
2885 5510 2953 5562 Ἥ
2985 5509 3095 5581 γὰρ
3121 5508 3421 5573 ὑπόστασις
3458 5509 3625 5563 αὐτοῦ
3654 5508 3777 5562 καθ’

2185 5601 2255 5669 ἣν
2282 5600 2378 5653 καί
2400 5600 2575 5668 Λόγος
2599 5600 2733 5664 Θεὸς
2780 5600 2855 5654 ὢν
2904 5601 3001 5671 τὴν
3042 5600 3208 5670 φύσιν
3238 5603 3462 5665 νοεῖται,
3513 5600 3778 5673 δευτέραν

2188 5693 2300 5763 ἔχει
2331 5693 2527 5765 ἀρχὴν,
2559 5693 2660 5746 οὑκ
2687 5692 2767 5747 ἔτι
2794 5693 2942 5763 ἁπλῆ
2961 5693 3057 5748 καὶ
3089 5694 3365 5764 μονοφυὴς
3392 5694 3581 5756 ἐντοῖς
3614 5694 3778 5755 θείοις

2193 5784 2510 5857 προσώποις
2544 5786 2838 5859 νοουμένη,
2864 5785 3004 5843 ἀλλὰ
3037 5783 3295 5851 σύνθετος
3326 5785 3421 5840 καὶ
3460 5784 3659 5857 διφυὴς
3681 5786 3777 5839 καὶ
