4116 6462
400 350 531 413 I717

1349 358 1737 424 ADVERSUS
1772 363 2319 432 NESTORIANOS.
2341 392 2412 407 -
2442 367 2589 428 LIB.
2631 364 2728 427 IV.

3506 354 3642 419 1718

397 460 849 533 προσκυνουμὲνη
882 462 959 527 ὡς
981 463 1222 537 Χριστοῦ
1268 463 1361 519 τοῦ
1396 470 1839 540 σεσαρκωμένου,
1870 472 1965 525 ἁν-

2090 489 2354 538 ιετςοησε,
2381 473 2475 527 sed
2509 469 2809 541 composita
2850 475 2908 522 et
2931 462 3167 535 duplicis
3192 473 3400 517 naturae
3430 470 3487 516 et
3510 464 3643 515 adc-

397 554 688 625 θρωπίνως
712 554 861 609 θείου
887 556 1085 624 Λόγου.

988 669 1242 726 ΚΕΦΛΛ.
1268 669 1403 725 ΜΔ’.

469 780 543 834 Τὸ
581 779 716 834 Θεὸν
737 780 909 849 Λόγον
926 780 1166 852 χωρίσας
1186 784 1215 835 6
1244 783 1544 852 Αἰγύπτιος
1576 784 1674 854 τῆς
1694 782 1967 856 θεότητος,

398 871 563 926 αὐτὸν
595 874 695 942 μὲν
739 876 803 926 ὲκ
842 875 941 944 τῆς
986 874 1265 944 Παρθένου
1315 874 1635 945 δογματίζει
1691 880 1972 947 σαρκικῶς

398 967 716 1035 τικτόμενον
737 981 753 997 ο
778 965 877 1036 τὴν
900 966 957 1019 δὲ
990 966 1153 1020 αὑτοῦ
1183 967 1415 1039 θεότητα
1435 967 1762 1022 ὑποϐάλλειν
1783 971 1850 1040 τῇ
1878 971 1974 1023 αύ-

398 1058 466 1126 τῇ
499 1059 738 1127 σαρκικῇ
786 1057 1063 1126 γεννήσει,
1107 1052 1140 1132 ᾗ
1191 1059 1433 1112 ὑπέϐαλε
1464 1060 1556 1113 τὸν
1606 1061 1739 1114 Θεὸν
1779 1062 1973 1130 Λόγον,

399 1148 637 1217 ἐσχάτης
664 1142 805 1200 εἶναι
838 1148 1035 1218 μανίας
1073 1148 1242 1216 λέγει.
1287 1152 1401 1221 Οὐχ
1437 1152 1624 1216 ἁπλῶς
1652 1153 1760 1223 γὰρ
1785 1155 1976 1223 γεννή-

404 1257 486 1293 σει
526 1242 666 1294 ὰλλὰ
695 1246 953 1313 σαρκικῇ,
979 1244 1227 1296 τουτέστι
1256 1247 1499 1314 ῥευστῶς
1527 1247 1624 1300 καλ⁵
1648 1249 1728 1312 εἰς
1755 1242 1975 1303 τὸεῖναι

2068 580 2195 619 rans
2220 573 2279 620 ut
2301 564 2502 620 Christi
2524 560 2823 625 incarnati,
2851 556 3017 614 Verbi
3048 551 3471 610 divinihominis
3488 550 3640 606 lacti.

2663 673 2814 730 CAP.
2845 670 3032 726 XLIV.

2138 786 2423 861 Egyptius
2458 803 2583 843 cum
2637 787 2969 857 sejunxisset
2992 785 3165 840 Deum
3205 777 3450 838 Verbum
3488 780 3643 835 Divi-

2073 884 2268 947 nitate,
2292 882 2458 936 docet
2502 896 2629 935 eum
2662 880 2915 951 genitum
2969 892 3037 932 ex
3063 873 3288 945 Virgine
3339 873 3643 927 secundum

2071 988 2313 1038 carnem,
2340 971 2458 1043 ejus
2476 969 2830 1025 Divinitatem
2858 968 3095 1040 subjecit
3119 967 3249 1036 ipsa:
3289 961 3633 1035 generationi

2072 1064 2303 1129 carnali,
2328 1079 2439 1133 qua
2468 1062 2705 1133 subjecit
2732 1060 2977 1116 Verbum
3010 1059 3208 1123 Deum,
3233 1057 3368 1112 dicit
3396 1055 3650 1110 maxima:

2074 1157 2322 1210 insaniae.
2344 1157 2463 1210 Non
2494 1156 2643 1209 enim
2693 1152 3021 1223 simpliciter
3061 1148 3400 1222 generationi
3464 1156 3647 1202 tamen

2073 1244 2298 1312 carnali,
2316 1248 2420 1301 hoc
2444 1254 2529 1303 est
2553 1246 2891 1311 transitorie,
2906 1244 3003 1300 sed
3026 1244 3197 1299 Deum
3210 1258 3321 1299 non
3338 1236 3648 1313 subjectum

401 1331 538 1395 ὅλως
563 1333 881 1403 προαγούσῃ
903 1351 956 1386 τι
983 1335 1082 1403 οὐχ
1098 1336 1430 1406 ὑποϐλητέον
1446 1338 1606 1394 Θεόν.

971 1449 1223 1503 ΚΕΨΛΛ.
1277 1450 1416 1505 ΜΕ¹.

2690 1447 2843 1503 CAP.
2870 1446 3030 1502 XLV.

477 1536 541 1592 Εἰ
568 1542 634 1609 τῇ
654 1538 870 1608 θεότητι
901 1539 1033 1603 Θεὸς
1062 1541 1090 1592 6
1113 1542 1306 1608 Λόγος,
1342 1542 1439 1596 καὶ
1485 1547 1552 1614 τῇ
1598 1542 1981 1613 ἀνθρωπότητι

2149 1540 2207 1594 Si
2233 1536 2523 1593 Divinitati
2563 1539 2710 1593 Deus
2742 1538 3007 1601 Verbum,
3039 1543 3097 1591 et
3126 1535 3461 1590 humanitati
3488 1534 3652 1589 homo

408 1626 693 1699 ἄνθρωπος
710 1632 738 1684 6
765 1628 958 1699 Λόγος,
981 1630 1097 1695 πῶς
1121 1633 1148 1685 ὃ
1179 1635 1294 1686 ἐστι
1314 1632 1379 1704 τῇ
1412 1637 1575 1705 σαρκὶ
1599 1634 1659 1688 ού
1684 1635 1927 1691 τίκτεται
1952 1637 1981 1689 6

2090 1626 2344 1695 Verbum,
2377 1630 2664 1700 quomodo
2684 1644 2797 1683 non
2826 1629 3076 1699 genitum
3099 1644 3165 1682 ex
3194 1642 3359 1680 carne
3393 1625 3541 1696 quod
3568 1634 3653 1680 est

411 1725 605 1792 Λόγος,
639 1723 757 1777 ἁλλ’
782 1725 809 1777 ὃ
853 1726 971 1776 ὲστι
998 1727 1064 1795 τῇ
1101 1724 1350 1794 θεότητι;
1383 1727 1702 1797 δογματίζει
1754 1728 1861 1798 γὰρ
1919 1728 1981 1782 τὸ

2090 1722 2345 1787 Verbum,
2374 1722 2469 1776 sed
2507 1737 2574 1776 ex
2605 1722 2906 1776 Divinitate
2955 1720 3105 1791 quod
3154 1722 3274 1776 est?
3312 1720 3447 1775 Nam
3484 1720 3651 1774 docet

408 1814 668 1876 Θεοτόκος
703 1814 731 1865 6
768 1813 1085 1880 Αίγύπτιος,
1108 1814 1200 1867 καὶ
1226 1816 1350 1877 τοὺς
1388 1816 1644 1884 λέγοντας
1676 1818 1739 1870 τὸ
1770 1818 1977 1888 ἀνθρω-

2090 1815 2485 1869 mternitatem
2512 1814 2780 1877 divinam,
2808 1823 2866 1866 et
2894 1813 3188 1866 humanam
3232 1811 3650 1880 generationem

411 1904 637 1965 νεοτόκος
659 1902 1070 1970 ἁναθεματίζει.
1105 1904 1219 1956 Καὶ
1249 1904 1277 1956 ὃ
1302 1904 1421 1956 ἐστι
1476 1907 1641 1975 σαρκὶ
1688 1906 1933 1960 τίκτεται
1954 1908 1983 1959 6

2090 1901 2349 1955 docentes
2374 1900 2820 1955 anathematizat.
2864 1900 2932 1954 Et
2976 1900 3125 1970 quod
3155 1908 3243 1954 est
3298 1915 3468 1954 carne
3497 1900 3651 1969 geni-

411 1996 586 2063 Λόγος
616 2013 629 2026 ο
665 1994 782 2048 ἀλλ’
835 1996 869 2064 ἡ
901 1994 1134 2047 τεκοῦσα
1160 1996 1220 2048 ού
1266 1994 1489 2049 δύναται
1534 1996 1752 2067 θατέρῳ
1789 1998 1978 2062 τῶνδε,

2090 2005 2198 2050 tum
2227 2005 2312 2050 est
2338 1996 2608 2061 Verbum,
2640 1996 2735 2051 sed
2760 1996 3002 2066 genitrix
3024 2010 3134 2049 non
3163 2002 3343 2064 potest
3369 2008 3503 2048 sane
3550 2008 3650 2062 pe-

412 2089 578 2157 ηγουν
612 2087 689 2156 τῷ
734 2086 936 2156 χείρονι
986 2087 1095 2140 τῶν
1139 2089 1440 2159 ὀνομάτων,
1501 2090 1685 2154 ίδικῶς
1719 2092 1980 2159 ὀνομάζε-

2090 2089 2197 2157 iore
2217 2088 2455 2142 duorum
2486 2087 2719 2142 istorum
2740 2087 3027 2141 nominum
3058 2085 3356 2156 designari,
3388 2099 3514 2137 nam
3548 2100 3651 2138 no-

411 2176 584 2231 σθαι·
627 2176 741 2229 ἔστι
781 2177 892 2247 γὰρ
944 2178 1121 2231 κοινὸν
1149 2178 1322 2249 ὄνομα
1377 2180 1497 2233 τόδε
1547 2181 1747 2244 πάσαις
1779 2182 1979 2253 ἀνῆκον

2090 2194 2210 2233 men
2243 2180 2412 2233 istum
2433 2187 2520 2235 est
2539 2193 2833 2234 commune
2864 2186 2921 2233 et
2943 2192 3254 2248 congruum
3289 2178 3508 2233 cunctis
3531 2192 3656 2231 mu-

2074 1340 2299 1395 omnino
2327 1335 2512 1411 dirigi.

412 2265 646 2334 γυναιξι,
680 2266 775 2323 καὶ
802 2265 943 2319 κατά
975 2266 1094 2319 τόδε
1126 2267 1327 2331 πάσαις
1355 2269 1818 2340 συνεμπίπτουσα.

712 2434 725 2446 ,
972 2379 1226 2433 ΚΕΦΑΛ.
1265 2382 1415 2447 Μεῖν.

484 2468 595 2539 Τὴν
617 2468 716 2522 τοῦ
745 2468 912 2538 νόμου
944 2469 1189 2535 διάταξιν
1217 2473 1347 2542 περὶ
1368 2471 1465 2526 τοῦ
1504 2474 1845 2545 καθαρισμοῦ
1875 2475 1983 2529 τῶν

410 2558 742 2629 τικτομένων
774 2561 839 2629 ἣν
860 2559 1178 2631 ἐπλήρωσεν
1209 2564 1243 2632 ἡ
1278 2563 1552 2633 Παρθένος
1569 2565 1861 2633 ἀνάγνωθι,
1890 2567 1985 2619 καὶ

415 2651 575 2720 μάθε.
610 2652 742 2704 Θεὸν
759 2652 1085 2722 ἐκαθάρισεν
1116 2654 1145 2706 6
1174 2655 1338 2723 νόμος
1368 2655 1604 2711 κελεύων
1638 2657 1673 2711 ἃ
1713 2657 1837 2728 ἔφη,
1888 2659 1985 2712 καὶ

412 2745 445 2812 ἡ
476 2744 749 2811 Παρθένος
768 2745 1053 2814 πληροῦσα
1091 2748 1261 2814 αὐτάς
1304 2748 1337 2818 ἦ
1370 2749 1688 2819 ἄνθρωπον;
1725 2752 1820 2804 ἐὰν
1878 2752 1985 2823 γὰρ

411 2835 792 2906 σπερματισθῇ
829 2838 989 2908 γυνὴ,
1025 2840 1191 2907 φησὶν
1232 2839 1259 2891 6
1284 2841 1467 2910 νόμος,
1507 2844 1600 2895 καὶ
1628 2843 1763 2916 τέκῃ
1795 2843 1982 2913 ἄρσεν,

412 2926 552 2979 ἔστω
584 2928 893 2997 ἀκάθαρτος
920 2929 1061 2982 ἑπτὰ
1087 2931 1301 3000 ἡμέρας
1333 2931 1433 3000 τῆς
1477 2934 1715 3005 ἀφέδρου
1772 2934 1868 2988 τοῦ
1897 2936 1985 2989 αἴ·-

416 3032 581 3085 ματο;
608 3018 798 3087 αὐτῆς,
835 3019 931 3071 καὶ⁹
962 3020 1259 3089 τριάκοντα
1304 3023 1397 3074 καὶ
1433 3027 1584 3093 τρεῖς
1611 3026 1827 3095 ἡμέρας
1884 3044 1986 3080 κα-

2081 2256 2333 2335 lieribus,
2360 2275 2416 2323 et
2433 2268 2491 2323 in
2512 2268 2619 2324 hoc
2642 2266 2935 2323 concurrit
2979 2280 3108 2322 cum
3132 2265 3414 2321 omnibus.

2677 2381 2830 2438 CAP.
2872 2378 3062 2436 XLVI.

2154 2474 2473 2530 Mandatum
2513 2473 2651 2544 legis
2679 2474 2827 2528 circa
2862 2473 3307 2542 puriﬁcationem
3350 2483 3657 2540 puerpero-

2084 2584 2207 2623 rum
2232 2568 2380 2637 quod
2424 2566 2674 2635 implevit
2732 2565 2899 2634 Virgo
2924 2578 3161 2632 agnosce
3196 2572 3252 2617 et
3274 2562 3445 2617 disce.
3483 2558 3656 2616 Deum

2084 2661 2365 2715 hominem
2400 2659 2711 2730 puriﬁcavit
2740 2657 3195 2728 lexjubensquae
3230 2655 3376 2711 dieta
3425 2664 3574 2719 sunt,
3603 2663 3660 2708 et

2084 2752 2251 2822 Virgo
2297 2752 2532 2820 implens
2554 2751 2652 2817 ea?
2680 2748 2817 2804 Cum
2848 2749 3069 2814 mulier,
3117 2756 3377 2816 suscepto
3423 2747 3656 2810 semine,

2085 2844 2163 2897 ait
2184 2843 2291 2907 lex,
2321 2842 2513 2912 genuit
2536 2840 2861 2905 masculum,
2888 2839 2962 2893 sit
2992 2840 3204 2907 impura
3234 2849 3442 2906 septem
3462 2838 3660 2891 diebus

2086 2932 2237 2985 lluxu
2269 2930 2572 3000 sanguinis,
2606 2938 2662 2982 et
2690 2925 2919 2997 triginta
2953 2926 3132 2979 tribus
3180 2924 3377 2977 diebus
3405 2923 3659 2977 demittet

2086 3023 2143 3077 in
2181 3021 2469 3091 sanguinis
2520 3018 2987 3089 puriﬁcationem,
3041 3031 3205 3070 omne
3254 3023 3501 3070 sanctum
3548 3030 3658 3065 non

412 3108 605 3161 θιείται
631 3111 689 3160 ὲν
718 3109 798 3178 τῷ
827 3110 1022 3178 αἵματι
1038 3111 1212 3181 αὐτῆς
1259 3112 1337 3181 τῷ
1375 3114 1602 3185 καθαρῷ
1624 3133 1637 3147 ·
1669 3117 1806 3188 αὕτη
1846 3136 1985 3172 παν-

2092 3123 2297 3186 tanget,
2333 3123 2391 3169 et
2430 3114 2488 3168 in
2514 3112 2897 3167 sanctuarium
2953 3126 3065 3165 non
3096 3108 3659 3176 intrahitusquedum

410 3197 502 3259 τὸς
532 3197 684 3266 ἁγίου
711 3199 810 3269 ούχ
860 3199 1095 3253 ἅπτεται
1114 3218 1127 3231 ·
1155 3203 1248 3254 καὶ
1276 3204 1354 3265 εἰς
1380 3204 1440 3256 τὸ
1483 3206 1836 3277 ἁγιαστηριον
1883 3208 1985 3261 οῦκ

2090 3208 2425 3277 impleantur
2462 3205 2583 3260 dies
2629 3203 3035 3275 purilicationis
3070 3218 3200 3266 sum,
3234 3212 3290 3257 et
3323 3217 3447 3255 cum
3506 3216 3661 3253 com-

410 3289 804 3356 εἰσελεύσεται,
831 3290 938 3355 ἕως
974 3292 1041 3345 ἂν
1065 3292 1430 3362 πληρωθῶσιν
1455 3299 1509 3349 αἱ
1538 3297 1744 3369 ήμέραι
1763 3300 1859 3369 τῆς
1886 3317 1987 3353 κα-

413 3379 660 3451 θάρσεως
707 3384 877 3453 αὐτῆς
904 3403 918 3417 υ
957 3386 1051 3438 καὶ
1095 3386 1221 3440 ὅταν
1277 3386 1641 3457 πληρωθῶσιν
1695 3392 1751 3444 αἱ
1784 3393 1985 3463 ἡμέραι

410 3474 510 3542 τῆς
554 3474 877 3543 καθάρσεως
924 3475 1113 3546 αὐτῆς,
1152 3479 1291 3530 οἴσει
1346 3478 1519 3548 ἀμνὸν
1549 3482 1845 3553 ἄμωμονῆ
1894 3486 1988 3538 δύο

412 3567 668 3629 νεοσσοὺς
694 3569 1026 3638 περιστερᾶς
1062 3571 1143 3631 είς
1175 3568 1275 3639 τὴν
1317 3569 1488 3640 θύραν
1518 3572 1619 3642 τῆς
1659 3577 1863 3646 σκηνῆς
1890 3576 1986 3628 τοῦ

417 3657 718 3726 μαρτυρίου
747 3672 761 3686 ·
790 3660 883 3711 κα)¹
913 3661 1131 3730 ποιήσει
1159 3663 1187 3713 6
1212 3662 1390 3731 ἱερεὺς
1417 3663 1479 3715 16
1518 3664 1615 3733 μὲν
1646 3669 1774 3738 περὶ
1803 3668 1989 3739 ἁμαρ-

412 3745 557 3810 τίας.
590 3749 651 3801 16
675 3750 731 3801 δὲ
760 3753 839 3812 εἰς
882 3750 1253 3806 ὁλοκαύτωσιν
1277 3770 1292 3785 ο
1344 3757 1440 3808 καὶ
1490 3756 1783 3829 καθαρίσει
1816 3762 1990 3832 αὐτὴν

413 3840 522 3893 ἀπὸ
545 3840 645 3909 τῆς
676 3841 861 3912 πηγῆς
886 3845 979 3897 τοῦ
1010 3847 1241 3915 αἵματος
1263 3847 1439 3917 αὐτῆς
1467 3864 1483 3880 ’
1520 3852 1615 3903 καὶ
1642 3851 1785 3921 μετὰ
1817 3853 1991 3909 ταῦτα

415 3936 783 3991 είσελεύσεται
806 3941 883 4002 είς
917 3940 979 3993 16
1013 3941 1169 4009 ἅγιον
1199 3958 1213 3971 ο
1239 3944 1320 3997 ὃτι
1338 3944 1394 3997 δὲ
1417 3945 1739 4017 ἐπλήρωσεν
1772 3949 1806 4018 ἡ
1840 3949 1990 4019 Παρ-

414 4028 568 4090 θένος
593 4029 797 4099 ταύτην
824 4032 924 4099 τὴν
945 4032 1211 4099 διάταξιν,
1240 4039 1507 4108 μαρτυρεί
1538 4039 1796 4100 Λουκᾶςὸ
1822 4042 1991 4109 εὐαγ-

413 4121 667 4193 γελιστὴς
696 4122 892 4191 λέγων·
914 4125 1023 4178 Καὶ
1053 4126 1462 4197 πληρώσαντες,
1486 4133 1643 4199 φησὶ,
1666 4131 1759 4194 τὰς
1780 4132 1991 4203 ἡμέρας

413 4216 509 4269 τοῦ
535 4216 879 4288 καθαρισμοῦ
914 4220 1115 4283 αὐτῶν,
1166 4223 1477 4293 ἀνήνεγκαν
1512 4224 1676 4278 αὑτὸν
1706 4227 1785 4287 είς
1827 4225 1889 4279 τὸ
1920 4228 1993 4279 ίε-

416 4309 513 4379 ρὸν
535 4313 883 4382 παραστῆσαι
909 4314 1072 4367 αὑτὸν
1099 4313 1177 4383 τῷ
1201 4316 1414 4384 Κυρίῳ,
1449 4317 1542 4368 καὶ
1565 4316 1659 4369 τοῦ
1686 4316 1869 4371 δοῦναι
1900 4318 1993 4372 δύο

415 4404 672 4466 νεοσσοὺς
712 4405 1077 4474 περιστερῶν.
1108 4405 1287 4459 Πολλὰ
1308 4406 1482 4478 ἀσεϐῆ
1514 4410 1580 4479 τῇ
1620 4408 1827 4480 ἀπορίᾳ
1864 4411 1990 4480 τῇδε

415 4494 607 4548 ἕπεται
630 4510 643 4523 ·
677 4495 726 4547 εί
753 4494 858 4563 γὰρ
896 4472 973 4565 μὴ
1002 4494 1164 4548 τύποι
1211 4496 1374 4551 τινῶν
1402 4472 1870 4568 πνευματικῶν-οἱ
1904 4472 1994 4553 '60-
2024 4472 2069 4527 Β

419 4588 572 4657 μικοὶ
608 4588 706 4656 τῆς
756 4588 957 4657 σαρκὸς
1001 4587 1336 4659 καθαρισμοὶ
1388 4589 1484 4644 καὶ
1521 4590 1729 4662 ἑτέροις
1783 4590 1992 4645 ἐπικεί-

419 4698 594 4750 μενοι,
626 4682 687 4735 ού
712 4680 821 4752 γὰρ
850 4680 1094 4751 Χριστῷ,
1145 4681 1275 4753 ἄχρι
1305 4683 1409 4753 τῆς
1465 4684 1774 4756 παρουσίας
1825 4685 1993 4738 αὐτοῦ

415 4774 511 4832 τοῦ
546 4774 803 4848 ἀληθινοῦ
839 4774 1207 4846 καθαρτηρίου
1241 4776 1351 4830 τῶν
1381 4777 1520 4831 ὅλων
1567 4779 1807 4849 Χριστοῦ
1843 4795 1858 4810 ⁸
1885 4779 1995 4850 ἄρα

415 4890 480 4941 γε
504 4873 600 4926 καὶ
626 4872 791 4926 αὑτὸν
810 4871 1154 4942 καθάραντες
1217 4873 1309 4926 τὸν
1355 4875 1729 4945 ποιησάμενον
1763 4876 1857 4929 τὸν
1897 4894 1995 4930 κα-

417 4965 686 5037 θαρισμὸν
714 4964 822 5017 τῶν
846 4964 1135 5034 ἁμαρτιῶν
1170 4965 1329 5033 ἡμῶν
1370 4966 1603 5036 Χριστὸν
1639 4968 1732 5019 καὶ
1789 4967 1998 5037 ἰσχυρό-

412 5071 572 5125 τερον
608 5055 703 5107 καὶ
728 5053 1026 5124 ἁγιώτερον
1056 5055 1366 5125 παριστῶσι
1412 5056 1652 5125 Χριστοῦ
1684 5056 1776 5110 τὸν
1808 5059 1992 5124 νόμον,

414 5146 510 5202 τοῦ
541 5148 635 5202 τὸν
654 5149 818 5219 νόμον
852 5149 961 5201 τῶν
986 5147 1217 5201 ἐντολῶν
1272 5150 1725 5220 καταργήσαντος
1756 5167 1771 5183 σ
1822 5152 1873 5204 τί
1902 5148 1998 5206 οὖν

416 5241 525 5294 ἔδει
560 5243 912 5313 καταργῆσαι
940 5243 1166 5299 ἐλθόντα
1216 5246 1378 5299 αὐτὸν
1407 5246 1500 5301 τὸν
1548 5247 1746 5316 νόμον;
1789 5250 1883 5303 καί
1915 5269 1997 5304 τοι

415 5331 508 5385 διὰ
540 5332 604 5385 τὸ
660 5332 919 5388 ἀδύνατον
950 5334 1045 5387 τοῦ
1100 5335 1288 5405 νόμου,
1322 5337 1378 5390 ἐν
1408 5330 1452 5405 ᾧ
1490 5339 1709 5407 ἠσθένει
1762 5341 1851 5395 διὰ
1900 5343 1999 5410 τῆς

420 5424 645 5494 σαρκὸς,
676 5428 705 5479 6
727 5426 860 5489 Θεὸς
884 5428 977 5481 τὸν
994 5428 1189 5483 ἑαυτοῦ
1225 5430 1354 5483 Υίὸν
1392 5429 1639 5501 ἔπεμψεν
1688 5434 1748 5486 ὲν
1797 5433 1999 5503 ὁμοιὼ-

421 5535 555 5586 ματι
586 5519 790 5589 σαρκὸς
838 5521 1113 5592 ἁμαρτίας
1146 5539 1160 5554 ο
1202 5524 1297 5576 καὶ
1335 5523 1396 5576 οὐ
1454 5525 1614 5594 μόνον
1662 5526 1996 5597 καθῄρησεν,

417 5609 554 5663 ἀλλὰ
577 5612 671 5664 καὶ
720 5611 1013 5682 κατέκρινε
1041 5613 1140 5684 τὴν
1172 5615 1450 5685 ἁμαρτίαν
1483 5617 1542 5669 ὲν
1586 5620 1651 5689 τῇ
1702 5621 1868 5688 σαρκὶ
1900 5621 1998 5672 αὐ-

416 5699 517 5752 τοῦ
541 5715 554 5728 ·
601 5700 741 5771 ἔχων
776 5702 868 5769 οῦν
898 5706 997 5773 τὴν
1060 5704 1215 5774 ἰσχὺν
1262 5705 1358 5758 τοῦ
1391 5707 1594 5771 παντὸς
1654 5707 1998 5778 καθαρισμοῦ

420 5791 478 5843 ὲν
522 5793 588 5863 τῇ
641 5794 805 5863 σαρκὶ
849 5793 1013 5848 αὑτοῦ
1056 5798 1122 5867 τῇ
1155 5795 1432 5869 θεοπλόκῳ
1486 5797 1746 5871 Χριστὸς,
1795 5800 1996 5872 πληροί

2086 3298 2223 3370 pleti
2283 3306 2448 3353 erunt
2496 3298 2617 3353 dies
2646 3294 3051 3366 puriﬁcationis
3087 3310 3219 3359 suat,
3280 3295 3419 3348 feret
3460 3308 3661 3362 agnum

2088 3394 2209 3447 sine
2236 3391 2473 3455 macula,
2504 3392 2592 3445 vel
2631 3390 2772 3443 duos
2803 3388 2987 3458 pullos
3012 3386 3285 3442 columba:
3338 3384 3407 3439 ad
3460 3384 3661 3437 osuum

2088 3484 2428 3541 tabernaculi
2458 3482 2798 3551 testimonii],
2832 3492 2891 3537 et
2930 3480 3193 3537 sacerdos
3246 3479 3442 3533 oll‘cret
3489 3492 3660 3531 unum

2088 3592 2191 3650 pro
2259 3584 2486 3647 peccato
2550 3584 2609 3629 et
2665 3575 2904 3628 alterum
3009 3573 3067 3627 in
3128 3571 3551 3633 holocaustum,
3609 3577 3667 3622 ct

2091 3671 2407 3743 puriﬁcahit
2457 3685 2581 3726 eam
2636 3687 2668 3725 a
2710 3668 2983 3741 proﬂuvio
3043 3664 3328 3738 sanguinis
3404 3662 3525 3726 sui,
3608 3669 3668 3714 et

2091 3774 2217 3838 post
2279 3766 2397 3822 hazc
2451 3763 2682 3819 intrabit
2737 3764 2793 3818 in
2817 3752 3665 3828 sanctum.Virginemveroim-

2092 3861 2329 3931 plevisse
2347 3860 2454 3915 hoc
2480 3856 2804 3912 mandatum
2838 3861 3072 3908 testatur
3098 3850 3276 3904 Lucas
3327 3845 3667 3916 evangelista

2092 3954 2304 4009 dicens.
2341 3969 2358 4006 :
2388 3972 2406 4005 ι
2436 3952 2505 4006 Ει
2529 3942 3285 4018 completisunt,inquit,dies
3323 3936 3668 4009 purgationis

2091 4061 2303 4106 eorum.
2334 4044 2581 4099 tulerunt
2613 4055 2738 4095 eum
2781 4040 2835 4093 in
2879 4037 3146 4106 templum
3166 4043 3225 4087 ut
3245 4033 3507 4087 sisterent
3536 4044 3665 4084 eum

2093 4138 2328 4194 Domino
2351 4144 2407 4191 et
2436 4135 2633 4190 darent
2661 4133 2804 4187 duos
2831 4130 3013 4201 pullos
3031 4126 3470 4183 columbarum.»
3497 4122 3665 4176 Multa

2094 4232 2261 4302 impia
2324 4229 2682 4284 inveniuntur
2712 4227 2769 4280 in
2819 4225 2923 4279 hac
2978 4218 3414 4281 circumstantia,
3461 4232 3583 4270 nam
3620 4216 3664 4269 si

2093 4339 2204 4378 non
2241 4331 2388 4378 esset
2451 4321 2563 4392 typi
2615 4317 2985 4389 quorumdam
3033 4312 3405 4383 spiritualium
3464 4309 3668 4379 legales

2096 4414 2510 4485 puriﬁcationes
2540 4411 2723 4467 carnis
2751 4416 2810 4464 et
2828 4405 3057 4463 aliunde
3077 4404 3358 4465 adhibitae,
3386 4402 3504 4456 sine
3530 4414 3670 4469 prae-

2096 4509 2274 4563 sentia
2301 4506 2470 4577 hujus
2500 4503 2619 4560 veri
2639 4502 2888 4558 omnium
2914 4495 3295 4570 purificaturis
3313 4492 3541 4556 Christi;
3565 4490 3667 4560 igi-

2097 4613 2188 4655 tur
2248 4609 2541 4669 postquam
2592 4594 3032 4666 puriﬁcaverunt
3084 4603 3211 4644 eum
3258 4586 3354 4657 qui
3407 4591 3670 4654 operatus

2095 4701 2217 4749 erat
2250 4689 2693 4762 puriﬁcationem
2747 4693 3103 4756 peccatorum
3162 4686 3483 4734 nostrorum
3510 4675 3673 4731 Chri-

2097 4796 2265 4850 stum,
2320 4782 2647 4838 exhibentes
2693 4780 2875 4850 legem
2925 4774 3130 4832 Christi
3186 4782 3244 4828 et
3295 4770 3583 4828 fortiorem
3616 4777 3673 4823 et

2096 4881 2432 4938 sanctiorem
2481 4875 2758 4933 abolentis
2803 4875 2982 4945 legem
3041 4878 3469 4942 praeceptorum.
3528 4863 3673 4929 Quid

2098 4972 2250 5027 enim
2282 4968 2577 5040 impedivit
2623 4982 2753 5023 eum
2792 4965 3113 5021 venientem
3174 4960 3399 5015 abolere
3458 4953 3674 5023 legem?

2099 5064 2209 5121 Sed
2241 5071 2475 5135 propter
2518 5056 3024 5130 impossibilitatem
3072 5051 3230 5121 legis,
3269 5049 3326 5102 in
3378 5061 3484 5115 qua
3518 5044 3675 5097 inve-

2099 5158 2360 5214 niebatur
2382 5170 2483 5227 per
2505 5166 2752 5216 carnem,
2780 5149 2930 5203 Deus
2976 5146 3127 5199 misit
3179 5139 3377 5196 Filium
3414 5152 3573 5192 suum
3616 5136 3674 5189 in

2100 5246 2526 5305 similitudinem
2561 5239 2747 5297 carnis
2794 5233 3032 5307 peccati,
3074 5240 3131 5286 et
3160 5245 3270 5284 non
3305 5229 3483 5283 solum
3520 5226 3673 5295 puri-

2101 5341 2304 5403 ﬁcavit,
2344 5338 2440 5394 sed
2479 5336 2645 5390 etiam
2672 5325 3063 5388 condemnavit
3090 5330 3374 5393 peccatum
3401 5320 3455 5373 in
3505 5332 3675 5372 carne

2102 5434 2241 5501 ejus.
2269 5431 2404 5486 Cum
2438 5428 2670 5483 haberet
2693 5422 2950 5479 Christus
2972 5419 3083 5472 vim
3112 5414 3294 5470 omnis
3333 5410 3676 5482 puriﬁcatio-

2100 5522 2191 5577 nis
2223 5522 2279 5575 in
2304 5535 2472 5575 carne
2505 5535 2627 5582 sua,
2655 5518 2767 5572 Deo
2789 5522 2954 5577 texta,
3001 5505 3333 5577 adimplevit
3394 5502 3451 5557 in
3506 5514 3675 5555 carne

2102 5629 2296 5669 omnes
2317 5610 2741 5684 justiticationes
2774 5606 2930 5676 legis,
2978 5609 3039 5657 ut
3092 5599 3393 5654 redimeret
3420 5602 3677 5647 naturam

2106 5706 2309 5769 carnis,
2348 5698 2730 5758 damnationis
2753 5706 2809 5752 et
2836 5691 3242 5766 puriﬁcationis
3268 5686 3479 5757 legalis,
3500 5689 3556 5734 et
3583 5697 3678 5735 ex—

2103 5799 2322 5856 hiberet
2350 5797 2499 5853 illam
2530 5794 2752 5866 dignam
2782 5790 2891 5846 vita
2944 5784 3220 5858 spirituali
3263 5794 3431 5852 quam
3475 5772 3678 5849 adjecit
