4116 6442
442 344 573 407 l719

1715 338 1964 397 LEONT
1976 339 2028 396 Η
2074 335 2389 393 ΒΥΖΑΝΤΙ
2402 335 2481 393 NI

3575 330 3720 393 172)

438 455 755 513 condonare
783 459 856 512 ei.
895 456 950 512 Si
988 468 1122 510 vero
1157 453 1332 508 Filius
1359 452 1602 507 hominis
1657 460 1805 508 esset
1825 466 2031 521 expers

2142 466 2321 519 πάντα
2361 468 2431 519 τὰ
2456 466 2549 518 τοῦ
2586 466 2750 535 νόμου
2786 462 3133 532 δικαιώματα
3170 461 3473 533 σαρκικῶς,
3504 461 3590 517 ἵνα
3618 466 3723 537 τὴν

437 550 959 606 rt'circumcisionis
985 546 1215 617 quidem
1262 555 1319 604 et
1343 546 1691 617 baptismatis
1744 544 2024 615 poeniten-

444 642 530 696 tiae
558 640 787 695 Joannis
818 649 873 695 et
917 650 1270 707 ceterorum,
1325 639 1371 693 si
1423 639 1591 709 igitur
1641 644 1831 708 egeret
1883 653 2023 692 vero

444 731 717 801 baptismo
770 730 1155 801 pmnitentiaa,
1206 741 1267 785 ut
1321 746 1551 801 prorsus
1616 728 2019 798 impeccahilis,

447 840 569 876 nam
596 825 923 891 poenitentia
964 838 1075 877 non
1107 827 1485 895 estjustorum
1516 822 1862 877 laudantium
1884 863 1897 886 ,
1920 823 2019 875 sed

443 914 486 965 si
518 928 649 965 vero
677 912 1081 981 Christusquin
1129 922 1341 984 egeret,
1394 914 1632 983 aliquam
1682 913 1860 982 legem
1934 913 2033 965 ad-

2136 558 2302 627 φύσιν
2331 559 2429 626 τῆς
2494 557 2717 627 σαρκὸς,
2763 558 2865 624 τῆς
2919 555 3152 624 νομικῆς
3192 553 3567 623 κατακρίσεως
3622 555 3726 608 καὶ

2134 649 2385 719 κατάρας
2422 646 2790 720 ἐλευθερώσῃ,
2821 647 2918 700 καὶ
2942 646 3103 711 ἀξίαν
3132 646 3303 721 αὐτὴν
3335 645 3590 717 ἀποδείξῃ
3615 646 3725 714 τῆς

2132 740 2517 811 πνευματικῆς
2538 739 2873 802 διαόιώσεως
2900 740 2967 809 ἣν
3000 740 3135 809 αὐτῇ
3186 737 3510 808 χαρίσασθαι
3543 754 3719 806 προσ-

2141 836 2328 889 έθετο·
2376 835 2425 885 εἰ
2480 833 2537 885 δέ
2589 830 2806 901 ἐπιδεὴς
2852 831 2930 894 ὡς
2980 830 3270 900 ἀνθρώπου
3322 829 3475 892 τόκος
3509 830 3725 881 τούτων

2133 923 2223 997 ἦν,
2246 926 2344 978 καὶ
2371 923 2675 994 περιτομῆς
2708 922 2837 991 ἄρα,
2881 922 2980 975 καὶ
3006 921 3381 991 βαπτίσματος
3429 920 3726 988 μετανοίας

445 1005 658 1073 implet,
693 1005 979 1060 evidenter
1005 1006 1112 1059 hoc
1149 1006 1281 1059 facit
1304 1014 1363 1060 ut
1393 1005 1684 1075 adimpleat
1725 1003 2030 1058 secundum

2142 1014 2224 1069 τοῦ
2265 1013 2537 1076 Ἰωάννου,
2571 1012 2666 1065 καὶ
2716 1012 2823 1066 τῶν
2866 1011 3071 1065 λοιπῶν
3100 1029 3113 1043 ·
3154 1013 3204 1064 εί
3265 1008 3355 1064 οῦν
3394 1011 3561 1063 ἐδεῖτο
3622 1008 3726 1063 τοῦ

446 1110 669 1149 carnem
702 1112 920 1151 omnem
952 1098 1315 1152 (economiam
1356 1097 1422 1150 ad
1471 1112 1689 1151 omnem
1731 1096 2025 1166 justitiam,

2142 1106 2225 1175 τῆς
2266 1104 2557 1175 μετανοίας
2588 1103 2757 1166 ὅντως
2790 1102 3129 1173 βαπτισμοῦ,
3172 1102 3389 1164 πάντως
3423 1102 3497 1165 ὡς
3534 1102 3726 1170 ἀμαρ-

446 1196 501 1239 ct
532 1187 792 1242 exhibeat
812 1186 819 1193 ’
840 1188 1121 1258 implendo
1150 1189 1325 1259 legem
1352 1204 1506 1243 suam
1540 1188 1885 1243 divinitatem
1916 1230 1931 1255 ,
1967 1199 2022 1244 et

2142 1197 2297 1259 τωλός
2326 1214 2339 1226 ·
2366 1197 2428 1249 οὐ
2464 1196 2573 1265 γὰρ
2598 1194 2823 1249 δικαίων
2850 1196 3150 1249 ἐπαινετῶν
3183 1198 3334 1247 ἐστιν
3362 1196 3396 1264 ἡ
3421 1194 3681 1263 μετάνοια
3706 1207 3721 1221 ο

450 1292 671 1332 omnem
695 1289 947 1334 naturam
986 1279 1267 1333 carnalem
1316 1278 1589 1334 infirmam
1631 1281 1898 1351 compleri
1959 1282 2015 1335 in

2142 1290 2170 1340 ιί
2211 1289 2268 1341 δὲ
2301 1289 2399 1341 καὶ
2434 1288 2509 1358 μὴ
2573 1287 2791 1357 χρήζων
2813 1288 2962 1339 τελεῖ
2986 1304 3107 1340 τινα
3144 1286 3399 1354 Χριστὸς,
3438 1286 3594 1355 δῆλον
3642 1285 3727 1348 ὡς

449 1382 513 1421 eo
531 1368 647 1422 sola
687 1370 997 1424 substantia
1023 1369 1211 1423 divina
1234 1369 1578 1439 perficiente.

2142 1380 2250 1449 ιρὸς
2266 1379 2329 1432 τὸ
2356 1380 2538 1432 πᾶσαν
2557 1378 2907 1448 δικαιοσύνην
2940 1378 3227 1448 πληρῶσαι
3249 1379 3347 1446 τὴν
3373 1379 3513 1431 κατὰ
3542 1378 3729 1446 σάρκα

456 1459 615 1512 αὑτοῦ
644 1461 982 1531 οἰκονομίαν,
1016 1463 1163 1514 ποιεῖ
1210 1460 1372 1514 τάδε·
1436 1464 1531 1515 καὶ
1576 1462 1745 1528 δεῖξαι
1812 1466 1877 1518 ἐκ
1917 1467 2017 1536 τῆς
2080 1470 2177 1523 τοῦ
2229 1470 2401 1540 νόμου
2464 1470 2801 1541 πληρώσεως
2848 1470 3021 1539 αὐτῆς
3078 1469 3176 1540 τὴν
3217 1468 3412 1522 ἐαυτοῦ
3467 1469 3729 1537 θεότητα,

455 1551 790 1623 ἀσθενούσης
868 1554 1034 1609 αὐτὸν
1082 1555 1458 1626 ἐκπληρῶσαι,
1528 1557 1707 1630 πάσης
1760 1563 2029 1631 σαρκικῆς
2082 1564 2319 1635 φύσεως,
2372 1566 2540 1637 μόνης
2606 1566 2663 1618 δέ
2737 1564 2889 1628 θείας
2951 1564 3138 1628 οὐσίας
3214 1564 3375 1618 αὐτὸν
3437 1581 3731 1634 καταπρα-

462 1646 526 1711 ξα
532 1648 727 1718 μένης.

1040 1766 1193 1822 CAP.
1226 1766 1432 1823 XLVII.

520 1879 739 1949 Ubique
764 1881 1058 1950 conceptio
1076 1889 1132 1935 et
1153 1888 1348 1950 partus
1379 1882 1591 1937 ducunt
1625 1897 1753 1937 eum
1786 1886 1881 1954 qni
1915 1901 2024 1941 non

457 1970 639 2026 adhuc
663 1970 968 2025 exsistitad
1008 1970 1451 2042 generationem,
1489 1972 1587 2027 sed
1618 1973 1664 2028 si
1716 1974 2026 2028 secundum

459 2062 927 2136 Egyptiummon
959 2064 1241 2120 hominem
1268 2065 1459 2135 genuit
1489 2065 1677 2135 Virgo,
1707 2066 1802 2121 sed
1835 2082 2028 2121 verum

467 2157 657 2223 Deum,
696 2156 988 2212 evidenter
1018 2156 1212 2228 genuit
1232 2156 1325 2225 qui
1355 2171 1469 2210 non
1500 2156 1682 2211 adhuc
1720 2165 1866 2220 erat,
1890 2164 1947 2211 et
1982 2157 2027 2210 si

463 2257 805 2313 neocreatus,
828 2257 886 2303 et
912 2248 1243 2317 neogenitus
1272 2256 1328 2301 et
1352 2258 1689 2303 neovocatus
1714 2248 1817 2301 iste
1861 2248 2029 2311 Deus,

467 2339 781 2394 necessario
804 2339 970 2393 etiam
997 2354 1175 2393 novus
1200 2339 1373 2403 Deus,
1396 2338 1494 2393 sed
1524 2337 1710 2392 divina
1742 2337 2030 2407 Scriptura

460 2430 657 2487 clamat
685 2450 735 2485 ε(
781 2431 900 2486 Non
923 2432 1107 2486 sittibi
1146 2432 1289 2485 Deus
1306 2446 1505 2486 novus.
1538 2450 1555 2481 ι
1579 2429 1873 2501 Egyptius
1898 2446 2030 2484 vero

463 2524 660 2578 clamat
699 2541 714 2575 :
750 2522 854 2589 Sit,
884 2533 940 2578 et
968 2539 1160 2578 omnes
1186 2530 1451 2593 negantes
1472 2538 1595 2577 esse
1624 2538 1827 2576 novum
1860 2522 2029 2576 Deum

460 2615 913 2670 anathematizat.
936 2616 1108 2685 lgitur
1125 2616 1218 2684 qui
1238 2615 1483 2670 celebrat
1512 2614 1769 2684 antiquos
1790 2614 2029 2680 dolores,

466 2706 774 2776 usquedum
806 2706 1077 2761 formetur
1106 2706 1362 2761 Christus
1404 2707 1460 2761 in
1504 2706 1689 2770 nobis,
1719 2714 1775 2761 et
1808 2720 1906 2775 per
1936 2721 2033 2760 vos

469 2798 825 2869 Evangelium
862 2813 963 2868 ego
1020 2813 1120 2852 vos
1176 2798 1362 2867 genui,
1419 2804 1476 2851 et
1527 2804 1919 2851 testamentum
1967 2812 2034 2851 ex

467 2897 654 2944 monte
686 2888 814 2943 Sina
851 2904 1123 2959 generans
1150 2889 1205 2943 in
1232 2889 1579 2955 servitutem,
1601 2904 1723 2957 quae
1768 2903 1878 2942 non
1906 2895 2037 2942 sunt

464 2978 718 3048 equidem
739 2979 987 3032 indicant
1010 2978 1225 3048 aliquos
1255 2979 1530 3049 generari,
1580 2978 1667 3032 vel
1698 2978 1858 3031 aliter
1887 2992 2033 3041 esse,

468 3070 713 3140 generari
746 3078 807 3125 ut
832 3078 1019 3126 essent
1054 3070 1239 3140 aliquo
1268 3070 1433 3125 modo
1454 3071 1639 3136 aliter,
1670 3078 1727 3123 et
1757 3085 1869 3123 non
1905 3068 2037 3123 sub-

466 3157 685 3222 stantia,
718 3157 814 3212 sed
860 3156 1147 3212 accidente
1194 3158 1425 3228 spiritus
1475 3164 1767 3221 monstrat,
1810 3157 1855 3211 si
1901 3162 2037 3211 vero
2064 3143 2106 3202 C

468 3251 591 3313 hoc,
618 3248 847 3303 evidens
871 3257 955 3304 est
975 3248 1123 3319 quod
1154 3264 1263 3303 non
1288 3248 1469 3303 omnis
1505 3247 1788 3319 generatio
1822 3245 2037 3316 simpli-

466 3342 624 3405 citer,
655 3340 883 3395 deducit
911 3357 1039 3396 eum
1066 3340 1163 3411 qui
1218 3356 1331 3395 non
1380 3350 1467 3394 est
1510 3338 1579 3394 ad
1634 3336 2035 3401 exsistentiam,

468 3435 563 3489 sed
587 3433 654 3488 ad
676 3433 919 3503 aliquam
963 3432 1347 3487 exsistentiam
1395 3430 1611 3500 aliquos
1644 3442 1910 3499 generare
1939 3442 2037 3479 va-

468 3531 691 3584 lentem.

1032 3636 1184 3692 CAP.
1236 3635 1468 3691 XLVIII.

535 3729 643 3798 Qui
693 3744 807 3784 non
840 3727 1045 3783 fatetur
1078 3728 1355 3796 Virginem
1390 3742 1513 3782 esse
1547 3726 1775 3782 Matrem
1801 3725 2036 3790 Christi,

468 3838 583 3878 non
642 3821 846 3877 fatetur
875 3820 1160 3877 Christum
1212 3821 1376 3875 sicuti
1403 3828 1508 3886 est,
1550 3835 1679 3873 nam
1728 3819 1946 3874 initium
1972 3817 2041 3872 de

469 3914 691 3971 Christo
724 3928 1043 3969 sermonum
1082 3922 1169 3967 est
1216 3912 1335 3982 ejus
1377 3912 1660 3983 generatio
1692 3927 1757 3965 ex
1782 3911 2031 3980 Virgine.

476 4005 583 4062 Sed
608 4021 720 4061 non
750 4004 1063 4076 specialiter
1108 4003 1477 4074 signiﬁcatum
1504 4010 1586 4058 est
1614 4018 1811 4057 nomen
1852 4001 2033 4070 Virgi-

472 4100 559 4155 nis
582 4106 806 4163 sanclaa,
859 4098 1029 4153 Mater
1057 4095 1285 4160 Christi,
1346 4111 1470 4150 nam
1526 4104 1728 4150 matres
1775 4092 1945 4147 David
1990 4101 2046 4146 et

473 4188 693 4247 Samuel
729 4199 786 4244 et
840 4188 1187 4245 sacerdotum
1254 4196 1402 4243 recte
1462 4186 1786 4241 dicerentur
1842 4192 2047 4238 matres

471 4282 699 4347 Christi,
734 4281 877 4336 sicut
907 4288 1109 4336 matres
1160 4279 1407 4334 omnium
1460 4278 1875 4348 prophetarum,
1903 4291 2045 4344 pne-

473 4375 664 4431 sertim
692 4374 946 4430 Jeremiae
973 4390 987 4439 ;
1014 4388 1141 4427 nam
1176 4372 1387 4427 dictum
1418 4379 1504 4425 est
1532 4370 1619 4424 ei:
1669 4389 1687 4419 ι
1716 4368 2045 4437 Priusquam

2700 1771 2954 1826 ΚΕΦᾹΛ.
3014 1772 3147 1825 ΜΖ’.

2205 1883 2496 1955 Πανταχοῦ
2518 1885 2551 1954 ἡ
2582 1884 2843 1953 σύλληψις
2868 1886 2963 1937 καὶ
2985 1884 3013 1935 ό
3039 1884 3203 1946 τόκος
3219 1883 3311 1936 τὸν
3332 1885 3430 1936 οὐκ
3446 1884 3575 1937 δντα
3597 1885 3728 1951 ἄγει

2133 1975 2215 2037 εἰς
2238 1974 2534 2045 γέννησιν·
2584 1973 2700 2026 ἀλλ’
2727 1976 2777 2027 εί
2827 1974 2969 2027 κατά
3021 1974 3115 2025 τὸν
3166 1974 3486 2040 Αίγύπτιον,
3518 1975 3578 2026 οὐ
3632 1975 3731 2028 τὸν

2129 2067 2415 2138 ἄνθρωπον
2453 2068 2745 2135 ἐγέννησεν
2779 2069 2812 2137 ὴ
2842 2066 3142 2136 Παρθένος,
3170 2065 3309 2119 ἀλλὰ
3338 2067 3431 2119 τὸν
3467 2065 3731 2136 ἀληθινὸν

2129 2160 2287 2225 Θεὸν,
2329 2160 2490 2229 δῆλον
2537 2161 2619 2213 ὃτι
2641 2161 2731 2213 τὸν
2765 2161 2864 2213 οὐκ
2901 2160 3029 2213 ὄντα
3080 2160 3339 2228 ἐγέννησε
3373 2174 3389 2191 ·
3427 2160 3520 2213 καὶ
3588 2161 3636 2212 εί
3697 2160 3735 2212 ὁ

2130 2252 2456 2315 νεόπλαστος
2485 2253 2581 2305 καὶ
2614 2252 2868 2315 νεοτόκος
2888 2251 2982 2304 καὶ
3015 2251 3305 2320 νεόκλητος
3336 2251 3537 2313 ὁαὺτὸς
3563 2243 3731 2313 οὗτος

2131 2344 2227 2397 κα)⁵
2255 2343 2406 2407 Θεὸς,
2435 2342 2497 2406 ἐξ
2528 2343 2774 2413 ἀνάγκης
2800 2343 2894 2397 καὶ
2922 2343 3042 2405 νέος
3078 2342 3212 2405 Θεός
3234 2358 3247 2371 °
3284 2344 3378 2394 καὶ
3407 2344 3439 2410 ἡ
3478 2342 3577 2411 μὲν
3602 2342 3728 2393 θεά

2132 2434 2323 2505 Γραφὴ
2355 2435 2504 2505 βοᾷ·‹
2526 2434 2617 2505 Μὴ
2645 2435 2785 2488 ἔστω
2819 2451 2901 2487 σοι
2926 2434 3060 2497 Θεὸς
3096 2434 3458 2503 πρόσφατοςοσ
3488 2435 3516 2486 ὁ
3536 2434 3594 2487 δὲ
3626 2435 3729 2486 Al-

2132 2526 2360 2594 γύπτιος
2380 2525 2818 2596 ἀντιδοᾷ,“Εστω
2850 2542 2865 2557 ⁸
2896 2526 2992 2578 καὶ
3017 2525 3147 2586 τοὺς
3165 2525 3243 2595 μὴ
3272 2525 3531 2591 λέγοντας
3578 2521 3730 2577 εἶναι

2132 2619 2266 2671 Θεὸν
2294 2618 2627 2688 πρόσφατον,
2652 2617 3064 2685 ἀναθεματίζει.
3096 2618 3243 2685 Ἀρα
3261 2612 3355 2669 οὖν
3372 2618 3399 2669 ὁ
3419 2617 3595 2683 λέγων
3629 2615 3730 2679 οὓς

2134 2705 2295 2758 πάλιν
2318 2706 2493 2757 ὠδίνω
2520 2706 2680 2775 ἄχρις
2714 2699 2773 2759 οὗ
2807 2705 3070 2775 μορφωθῇ
3102 2706 3337 2776 Χριστὸς
3361 2708 3416 2759 ἐν
3443 2707 3596 2775 ἡμῖν,
3626 2710 3729 2761 καὶ

2133 2796 2223 2849 διὰ
2241 2795 2333 2849 τοῦ
2368 2796 2706 2864 Εὑαγγελίου
2737 2796 2848 2864 ἐγὼ
2883 2797 3026 2865 ὑμᾶς
3052 2796 3341 2866 ἐγέννησα,
3389 2798 3482 2849 καὶ
3528 2799 3562 2865 ἡ
3608 2798 3732 2849 δια-

2138 2886 2277 2958 θήκη
2314 2890 2347 2959 ἡ
2372 2887 2431 2952 ἐξ
2458 2887 2616 2956 ὅρους
2642 2889 2771 2940 Σινᾶ
2796 2889 2876 2950 είς
2900 2887 3144 2940 δουλείαν
3173 2888 3440 2955 γεννῶσα,
3475 2888 3732 2942 οὐκὸντα

2136 2978 2271 3041 ὅλως
2310 2976 2561 3047 σημαίνει
2589 2976 2918 3047 γεννηθῆναι
2977 2993 3151 3040 τινας,
3192 2976 3226 3046 ἥ
3282 2977 3487 3047 ἐτέρως
3539 2976 3729 3038 ὄντας,

2138 3074 2276 3141 πρὸς
2311 3072 2373 3125 τὸ
2396 3073 2595 3141 ἑτέρως
2653 3089 2775 3133 πως
2826 3066 2970 3125 εἶναι
3028 3072 3359 3138 γεννᾶσθαι·
3417 3071 3513 3124 καὶ
3562 3072 3624 3123 οὐ
3659 3075 3730 3143 τῇ

2138 3164 2321 3236 οὐσίᾳ,
2380 3165 2515 3219 ἀλλὰ
2567 3168 2634 3235 τῇ
2665 3164 2994 3217 ἐπουσιώσει
3026 3164 3122 3217 τοῦ
3185 3163 3498 3233 πνεύματος
3530 3163 3729 3234 δηλοῑο

2140 3260 2188 3310 εί
2223 3257 2279 3311 δὲ
2302 3256 2479 3323 τοῦτο,
2502 3256 2663 3325 δῆλον
2687 3257 2747 3310 οὐ
2781 3259 2935 3310 πᾶσα
2984 3257 3237 3327 γέννησις
3260 3256 3471 3321 ἁπλῶς,
3504 3257 3598 3310 τὸν
3626 3259 3736 3312 οὐκ

2140 3351 2268 3404 ὄντα
2294 3350 2416 3418 ἄγει
2444 3353 2523 3414 είς
2553 3350 2613 3404 τὸ
2651 3347 2818 3414 εἶναι,
2852 3350 2992 3405 ἀλλὰ
3039 3351 3137 3404 καὶ
3164 3352 3247 3414 είς
3290 3350 3353 3404 τὸ
3399 3350 3517 3414 πῶς
3557 3348 3733 3419 εἶναι,

2140 3441 2463 3512 γεννηθῆναί
2485 3457 2640 3503 τινας
2672 3441 2921 3495 δυνατόν.

2707 3640 2962 3696 ΚΕΦΑΛ.
3022 3638 3163 3695 ΜΗ’.

2225 3737 2284 3788 Ὀ
2317 3734 2393 3805 μὴ
2437 3733 2716 3804 ὁμολογῶν
2746 3734 2847 3805 τὴν
2881 3732 3156 3804 Παρθένον
3177 3732 3571 3804 Χριστοτόκον,
3610 3733 3738 3787 οὐδὲ

2144 3828 2235 3881 τὸν
2266 3826 2502 3895 Χριστὸν
2530 3825 2783 3895 ὁμολογεῖ
2806 3826 2944 3895 ὅπερ
2975 3824 3093 3879 ἐστί
3129 3841 3143 3857 ’
3171 3824 3461 3895 προοίμιον
3482 3824 3595 3893 γάρ
3620 3824 3739 3877 τῶν

2145 3919 2274 3990 περὶ
2295 3916 2531 3989 Χριστοῦ
2558 3917 2755 3985 λόγων,
2779 3918 2812 3986 ἡ
2843 3916 3097 3985 γέννησις
3126 3916 3159 3986 ἡ
3195 3918 3261 3969 ἐκ
3291 3916 3393 3985 τῆς
3422 3915 3737 3984 Παρθένου.

2157 4011 2297 4063 ’Λλλ’
2328 4010 2428 4063 οὐκ
2447 4009 2592 4071 ίδίως
2627 4009 2936 4079 σημαντικὴ
2964 4006 3308 4078 προσηγορία
3328 4006 3429 4075 τῆς
3449 4006 3739 4075 Παρθένου

2146 4102 2327 4171 ἁγίας,
2356 4102 2416 4155 τὸ
2455 4100 2823 4171 Χριστοτόκος
2855 4112 2871 4127 ⁶
2916 4100 3011 4152 καὶ
3038 4099 3092 4151 αἱ
3136 4096 3375 4168 μητέρες
3403 4098 3513 4167 γάρ
3564 4097 3740 4150 Δασιδ

2148 4196 2241 4247 καὶ
2267 4191 2519 4263 Σαμουὴλ
2539 4192 2636 4245 καὶ
2664 4190 2775 4243 τῶν
2809 4189 3020 4260 ἱερέων,
3047 4187 3393 4258 χριστοτόκοι
3426 4186 3609 4257 ὀρθῶς
3646 4186 3740 4238 λέ-

2150 4301 2329 4352 γοιντο
2359 4283 2448 4347 ἂν,
2497 4282 2591 4335 καὶ
2615 4282 2672 4335 αί
2705 4280 2815 4334 τῶν
2846 4278 3147 4351 προφητῶν
3196 4278 3438 4341 πάντων,
3494 4278 3744 4347 μάλιστα

2147 4376 2204 4429 δὲ
2266 4374 2529 4445 Ἰερεμίου
2558 4390 2571 4405 ·
2614 4372 2958 4443 εἴρηταιγάρ
2996 4369 3145 4441 αὐτῷ
3197 4371 3281 4424 ὅτι
3319 4388 3336 4421 ι
3377 4370 3491 4440 Πρὸ
3526 4370 3625 4423 τοῦ
3677 4387 3744 4423 σε

473 4466 655 4520 cxires
678 4464 747 4519 de
801 4475 996 4529 matre,
1037 4462 1373 4518 sanctiﬁcavi
1412 4471 1484 4524 te,
1540 4480 1557 4511 ι
1589 4469 1644 4514 et
1690 4459 1931 4515 Joannes
1989 4457 2039 4509 in

2153 4466 2388 4531 ἐξελθεῖν
2420 4466 2485 4518 ἐκ
2515 4466 2747 4535 μήτρας,
2767 4463 2974 4533 ήγίακά
3009 4479 3067 4514 σε
3094 4478 3141 4513 ο»
3162 4462 3415 4530 Ἰωάννης
3436 4478 3495 4513 τε
3519 4462 3577 4513 ἐν
3607 4463 3747 4515 Κοι-

478 4566 635 4613 utero
662 4556 944 4611 Elisabeth
971 4556 1268 4611 exsultavit
1317 4556 1433 4624 ipse
1476 4552 1680 4623 gaudio
1716 4549 1958 4613 Domini,
1993 4557 2047 4601 et

476 4662 607 4703 sane
648 4648 703 4700 in
764 4649 1027 4702 unctione
1078 4656 1133 4702 et
1173 4646 1599 4717 participatione
1649 4641 2048 4698 sanctiﬁcantis

476 4739 717 4809 Spiritus
746 4748 925 4805 erant,
962 4747 1019 4795 et
1048 4755 1176 4794 cum
1222 4748 1409 4794 essent
1454 4737 1637 4792 adhuc
1691 4736 1744 4789 in
1779 4744 1936 4789 utero
1970 4734 2048 4787 illi

473 4831 682 4886 Christi
728 4830 949 4886 Domini
1007 4831 1290 4900 propheta:
1355 4845 1422 4883 ex
1464 4844 1574 4898 quo
1628 4826 1881 4895 concepti
1906 4836 1961 4879 et
1994 4826 2051 4878 in

476 4923 657 4977 lucem
679 4921 812 4977 editi
836 4929 1015 4975 erant.
1040 4920 1146 4977 Sed
1170 4920 1266 4975 Dei
1294 4919 1544 4974 Genitrix
1576 4918 1689 4973 sola
1725 4917 2051 4986 specialiter

482 5023 569 5070 est
598 5030 763 5084 quam
793 5012 1035 5084 Spiritus
1070 5013 1189 5083 ipse
1221 5012 1571 5067 adumbravit
1592 5020 1649 5066 et
1683 5010 1968 5072 habitavit,
1997 5016 2054 5063 et

482 5106 539 5161 in
570 5122 735 5162 carne
761 5106 829 5162 ab
856 5106 949 5161 illa
988 5115 1269 5176 assumpta
1316 5106 1508 5176 genuit
1567 5118 1859 5173 personam
1889 5102 2054 5171 hujus

482 5197 631 5252 unici
660 5197 807 5252 Filii.
844 5197 979 5252 Nam
1004 5212 1116 5251 non
1163 5197 1343 5251 solum
1399 5194 1806 5250 sanctificatum
1838 5191 2050 5261 genuit,

482 5289 578 5346 sed
611 5290 760 5361 quod
782 5300 972 5345 natum
1002 5299 1089 5344 est
1113 5305 1183 5343 ex
1202 5305 1265 5343 ea
1294 5296 1544 5343 sanctum
1566 5297 1651 5342 est
1674 5286 2046 5347 sanctiﬁcans,

483 5382 609 5437 ideo
632 5383 799 5438 etiam
833 5398 945 5438 non
994 5383 1143 5437 illius
1181 5381 1373 5446 solius,
1395 5380 1489 5435 sed
1546 5380 1711 5435 etiam
1757 5380 1854 5435 Dei
1882 5379 2057 5434 Filius

486 5482 740 5529 vocatur.

1081 5579 1233 5635 CAP.
1274 5580 1459 5633 XLIX.

556 5674 654 5727 Dei
682 5673 1020 5728 Genitricem
1043 5675 1274 5728 Matrem
1301 5675 1428 5727 Jesu
1467 5676 1649 5729 dicere
1678 5690 1778 5727 nos
1812 5688 1919 5725 non
1964 5688 2061 5724 au-

490 5761 1050 5835 dcbimus,Scriptura
1064 5780 1216 5821 sacra
1230 5766 1423 5820 nullibi
1440 5783 1559 5822 eam
1578 5768 1652 5821 sic
1667 5767 2057 5835 prociamantc,

2152 4558 2240 4627 λίᾳ
2279 4557 2379 4626 τῆς
2413 4554 2692 4608 Ἐλισάὀετ
2730 4552 3057 4623 ἐσκίρτησεν
3086 4551 3495 4622 ἀγαλλιώμενος
3520 4552 3603 4621 τῷ
3633 4570 3744 4606 κυ..

2153 4648 2252 4718 ρίῳ
2277 4663 2292 4678 ο
2315 4645 2409 4705 καὶ
2440 4644 2598 4714 δῆλον
2624 4645 2705 4697 ὃτι
2734 4644 2793 4695 ἐν
2836 4642 3013 4713 χρίσει
3047 4642 3142 4695 καὶ
3179 4644 3381 4712 μετοχῇ
3441 4640 3538 4695 τοῦ
3570 4644 3743 4709 ἁγια-

2153 4738 2340 4793 στικοῦ
2388 4737 2709 4807 Πιεύματος
2754 4730 2919 4804 ἦσαν.
2973 4735 3067 4789 καὶ
3119 4735 3179 4789 ἐν
3215 4735 3415 4805 γαστρὶ
3458 4734 3613 4799 ὄντες
3658 4736 3745 4788 ἔτι

2151 4832 2257 4886 οἶδε
2290 4848 2304 4863 ⁸
2362 4830 2574 4901 χριστοὶ
2608 4828 2701 4881 οῦν
2729 4828 2939 4897 Κυρίου
2968 4828 3017 4879 οί
3070 4828 3349 4897 προφῆται
3376 4827 3471 4894 ἀφ’
3516 4822 3582 4881 οὗ
3632 4828 3750 4895 ἐγίο

2154 4937 2304 4973 νοντο
2323 4920 2417 4972 καὶ
2448 4918 2721 4971 ἐτίκτοντο
2749 4933 2762 4947 ·
2787 4915 3051 4979 Θεοτόκος
3101 4915 3160 4968 δὲ
3222 4917 3361 4986 μόνη
3395 4915 3544 4979 ἰδίως
3590 4918 3746 4970 ἐστὶν

2156 5011 2190 5081 ἣ
2213 5010 2344 5063 αὐτὸ
2364 5009 2424 5062 τὸ
2457 5007 2677 5079 Πνεῦμα
2713 5007 2770 5058 ἐν
2797 5006 2935 5076 αὐτῇ
2966 5006 3222 5059 σκιασθὲν
3248 5006 3344 5059 καὶ
3375 5006 3745 5076 κατοικῆσαν,

2159 5102 2252 5154 καὶ
2284 5104 2346 5169 τῇ
2392 5101 2487 5153 ἀπ’
2532 5098 2703 5168 αὐτῆς
2731 5097 2896 5169 σαρκὶ
2939 5097 3242 5167 ωλληφθέν
3293 5098 3375 5161 εἰς
3434 5098 3553 5161 ἐνὸς
3605 5099 3747 5151 Υἱιιυ

2155 5189 2359 5243 τοιοῦδε
2381 5189 2679 5242 ὑπόστασιν
2714 5188 2867 5242 ἔτεκε
2889 5205 2904 5219 ο
2926 5189 3113 5242 τέτοκε
3147 5188 3257 5257 γάρ
3309 5191 3409 5260 οὐχ
3460 5190 3743 5260 ἡγιασμέ-

2158 5297 2247 5333 νον
2288 5280 2472 5349 μόνον,
2518 5280 2655 5333 ἀλλά
2698 5279 2794 5332 καὶ
2840 5280 3227 5347 ἁγιοποιοῦντα
3257 5281 3317 5333 τὸ
3371 5282 3635 5350 γεννηθὲν
3682 5280 3749 5346 ἐξ

2158 5370 2332 5441 αὐτῆς
2362 5372 2551 5441 ἅγιον·
2602 5370 2684 5423 διὸ
2717 5370 2813 5423 καὶ
2854 5371 2955 5423 οὐκ
2986 5371 3156 5440 αὐτῆς
3214 5372 3405 5442 μόνης,
3457 5373 3597 5425 ἀλλὰ
3648 5373 3745 5426 καὶ

2159 5463 2293 5517 Θεοῦ
2325 5464 2452 5527 Υἱὸς
2490 5461 2716 5533 ἐκλήθη.

2715 5574 2967 5629 ΚΕΦΑΛ.
3005 5575 3183 5631 ΜΕΘ’.

2233 5669 2497 5723 Θεοτόκον
2531 5670 2627 5738 τὴν
2656 5669 2881 5739 Μητέρα
2916 5670 3005 5722 τοῦ
3044 5670 3220 5739 Ἰησοῦ
3246 5670 3430 5739 λέγειν
3452 5673 3616 5742 ἡμεῖς
3647 5674 3753 5727 οὐκ

2163 5761 2605 5830 αὑθεντήσομεν,
2658 5761 2754 5831 τῆς
2807 5760 2964 5828 ἁγίας
3014 5762 3234 5833 Γραιρῆς
3285 5762 3527 5835 οὐδαμοῦ
3573 5765 3752 5835 αὐτὴν
