4116 6466
387 341 518 405 1721

1334 350 1730 412 ADVERSUS
1767 350 2319 414 NESTORIANOS.
2344 376 2411 389 ’ν
2439 353 2585 413 LIB.
2621 354 2691 414 ν.

3508 350 3651 415 1722

386 451 533 507 οὕτω
565 455 1099 526 προσαγορευούσης,
1132 454 1247 508 αλλ’
1278 456 1399 509 οὐδὲ
1419 458 1530 511 τῶν
1550 476 1633 521 τις
1660 458 1919 529 Πατέρων
1945 474 1958 486 ·

2091 459 2163 514 ed
2187 475 2289 515 nec
2312 459 2591 528 aliquibus
2613 458 2895 526 Patribus,
2934 459 3032 514 sed
3082 458 3390 514 secundum
3445 473 3641 513 vocem

384 545 522 598 ἀλλὰ
556 543 703 598 κατὰ
748 545 847 613 τὴν
889 547 1075 615 φωνὴν
1117 548 1211 600 τοῦ
1262 547 1497 615 ἀγγέλου
1562 548 1813 616 λέγοντος
1854 552 1966 611 τοῖς

384 637 643 705 ποιμέσιν
676 654 721 688 ἰ
747 636 969 707 Ἐτέχθη
999 638 1127 706 ύμῖν
1162 640 1402 708 σήμερον
1426 640 1660 710 Χριστὸς
1684 640 1887 711 Κύριος
1913 658 1961 693 ἰ

388 724 482 777 καὶ
542 725 684 778 κατὰ
734 725 795 777 τὸ
844 727 1154 795 εἰρημένον,
1191 745 1210 777 ι
1243 727 1434 790 Βίϐλος
1460 728 1725 797 γενέσεως
1793 730 1968 799 Ἰησοῦ

390 816 646 887 Χριστοῦ
678 836 697 868 ι
738 818 832 870 καὶ
863 819 973 881 τὸ,‹
996 819 1109 871 Νῦν
1135 819 1192 872 δέ
1220 836 1288 889 με
1320 818 1505 871 θέλετε
1531 821 1847 873 ἀποκτεῖναι
1872 823 1969 874 ἄν-

389 908 607 978 θρωπον
635 908 693 970 ὃς
726 908 823 980 τὴν
844 910 1100 977 ἀλήθειαν
1125 911 1253 980 ὑμῖν
1281 910 1553 982 λελάληκα
1579 927 1594 942 ·
1635 931 1654 965 ›
1685 911 1970 983 ἀνθρωπο-

391 1001 552 1053 τόκον
602 1000 782 1069 φύσει,
838 1003 932 1055 καὶ
982 1001 1108 1072 ἀξίᾳ
1143 1004 1507 1073 Χριστοτόκον
1543 1005 1712 1073 αὐτήν
1743 1022 1922 1075 φαμεν
1953 1020 1970 1036 ⁸

393 1088 423 1141 ὃ
459 1090 533 1159 μὴ
567 1090 953 1161 παρελάϐομεν
979 1092 1039 1144 ού
1072 1092 1496 1161 νομοθετοῦντες
1525 1093 1815 1164 προπετῶς
1848 1093 1971 1147 καθ’

396 1181 562 1251 ὑμᾶς.
587 1182 717 1235 Ἐὰν
750 1181 842 1235 οῦν
877 1184 967 1235 ὅτε
1004 1183 1103 1253 μὲν
1132 1183 1431 1255 διαρρήδην
1457 1185 1591 1237 Θεὸν
1620 1185 1712 1237 τὸν
1737 1185 1974 1255 Χριστὸν

395 1271 740 1341 κυριολεκτεί
778 1272 845 1324 τὰ
876 1272 1053 1341 λόγια,
1085 1273 1445 1344 ἐπεξηγεῖσθε
1472 1274 1566 1327 καὶ
1595 1274 1975 1343 μετεκλαμϐά-

400 1380 517 1415 νετε
564 1363 844 1428 αύτολεξεὶ
887 1365 1199 1435 εἰρημένον,
1246 1367 1334 1419 ὅτε
1370 1366 1427 1418 δὲ
1470 1366 1578 1420 ἀπὸ
1616 1367 1977 1438 διανοήματος

399 1454 623 1522 συνάγει
648 1456 1044 1527 συμπέρασμα,
1086 1458 1186 1511 οὐκ
1230 1459 1510 1526 αύτολεξεὶ
1554 1458 1829 1531 κείμενον,
1866 1455 1978 1513 οἷον

397 1544 492 1597 ἐπὶ
529 1549 628 1617 τῆς
665 1546 956 1612 Θεοτόκου,
997 1548 1121 1600 τότε
1158 1548 1496 1617 κυριολεξίαν
1539 1550 1842 1612 ἀπαιτεῖτε,
1885 1550 1980 1619 δῆ-

398 1635 490 1690 λον
518 1637 593 1700 ὼς
618 1640 785 1692 παντὶ
811 1641 997 1712 τρόπῳ
1028 1640 1197 1711 μόνην
1216 1642 1315 1711 τὴν
1349 1642 1660 1712 ὁρθοδοξίαν
1680 1642 1980 1713 δραπετεύ-

398 1745 488 1781 ετε
522 1745 535 1759 ·
581 1730 631 1782 εί
680 1730 789 1800 γὰρ
841 1726 935 1784 οὖν
969 1731 1140 1793 ὅντως
1187 1731 1217 1784 θ
1267 1731 1342 1803 μὴ
1394 1733 1573 1786 κεῖται
1617 1734 1729 1796 τοῖς
1774 1732 1980 1799 λογίοις

403 1820 586 1890 ῥητῶς
618 1822 740 1875 οὐδὲ
772 1824 903 1894 ὑμῖν
940 1824 1057 1877 ὲστι
1100 1802 1337 1891 λεκτὸν,
1364 1824 1472 1877 οὐδ’
1525 1826 1608 1878 ὅτι
1660 1825 1980 1896 ἀρρεύστως
2012 1802 2054 1857 Β

401 1912 661 1983 ἐγέννησε
689 1914 781 1968 τὸν
800 1916 972 1984 Λόγον
998 1916 1027 1968 ὁ
1053 1914 1263 1986 Πατὴρ,
1291 1914 1399 1968 οὐδ’
1429 1915 1511 1968 ὅτι
1536 1916 1776 1986 ὀμοφυὲς
1806 1917 1981 1987 Πατρὶ

402 2006 499 2059 καὶ
540 2006 655 2075 Υίῷ
696 2006 759 2059 τὸ
806 2006 960 2075 ἅγιον
997 2005 1245 2075 Πνεῦμα,
1278 2006 1389 2059 οὐδ’
1427 2007 1511 2060 ὅτι
1548 2007 1609 2060 τὸ
1634 2007 1745 2078 πῦρ
1772 2008 1802 2060 ὁ
1848 2008 1982 2071 Θεὸς

402 2096 639 2163 ἔκτισεν,
674 2097 706 2167 ἢ
745 2098 834 2151 τὸν
867 2098 1005 2168 ἀέρα
1042 2115 1055 2128 ο
1095 2097 1204 2151 οὐδ’
1242 2099 1324 2151 ὅτι
1357 2099 1547 2161 σκότος
1577 2098 1679 2152 οὐκ
1728 2098 1943 2152 ἔκτισεν
1964 2135 1980 2158 .

401 2189 513 2244 οὐδ’
540 2190 623 2243 ὅτι
654 2190 847 2260 θνηταὶ
876 2190 987 2245 τῶν
1024 2192 1275 2261 ἀναίμων
1324 2191 1632 2261 μυρμήκων
1664 2190 1757 2244 καὶ
1788 2191 1983 2261 καρκί-

402 2301 511 2338 νων
536 2286 631 2338 καὶ
663 2285 889 2355 σφηκῶν
928 2286 1026 2339 καὶ
1054 2285 1259 2339 λοιπῶν
1287 2287 1346 2340 αἱ
1392 2286 1584 2355 ψυχαὶ,
1622 2285 1719 2339 καὶ
1750 2285 1821 2339 τὰ
1847 2286 1983 2339 ἄλλα

405 2374 595 2445 μυρία,
627 2368 672 2427 ὦ
702 2369 846 2429 οὗτοι
883 2391 896 2405 ·
940 2375 1078 2446 πλὴν
1104 2376 1192 2430 ἵνα
1223 2377 1402 2431 πάντα
1434 2377 1563 2446 ύμῖν
1602 2376 1855 2446 ἀφῶμεν,
1888 2380 1984 2430 καὶ

404 2466 562 2520 αὐτοὶ
590 2466 1005 2537 ἀνθρωποτόκον
1035 2468 1067 2539 ἢ
1102 2468 1468 2540 Χριστοτόκον
1508 2468 1679 2539 αὐτὴν
1706 2468 1987 2522 θισπιστι-

405 2559 519 2623 κῶς
550 2560 979 2624 ἀποκαλοῦντες,
1010 2559 1113 2613 ποῦ
1145 2563 1279 2631 ἡμῖν
1308 2561 1509 2625 δείξετε
1540 2561 1703 2615 τοῦτο
1732 2560 1985 2632 κείμενον

404 2654 465 2705 ἐν
491 2653 557 2721 τῇ
600 2651 735 2722 ἁγία
769 2651 964 2722 Γραφῇ
996 2655 1124 2721 περὶ
1152 2652 1252 2720 τῆς
1282 2652 1447 2720 ἁγίας
1476 2651 1794 2723 Παρθένου;
1834 2653 1897 2705 Ei
1931 2653 1988 2706 δὲ

404 2742 665 2813 οὐδαμοῦ.
701 2743 888 2812 σαφῶς
917 2745 945 2798 ὃ
976 2742 1199 2814 φεύγειν
1248 2745 1656 2815 προσποιεῖσθε,
1701 2742 1990 2807 διώκοντες

408 2836 795 2908 κατελήφθητε
828 2852 843 2867 ’
880 2837 932 2890 εἰ
977 2838 1035 2892 δὲ
1068 2837 1205 2908 μηδὲ
1253 2838 1428 2909 τούτῳ
1494 2839 1631 2909 μηδὲ
1678 2838 1824 2909 ἄλλῳ
1875 2837 1991 2890 ὀνό-

411 2946 545 2997 ματι
596 2930 769 3000 αὐτὴν
824 2931 1257 3002 προσαγορεύειν
1306 2932 1682 3002 ὲπιτηδεύοιτε
1732 2932 1842 2986 ἀπὸ
1893 2930 1988 2986 τοῦ

406 3019 571 3072 τόκου
604 3021 1119 3092 παρωνομασμένῳ,
1152 3021 1186 3091 ἢ
1218 3022 1339 3074 οὐδὲ
1362 3020 1609 3084 νοοῦντές
1642 3038 1695 3074 τι
1732 3022 1863 3093 περὶ
1892 3020 1988 3074 τοῦ

2069 551 2247 620 angeli
2278 550 2516 605 dicentis
2539 551 2875 619 pastoribus,
2907 569 2925 602 ι
2958 550 3130 605 Natus
3163 560 3250 606 est
3296 549 3455 605 vobis
3477 550 3647 605 hodie

2068 639 2618 702 ChristusDominus,
2648 640 3047 694 ietsecundum
3070 640 3303 704 dictum,
3334 658 3352 690 ι
3381 639 3650 709 Liberge-

2070 726 2752 792 nerationichsuChristi,
2781 746 2800 779 ›
2826 737 2916 782 εις
2941 728 3099 782 Nunc
3113 729 3279 782 vultis
3297 744 3384 782 me
3397 729 3651 783 occidere

2072 818 2353 871 hominem
2376 818 2471 887 qui
2500 819 2788 874 veritatem
2814 820 3032 875 locutus
3049 836 3170 875 sum
3189 820 3381 875 vobis:
3422 841 3439 871 ι
3468 820 3652 874 homi-

2076 908 2159 961 nis
2182 916 2412 963 matrem
2436 918 2655 975 natura,
2686 911 2782 965 sed
2834 911 3103 981 dignitate
3166 912 3262 966 Dei
3310 911 3651 966 Genitricem

2074 1014 2196 1053 eam
2230 1000 2486 1067 dicimus,
2523 1002 2671 1071 quod
2703 1018 2816 1057 non
2864 1004 3202 1073 accepimus,
3256 1020 3369 1057 non
3412 1004 3652 1072 imponi-

2075 1108 2200 1147 mus
2220 1093 2480 1147 alacriter
2499 1093 2678 1149 vobis.
2704 1094 2762 1148 Si
2797 1110 2931 1150 vcro
2962 1096 3109 1150 clare
3139 1097 3314 1152 Deum
3369 1095 3653 1150 Christum

2076 1184 2304 1254 proprie
2335 1183 2530 1237 dicunt
2561 1185 2867 1253 prophetae,
2897 1195 3119 1240 narrate
3149 1193 3205 1241 et
3250 1186 3488 1254 accipite
3526 1198 3652 1255 qua:

2078 1276 2225 1331 dicta
2255 1284 2385 1331 sunt
2419 1276 2660 1346 propriis
2710 1277 2915 1341 verbis,
2956 1292 3081 1331 cum
3138 1292 3237 1345 per
3299 1277 3656 1331 reﬂexionem

2080 1367 2378 1423 deducitur
2403 1368 2822 1437 consequentia,
2854 1384 2964 1423 non
2995 1369 3240 1438 propriis
3293 1368 3481 1422 verbis
3528 1369 3661 1422 sub-

2075 1459 2220 1530 jecta
2259 1459 2443 1528 qualis
2472 1458 2623 1513 circa
2648 1459 2878 1514 Matrem
2937 1460 3055 1526 Dei,
3095 1468 3228 1513 tunc
3278 1457 3558 1528 prepriam
3589 1460 3663 1513 si-

2080 1550 2492 1620 gniﬁcationem
2530 1551 2842 1619 requiritis,
2870 1550 3103 1605 evidens
3135 1559 3223 1605 est
3261 1551 3412 1620 quod
3470 1550 3661 1619 fugitis

2081 1640 2255 1694 solam
2312 1639 2704 1694 orthodoxiam
2736 1640 2889 1693 omni
2920 1648 3111 1709 tropo;
3175 1639 3222 1694 si
3254 1656 3412 1703 vero,
3437 1638 3665 1694 realitcr

2081 1731 2227 1800 quod
2249 1747 2357 1785 non
2385 1734 2535 1803 jacet
2566 1730 2623 1786 in
2658 1732 2946 1803 prophetis
2971 1731 3237 1801 exprimi:
3289 1732 3496 1797 verbis,
3547 1747 3662 1784 non

2083 1823 2241 1877 vobis
2261 1832 2344 1877 est
2378 1822 2737 1889 dictum,nec
2791 1823 2939 1892 quod
2964 1839 3073 1878 non
3110 1823 3431 1877 transitorie
3472 1822 3665 1892 genuit

2080 1915 2326 1970 Verbum
2357 1916 2543 1979 Pater,
2586 1931 2695 1971 nec
2718 1915 2867 1985 quod
2893 1914 3391 1970 consubstantialis
3438 1914 3582 1967 Patri
3610 1922 3667 1967 et

2092 2008 2239 2062 Filio
2263 2008 2504 2077 Spiritus
2528 2017 2775 2073 sanctus,
2808 2022 2911 2061 nec
2937 2008 3084 2076 quod
3118 2008 3298 2077 ignem
3332 2008 3477 2060 Deus
3508 2021 3666 2059 crea-

2080 2100 2181 2164 vit,
2208 2100 2293 2154 vel
2329 2116 2536 2164 aerem,
2564 2115 2667 2155 nec
2699 2099 2846 2168 quod
2878 2100 3135 2154 tenebras
3164 2115 3273 2153 non
3295 2097 3525 2161 creavit,
3560 2112 3665 2150 nec

2083 2194 2233 2263 quod
2264 2194 2530 2248 mortales
2554 2202 2684 2247 sunt
2710 2192 3072 2247 formicarum
3097 2202 3152 2246 et
3169 2207 3466 2247 cancerum
3490 2199 3548 2244 et
3580 2192 3668 2243 iu-

2085 2296 2362 2341 sectarum
2398 2287 2635 2340 aliarum
2672 2287 2894 2351 animae,
2930 2295 2985 2340 et
3004 2285 3111 2339 alia
3169 2285 3364 2348 millia,
3399 2300 3432 2339 o
3460 2299 3582 2347 vos,
3609 2292 3669 2336 ut

2085 2379 2269 2432 omnia
2313 2378 2421 2433 alia
2465 2380 2789 2433 omittamus
2853 2378 3034 2442 vobis,
3080 2385 3137 2432 et
3173 2376 3251 2430 illi
3283 2376 3378 2446 qui
3425 2375 3671 2429 hominis

2086 2479 2319 2526 matrem
2351 2471 2439 2525 vel
2467 2470 2676 2525 Christi
2718 2471 2949 2525 Matrem
2981 2486 3102 2525 eam
3140 2469 3468 2540 prophetice
3506 2481 3672 2520 voca-

2088 2561 2244 2626 bant,
2279 2560 2373 2615 ubi
2399 2561 2561 2615 vobis
2602 2561 2969 2615 ostendemus
3020 2560 3127 2614 hoc
3177 2560 3387 2613 dictum
3419 2557 3476 2611 in
3517 2570 3671 2610 sacra

2090 2654 2379 2723 Scriptura
2406 2653 2476 2708 de
2510 2661 2699 2708 sancta
2738 2652 3005 2722 Virgine?
3040 2650 3096 2705 Si
3151 2649 3351 2704 nullihi
3394 2649 3675 2717 sapienter

2090 2746 2273 2816 fugam
2299 2746 2550 2816 capietis,
2578 2745 2814 2799 ulterius
2831 2752 3235 2814 prosequentes
3258 2741 3529 2795 caderetis
3550 2736 3677 2799 ;sed

2092 2839 2137 2892 si
2153 2854 2254 2892 nec
2287 2838 2527 2903 isto,nec
2548 2837 2657 2891 alio
2677 2836 3063 2890 nomineillam
3083 2832 3359 2903 designari
3386 2829 3677 2884 intenditis

2092 2942 2123 2981 a
2161 2936 2322 2996 partu
2352 2927 2627 2990 derivato,
2653 2926 2739 2979 vel
2764 2926 2808 2979 si
2836 2925 3042 2978 nullam
3062 2922 3332 2975 habentes
3355 2919 3676 2988 Opinionem

2093 3014 2241 3070 circa
2274 3014 2703 3077 maternitatem,
2730 3011 3008 3081 quomodo
3026 3010 3094 3064 de
3142 3008 3211 3062 iis
3233 3022 3356 3076 qum
3410 3004 3679 3076 ignoratis

407 3110 712 3180 τεχθέντος,
754 3113 849 3165 καὶ
882 3113 1000 3177 πῶς
1032 3114 1161 3183 περὶ
1193 3106 1267 3167 ὧν
1305 3115 1406 3168 οὐκ
1448 3112 1562 3166 ἴστε
1597 3114 1989 3184 δογματίζετε;

2096 3106 2521 3177 dogmatisatis?
2548 3106 2647 3161 Vel
2681 3105 2727 3158 si
2789 3100 3361 3173 cogitantesquidem,
3393 3094 3681 3152 erubesci-

414 3202 485 3253 Ἦ
516 3200 763 3263 νοοῦντες
791 3202 915 3272 μὲν,
952 3202 1259 3272 αἰδούμενοι
1286 3202 1346 3256 δὲ
1374 3202 1443 3256 τὰ
1469 3204 1643 3256 οἰκεῖα
1669 3207 1994 3273 φρονήματα

408 3290 500 3344 διὰ
530 3292 626 3345 τοῦ
663 3294 1002 3365 προφορικοῦ
1037 3294 1197 3362 λόγου
1244 3294 1610 3365 θριαμϐεῦσαι
1647 3296 1801 3365 ἡμῖν,
1836 3293 1995 3348 τοῦτο

412 3382 654 3453 πάσχετε
679 3400 694 3449 ;
738 3384 929 3455 Ἡμεῖς
953 3385 1009 3438 δὲ
1042 3387 1185 3441 κατὰ
1210 3387 1301 3440 τὸν
1347 3387 1691 3451 Ἀπόστολον,
1720 3386 1995 3457 εὐχόμεθα

415 3475 517 3528 σὺν
540 3474 661 3546 Θεῷ
687 3476 1162 3549 παρρησιάζεσθαι
1195 3480 1257 3532 ὲν
1295 3478 1373 3549 τῷ
1413 3478 1753 3548 Εύαγγελίῳ,
1810 3478 1995 3541 καθὼς

413 3568 497 3621 δεῖ
523 3568 759 3637 λαλῆσαι
785 3586 803 3602 ο
844 3570 904 3622 ού
932 3570 1041 3641 γὰρ
1070 3570 1519 3642 ὲπαισχυνόμεθα
1556 3569 1636 3641 τῷ
1680 3568 1995 3640 Εύαγγελίῳ

416 3655 656 3726 Χριστοῦ
684 3675 699 3689 ο
753 3656 983 3729 δύναμις
1041 3659 1151 3731 γὰρ
1202 3658 1338 3713 Θεοῦ
1399 3660 1551 3715 ἐστὶν
1594 3659 1677 3723 εἰς
1722 3657 1995 3729 σωτηρίαν

418 3746 586 3803 παντὶ
616 3745 696 3820 τῷ
731 3748 1063 3806 πιστεύοντι.

2105 3200 2176 3253 tis
2199 3198 2454 3267 proprias
2504 3194 2811 3249 sententias
2838 3193 2989 3248 circa
3030 3190 3274 3246 Verbum
3324 3185 3680 3241 enuntiatum

2102 3289 2516 3358 triumphaliter
2543 3287 2709 3341 nobis
2734 3285 2942 3347 dicere,
2997 3298 3069 3337 an
3117 3282 3234 3336 haec
3286 3277 3543 3334 sentitis?
3568 3275 3683 3329 Nos

2099 3396 2233 3435 vero
2259 3379 2563 3434 secundum
2586 3378 2933 3447 Apostolum,
2970 3390 3195 3430 oramus
3215 3373 3385 3427 Deum
3416 3380 3476 3424 ut
3507 3368 3681 3423 libere

2101 3472 2353 3527 dicamus
2398 3472 2455 3525 in
2509 3470 2830 3539 Evangelio,
2874 3469 3019 3522 sicut
3072 3466 3224 3535 loqui
3255 3470 3492 3533 oportet,
3552 3476 3682 3513 nam

2102 3578 2214 3618 non
2244 3561 2628 3617 erubescimus
2652 3560 3014 3630 Evangelium
3054 3556 3284 3621 Christi,
3314 3555 3495 3609 virtus
3532 3549 3687 3607 enim

2103 3657 2201 3713 Dei
2226 3657 2283 3711 in
2307 3657 2543 3713 salutem
2562 3655 2715 3712 omni
2746 3652 3025 3710 credenti.

425 3912 3618 3951 ___________________________________________________________._.

1806 4064 2173 4152 ΛΟΓΟΣ
2244 4064 2340 4149 E’.

423 4235 708 4308 Πέμπτης
758 4232 960 4290 αὐτῶν
1022 4230 1305 4298 ἀσεϐείας
1359 4230 1691 4300 ἕκφανσις,
1739 4229 2005 4298 ἀναιδην
2070 4228 2188 4298 τὴν
2218 4228 2498 4300 φυσικὴν
2542 4225 2796 4293 θεότητα
2868 4220 3257 4290 ἀρνουμένων
3292 4214 3550 4286 Χριστοῦ
3582 4212 3699 4271 τοῦ

1717 4325 2011 4394 ἀληθινοῦ
2043 4324 2192 4379 Θεοῦ
2221 4321 2415 4392 ἡμῶν.

1776 4609 2131 4698 LIBER
2218 4609 2349 4697 ν.

610 4786 821 4852 Quinta:
858 4769 1143 4855 inipietatit
1168 4782 1551 4839 demonstratio
1578 4783 1887 4854 negantium
1916 4780 2248 4851 impudenter
2276 4787 2529 4833 naturam
2562 4776 2798 4830 divinam
2830 4772 3027 4829 Christi
3057 4772 3164 4827 veri
3193 4769 3291 4823 Dei
3318 4769 3505 4821 nostri.

2019 4922 2088 4933 ι...

966 5027 1356 5079 ΚΕΦΛΓΑΙΟΝ
1409 5031 1488 5081 A'.

506 5120 647 5175 Πότε
670 5118 786 5185 οὖν,
817 5120 972 5188 φασὶ,
993 5120 1055 5172 τὸ
1086 5119 1207 5173 ὅλον
1224 5121 1339 5173 ῐστε
1378 5120 1615 5191 Χριστοῦ
1649 5121 1780 5174 Θεόν
1802 5140 1816 5183 ;
1840 5121 2017 5185 Εὐθὺς

438 5215 549 5268 ἀπὸ
585 5213 679 5267 τοῦ
714 5212 968 5283 τόκουςῆ
1004 5213 1142 5281 μετὰ
1169 5216 1267 5283 τὴν
1314 5215 1643 5279 ἁνὰστασιν;
1675 5216 1723 5267 εἰ
1762 5215 1870 5284 γὰρ
1909 5214 2016 5267 ἀπὸ

439 5309 749 5378 γεννήσεως
779 5304 961 5372 εὐθὺς,
999 5306 1094 5361 καὶ
1123 5306 1309 5375 ἁπαθῆ
1335 5304 1445 5376 ἄρα
1473 5306 1569 5358 καὶ
1618 5305 1887 5360 ἀθάνατον
1929 5306 2017 5359 ἀεὶ

444 5401 559 5454 ἴστε
586 5400 679 5452 τὸν
711 5401 979 5472 Χριστόν;
1009 5400 1091 5462 τίς
1126 5394 1219 5452 οὖν
1266 5397 1435 5450 ἔπαθε
1490 5397 1585 5451 καὶ
1635 5398 1876 5451 ἀπέθανε
1926 5398 2019 5450 καὶ

440 5494 617 5563 ἐτάφη
651 5495 747 5548 καὶ
775 5496 842 5548 τὰ
871 5493 1033 5547 λοιπὰ
1057 5489 1375 5561 ἀνθρώπινα
1413 5490 1658 5561 ὑπέστης
1690 5492 1754 5543 Εἰ
1787 5491 1861 5561 μὴ
1890 5508 2025 5559 φαν-

440 5587 607 5639 τασία
636 5582 704 5657 ἦν
740 5586 809 5639 τὰ
838 5586 1107 5654 λεγόμενα
1139 5584 1270 5653 περὶ
1304 5583 1541 5655 Χριστοῦ
1567 5600 1581 5613 ⁸
1620 5584 1669 5635 εί
1696 5584 1752 5636 δὲ
1783 5586 1884 5636 οὐκ
1916 5584 2024 5636 ἀπὸ

441 5676 604 5730 τόκου
633 5674 702 5748 ἦν
730 5678 791 5731 τὸ
821 5678 941 5732 ὅλον
970 5675 1211 5746 Χριστοῦ
1244 5676 1375 5740 Θεὸς
1425 5676 1483 5743 ἐξ
1534 5676 1733 5747 ἀρχῆς,
1781 5673 1849 5748 ἦν
1901 5676 2021 5729 καθ’

447 5771 589 5841 ὑμᾶς
623 5771 711 5825 ὅτε
748 5773 847 5826 οὐκ
882 5767 949 5841 ἦν
993 5771 1110 5834 ὅλος
1148 5770 1280 5835 Θεὸς
1322 5772 1349 5825 ὁ
1382 5770 1575 5840 Λόγος.
1626 5770 1786 5824 Ἀλλᾶ
1815 5770 1876 5824 τὸ
1902 5769 2023 5825 ὅλον

2050 5034 2094 5087 D
2636 5029 2860 5085 CAPUT
2895 5027 3181 5082 PRIMUM.

2190 5123 2424 5191 Quando
2468 5122 2655 5193 igitur,
2717 5120 2998 5189 inquiunt,
3036 5118 3216 5171 nostis
3262 5116 3503 5185 denique
3560 5114 3701 5171 divi-

2121 5218 2354 5273 nitatem
2374 5214 2625 5271 Christi?
2652 5212 2851 5267 Statim
2880 5227 2911 5264 a
2939 5209 3263 5265 nativitate?
3292 5225 3360 5262 an
3384 5216 3697 5277 postresur-

2123 5310 2462 5366 rectionem?
2490 5310 2545 5365 Si
2579 5308 2747 5378 igitur
2770 5306 2958 5359 statim
2977 5320 3006 5358 a
3035 5302 3351 5365 nativitatc,
3374 5310 3429 5355 et
3451 5299 3705 5369 impassi-

2123 5402 2290 5456 bilem
2312 5400 2538 5471 quidem
2571 5406 2628 5453 et
2657 5397 3026 5451 immortalem
3079 5407 3298 5462 semper
3332 5391 3512 5446 nostis
3542 5388 3705 5445 Chri-

2123 5499 2289 5555 stum;
2318 5488 2445 5557 quis
2471 5486 2621 5541 enim
2661 5501 2868 5564 passus
2888 5494 2993 5550 est,
3018 5498 3074 5539 et
3114 5492 3365 5536 mortuus
3418 5490 3502 5535 est
3531 5490 3587 5534 et
3618 5494 3691 5533 se-

2123 5581 2310 5649 pultus
2326 5586 2411 5633 est
2430 5588 2485 5633 et
2502 5578 2954 5634 caetera'humana
2971 5575 3199 5641 subivit,
3220 5575 3264 5629 si
3289 5590 3397 5627 non
3425 5582 3553 5628 sunt
3570 5572 3706 5625 ima-

2121 5672 2334 5743 ginaria
2363 5688 2487 5742 qua:
2532 5671 2795 5725 dicuntur
2824 5669 2907 5736 de]
2933 5668 3157 5723 Christo
3174 5664 3207 5721 ἰν
3222 5667 3277 5721 Si
3322 5680 3454 5720 vero
3506 5679 3617 5717 non
3646 5679 3707 5719 ιιι

2125 5765 2415 5822 nativitate
2448 5772 2569 5822 crat
2594 5761 2823 5819 omnino
2851 5761 3058 5818 Christi
3113 5760 3379 5815 divinitas
3413 5772 3442 5811 a
3491 5754 3699 5827 princi-
