4116 6438
456 333 592 403 1733

1724 343 2037 411 LEONTII
2075 343 2487 411 BYZANTINI

3603 339 3742 408 17°25,

456 451 569 519 pio,
600 450 702 504 fuit
726 466 825 521 pro
849 452 1011 509 nobis
1038 461 1256 525 tempus
1279 466 1392 526 quo
1418 455 1654 511 verbum
1678 473 1789 513 non
1815 468 1934 514 erat
1962 475 2040 513 vel

2158 459 2395 528 Χριστοῦ
2435 457 2523 513 ἀεί
2568 472 2629 511 τε
2659 453 2812 523 Θεὸν,
2841 455 2934 511 διὰ
2976 454 3069 510 τὸν
3125 453 3202 509 έν·
3227 454 3378 526 αὐτῷ
3422 454 3595 525 Λόγον
3648 458 3739 510 καὶ

458 556 516 595 re
543 542 709 605 Deus,
738 543 831 597 sed
852 544 1443 610 Christi,-divinitatem
1456 550 1785 619 completam
1798 566 2035 620 semper,

454 640 511 685 et
538 632 939 690 humanitatem
998 652 1098 707 per
1142 640 1383 695 Verbum
1444 642 1512 697 de
1556 644 1741 713 seipso
1779 645 2039 699 novimus

454 732 511 774 et
532 724 859 792 simpliciter
888 727 1054 782 Verbi
1100 730 1302 796 solum,
1339 748 1557 803 semper
1582 735 1751 788 Deum
1798 736 2040 805 comple-

452 821 570 868 tum
603 826 662 870 ut
688 818 870 873 Verbi.
903 819 1330 886 Quandoautem
1352 827 2035 895 apprehenditChristum,

452 924 617 975 quam
668 918 863 965 vocant
889 922 1140 967 naturam
1164 915 1462 971 humanam
1493 920 1770 974 aestimant
1806 920 2037 990 gloriam

454 1008 510 1051 et
533 1000 792 1069 gratiam,
823 1003 1180 1073 adoptionem
1212 1008 1433 1079 dignam
1461 1011 1673 1066 honore
1725 1012 1942 1075 divino,
1976 1022 2038 1067 et

452 1106 652 1144 nomen
682 1094 828 1163 quod
851 1105 937 1149 est
968 1113 1137 1167 super
1162 1114 1324 1156 omne
1354 1115 1577 1158 nomen.
1605 1105 1628 1158 ?
1653 1104 1778 1159 Hac
1798 1105 2039 1160 fatemur

452 1197 518 1234 ex
544 1184 822 1254 principio
859 1190 1046 1243 statim
1087 1207 1117 1244 a
1148 1195 1518 1263 conceptione
1543 1197 1686 1266 ejus.
1709 1207 1765 1250 et
1787 1213 1912 1266 quae
1954 1206 2039 1251 est

454 1275 665 1329 utilitas
700 1277 932 1333 istorum
970 1298 1291 1353 magnorum
1312 1286 1590 1342 donorum
1619 1304 1721 1343 nec
1759 1290 2039 1359 passionis

454 1380 559 1419 nec
586 1365 898 1431 dedecoris,
925 1387 1027 1427 nec
1060 1374 1255 1428 mortis
1279 1390 1406 1430 eum
1439 1378 1801 1433 eximentium
1820 1380 1843 1432 ?
1863 1379 1929 1434 Et
1962 1382 2037 1435 sit

455 1454 641 1512 adhuc
670 1460 974 1527 passibilis,
1001 1463 1045 1517 si
1101 1465 1239 1519 nihil
1267 1468 1507 1538 amplius
1532 1486 1683 1525 nunc
1708 1471 1929 1541 adjecit,
1952 1473 2039 1527 vel

455 1550 639 1618 aliqua
672 1568 753 1616 re,
787 1564 845 1607 et
897 1557 966 1610 ab
997 1558 1192 1627 aliquo
1242 1570 1375 1616 tunc
1432 1562 1671 1632 patiens,
1728 1564 1905 1620 factus
1954 1572 2040 1621 est

455 1640 598 1696 liber
624 1659 653 1697 a
680 1645 992 1704 doloribus.
1036 1649 1173 1716 Quis
1233 1653 1404 1723 igitur
1445 1671 1613 1725 supra
1662 1656 1948 1712 Christum
1982 1668 2040 1714 et

454 1748 559 1788 nos
582 1737 817 1803 patiens,
851 1740 1083 1807 diceret,
1126 1744 1171 1797 si
1199 1754 1324 1813 post
1391 1730 1859 1804 resurrectionem
1917 1751 2035 1806 hzec

455 1824 638 1879 locum
671 1827 1009 1893 habuerunt,
1053 1844 1173 1888 erat
1196 1850 1331 1904 ergo
1354 1837 1577 1904 quando
1600 1853 1710 1891 non
1736 1849 1879 1901 erat,
1930 1856 2034 1895 nec

456 1916 511 1971 in
547 1917 909 1988 adoptionem
955 1925 1262 1979 secundum
1302 1928 1556 1997 gratiam,
1599 1944 1704 1983 nec
1752 1930 1805 1983 in
1860 1930 2036 1986 hono-

457 2025 595 2073 rem,
627 2013 1141 2085 necindignitatem
1176 2034 1341 2086 quam
1363 2018 1579 2086 dicunt,
1604 2031 1661 2076 et
1687 2029 1822 2076 tunc
1879 2023 2038 2093 equi-

456 2102 581 2156 dem
606 2112 736 2159 tunc
773 2106 1079 2162 ostendunt
1128 2125 1258 2163 eum
1308 2110 1452 2165 inter
1491 2128 1592 2168 nos
1635 2122 1696 2168 ut
1750 2114 2036 2171 hominem

454 2195 721 2250 onmibus
745 2198 943 2252 modis.
977 2199 1482 2269 Simplicissimum
1545 2204 1723 2275 igitur
1786 2222 1897 2261 non
1951 2223 2040 2263 se-

2141 543 2429 613 ἄνθρωπον
2464 544 2623 615 ἴσμεν
2646 556 2661 575 ⁶
2710 544 2804 597 τοῦ
2839 545 2898 597 δὲ
2934 544 3134 608 ἁπλῶς
3166 544 3341 611 Λόγου
3369 545 3554 613 μόνον,
3608 546 3744 598 Θεὸν

2139 635 2225 687 ἀεὶ
2267 636 2328 687 τὸ
2358 636 2479 689 όλον
2513 636 2591 699 ὠς
2628 636 2798 704 Λόγου
2825 652 2840 666 ·
2879 636 3009 689 πότε
3042 636 3087 688 δ’
3126 631 3218 689 οὖν
3251 636 3349 689 καὶ
3376 636 3531 689 αὐτοὶ
3556 636 3744 690 λαϐεῖν

2136 724 2231 778 τόν
2254 726 2508 796 Χριστὸν,
2540 728 2601 781 ὄν
2625 744 2790 795 φασιν
2824 726 3117 795 ἄνθρωπον
3148 726 3247 798 τὴν
3297 726 3484 796 φύσιν,
3537 728 3743 800 οἴονται

2138 816 2298 881 δόξαν
2350 819 2443 871 καὶ
2495 818 2693 887 χάριν,
2768 816 3045 870 υἱοθεσίαν
3116 834 3176 870 τε
3243 818 3340 871 καὶ
3412 814 3571 882 ἀξίαν
3642 819 3743 886 τῆς

2142 906 2293 971 θείας
2322 909 2488 978 τιμῆς
2516 910 2611 962 καὶ
2640 910 2813 979 ὄνομα
2845 910 2906 962 τὸ
2940 910 3083 981 ὑπὲρ
3131 911 3242 963 πᾶν
3287 911 3459 980 ὄνομα
3492 927 3508 977 ;
3554 910 3742 964 Ταῦτα

2140 999 2251 1068 γὰρ
2305 999 2662 1069 ὁμολογοῦσιν
2716 1000 2775 1065 ἐξ
2826 1001 3002 1072 ἀρχῆς
3052 1000 3217 1065 εὐθὺς
3261 1000 3368 1053 ἀπὸ
3422 1001 3742 1070 συλλήψεως

2142 1090 2293 1159 αὐτῷ
2324 1107 2338 1121 ο
2392 1090 2488 1143 καὶ
2522 1090 2606 1154 τίς
2657 1093 2692 1161 ἡ
2748 1090 2935 1161 ὄνησις
2987 1090 3158 1143 τῶνδε
3188 1090 3297 1143 τῶν
3345 1090 3600 1159 μεγάλων
3636 1089 3740 1142 δω-

2143 1182 2305 1253 ρεῶν,
2340 1184 2463 1237 οὐδὲ
2499 1183 2705 1247 πάθους
2733 1182 2857 1237 οὐδὲ
2886 1183 3114 1253 ἀτιμίας
3156 1183 3279 1236 οὐδὲ
3314 1182 3545 1237 θανάτου
3577 1181 3741 1236 αὐτὸν

2139 1274 2582 1344 έξαιρουμένων;
2624 1275 2734 1328 Καὶ
2768 1276 2940 1329 εἰσέτι
2986 1277 3095 1344 γὰρ
3139 1276 3225 1345 εἴη
3254 1274 3519 1345 παθητὸς,
3551 1277 3601 1327 εί
3636 1292 3743 1344 μη-

2138 1363 2227 1416 δὲν
2254 1364 2418 1417 πλέον
2450 1366 2795 1437 ἐπεκτήσατο
2835 1366 2950 1427 νῦν,
2983 1366 3016 1437 ἦ
3063 1367 3237 1437 έτέρῳ
3268 1366 3375 1419 τινὶ
3406 1366 3505 1419 καὶ
3527 1366 3594 1420 δι’
3624 1366 3743 1418 έτέο

2143 1473 2237 1526 ρου
2303 1457 2493 1511 παθὼν
2542 1458 2706 1522 τότε,
2773 1457 3059 1529 ἐλεύθερος
3100 1458 3293 1527 γέγονε
3343 1457 3557 1512 παθῶν.
3643 1457 3740 1520 Τίς

2138 1544 2232 1602 οὖν
2262 1549 2291 1602 6
2316 1550 2458 1621 ὑπὲρ
2486 1549 2725 1619 Χριστοῦ
2752 1552 2846 1604 καὶ
2896 1550 3056 1622 ⁴ἡμῶν
3111 1549 3321 1615 παθὼν,
3375 1550 3692 1619 λεγέτωσαν
3721 1566 3737 1581 ο

2141 1642 2191 1694 εί
2220 1641 2277 1694 δὲ
2322 1642 2462 1711 μετὰ
2483 1643 2584 1711 τὴν
2607 1642 2908 1696 ἀνάστασιν
2950 1642 3126 1696 ταῦτα
3174 1643 3353 1713 ἔσχεν,
3403 1637 3439 1713 ἦ
3490 1643 3600 1712 ἀρα
3649 1642 3741 1695 ὅτε

2145 1733 2248 1786 οὑκ
2269 1728 2360 1805 ἦν,
2389 1734 2514 1788 οὐδὲ
2549 1736 2607 1788 έν
2637 1736 2703 1805 τῇ
2759 1736 2900 1788 κατὰ
2956 1735 3117 1807 χάριν
3166 1734 3412 1806 υἱοθεσία
3461 1736 3558 1788 καὶ
3599 1736 3737 1804 τιμῇ

2068 1807 2107 1861 Β
2137 1824 2231 1877 καὶ
2266 1824 2394 1896 ἀξίᾳ
2423 1824 2491 1896 ἦν
2537 1838 2672 1894 φασι
2706 1842 2721 1857 ο
2758 1827 2854 1879 καὶ
2875 1828 2997 1880 τότε
3040 1827 3106 1897 δὴ
3149 1826 3269 1879 τότε
3324 1827 3597 1889 παντοίως
3642 1827 3741 1895 ψι-

2144 1913 2387 1968 λώτατον
2440 1916 2606 1970 αὐτὴν
2638 1917 3037 1986 ἀποφαίνουσιν
3075 1918 3363 1987 ἄνθρωπον
3393 1918 3517 1973 καθ’
3549 1920 3698 1989 ἡμᾶς
3719 1937 3736 1951 ·

2144 2008 2253 2075 ἄρα
2296 2002 2395 2061 οὖν
2433 2009 2554 2062 οὐδὲ
2595 2009 2737 2062 κατὰ
2769 2008 2867 2079 τὴν
2893 2009 3110 2064 οίανοῦν
3139 2010 3416 2063 οἱκείωσιν
3456 2009 3489 2080 ἢ
3531 2011 3741 2078 ἀναφο-

2142 2099 2242 2169 ρὰν
2287 2098 2357 2153 τά
2392 2100 2473 2163 είς
2544 2100 2709 2153 αὑτὸν
2765 2101 3033 2171 γινόμενα
3088 2098 3231 2164 τότε,
3281 2102 3363 2164 είς
3422 2102 3513 2154 τὸν
3565 2102 3742 2170 Λόγον

2139 2191 2545 2263 ἀνατρέχουσι·
2582 2195 2677 2247 καὶ
2721 2194 2840 2256 πῶς
2877 2194 2959 2260 τὸ,
2982 2193 3209 2247 Ἐαυτδν
3245 2195 3578 2248 ἐταπείνωσε
3610 2212 3743 2265 μορ-

454 2285 700 2340 cuudum
726 2289 1050 2343 rationalem
1112 2293 1623 2361 appropriationem
1662 2298 1747 2351 vel
1808 2299 2040 2368 amplio-

2146 2284 2253 2354 φὴν
2276 2283 2465 2337 δούλου
2489 2284 2694 2349 λαϐὼν,
2741 2286 2975 2355 όΛόγος
3032 2289 3271 2358 εῐρηται,
3321 2287 3418 2340 καὶ⁵
3475 2286 3745 2357 αἰσχύνης

458 2392 573 2430 rem
607 2394 731 2447 qum
760 2382 814 2434 in
872 2381 993 2451 ipso
1020 2393 1173 2448 gesta
1217 2394 1347 2439 sunt
1407 2386 1539 2440 olim
1588 2388 1915 2445 referuntur
1970 2389 2040 2445 ad

2144 2375 2374 2430 θάνατον
2424 2380 2890 2450 καταφρονήσας;
2926 2380 3051 2443 Πῶς
3073 2381 3129 2433 δὲ
3181 2382 3275 2434 καὶ
3326 2379 3410 2446 τὸ,
3459 2398 3477 2432 ι
3518 2381 3582 2434 Ei
3632 2382 3744 2453 γὰρ

454 2466 721 2534 Verbum,
745 2474 1089 2541 etquomodo
1118 2474 1363 2532 Verbum
1386 2478 1625 2534 dicitur:
1660 2499 1678 2532 ι
1714 2482 2033 2538 Exinanivit

2143 2466 2515 2535 ἔγνωσαν,οὐκ
2544 2471 2612 2524 ἂν
2637 2471 2728 2524 τὸν
2756 2469 2962 2541 Κύριον
2985 2472 3080 2540 τῆς
3103 2472 3264 2543 δόξης
3293 2472 3671 2543 έσταύρωσανς
3716 2493 3737 2526 ι

457 2560 701 2629 seipsum
739 2562 967 2618 formam
1000 2568 1143 2622 servi
1161 2568 1465 2637 accipiens,
1500 2588 1518 2622 ι
1542 2574 1879 2643 contempsit
1900 2590 2040 2629 mor-

2146 2560 2259 2615 Καὶ
2283 2562 2400 2626 πῶς
2432 2563 2787 2630 τότε,τδ,ιΣὺ
2817 2561 2868 2617 εἴ
2896 2564 2925 2616 6
2951 2564 3079 2629 Υίδς
3108 2563 3203 2619 τοῦ
3236 2565 3371 2619 Θεοῦ
3400 2566 3496 2620 τοῦ
3514 2566 3740 2632 ζῶντος,

458 2656 568 2701 tem
601 2650 959 2718 pudendam?
1009 2663 1066 2709 et
1119 2657 1401 2726 quomodo
1449 2659 1556 2716 hoc
1610 2663 1892 2718 verbum:
1944 2665 2040 2720 «Si

2147 2653 2252 2707 ὑπὸ
2276 2654 2485 2726 Πέτρου
2524 2655 2892 2726 ὡμολογεῖτο;
2930 2676 2948 2709 ι
2986 2660 3120 2723 Καὶ,
3160 2678 3179 2710 ι
3220 2660 3292 2712 Σὺ
3315 2653 3369 2711 εἴ
3406 2661 3435 2712 6
3481 2660 3609 2714 Υἱός
3636 2677 3741 2729 μου

458 2742 876 2809 cognovissent,
925 2761 1211 2817 nunquam
1270 2750 1567 2806 Dominum
1614 2753 1806 2823 gloria
1864 2758 2040 2812 cruci-

2146 2743 2175 2796 6
2205 2743 2488 2813 ἁγαπητὸς
2518 2745 2577 2798 ὲν
2601 2737 2645 2813 ᾧ
2690 2746 2983 2817 εὐδόκησα,
3020 2765 3039 2798 ο
3070 2747 3176 2799 ὑπὸ
3208 2747 3301 2799 τοῦ
3332 2745 3540 2819 Πατρός
3570 2749 3746 2818 ἐμαρ-

458 2831 709 2886 iixissent
733 2844 759 2870 ιι
786 2835 903 2890 ?iet
921 2840 1202 2905 quomodo
1222 2849 1353 2896 tunc
1384 2843 1500 2898 haec
1516 2860 1843 2914 responsum
1860 2848 2001 2903 Petri
2029 2865 2040 2903 :

2154 2835 2418 2904 τυρεϊτο;
2455 2836 2596 2905 Ἀρα
2623 2830 2716 2889 οὖν
2749 2836 2870 2891 οὐδὲ
2912 2835 3067 2890 αὐτοὶ
3122 2837 3397 2910 ἐλεύθεροι
3444 2838 3543 2907 τῆς
3604 2839 3744 2902 ιδίας

460 2923 574 2977 ιτυ
599 2940 659 2979 es
692 2925 950 2982 Christus
976 2930 1149 2985 Filius
1170 2933 1265 2987 Dei
1289 2934 1467 2988 vivi?)
1507 2937 1595 3001 Et,
1633 2937 1745 2991 «Tn
1777 2954 1837 2993 es
1875 2937 2040 2994 Filius

2151 2924 2386 2994 ἀπορίας
2412 2940 2424 2956 °
2463 2927 2625 2995 ἡμεῖς
2658 2926 2703 2979 δ’
2734 2926 2827 2980 οῦν
2864 2944 3055 2996 φαμεν
3088 2928 3163 2991 ὼς
3193 2929 3286 2983 καὶ
3334 2930 3636 2999 γενομένης
3680 2931 3743 2996 ἐξ

457 3030 614 3071 meus
630 3018 865 3073 dilectus
884 3021 935 3074 in
953 3037 1063 3091 quo
1077 3024 1407 3094 complacui,
1424 3042 1477 3081 ia
1490 3028 1652 3083 Patre
1673 3028 2040 3085 testimonium

2154 3018 2331 3089 ἀρχῆς
2359 3017 2459 3086 τῆς
2493 3018 2552 3070 ὲν
2600 3020 2667 3089 τῇ
2718 3018 2851 3090 ἁγίᾳ
2896 3020 2998 3089 τῆς
3054 3021 3334 3091 Παρθένου
3384 3023 3589 3093 μήτρᾳ,
3640 3020 3742 3075 τοῦ

458 3110 709 3179 accepit?
732 3111 904 3181 Igitur
930 3129 1039 3167 non
1073 3126 1233 3170 erant
1268 3116 1347 3171 illi
1384 3118 1548 3172 liberi
1582 3120 1811 3189 prOpria
1860 3121 2040 3175 anxie-

2155 3110 2331 3177 Λόγου
2366 3110 2459 3164 καὶ
2490 3110 2593 3180 τῆς
2635 3111 2837 3183 σαρκὸς
2877 3112 3249 3180 ὑποστατικῆς
3282 3114 3550 3178 ὲνώσεως,
3590 3116 3745 3185 ὅμως

462 3206 593 3260 tate,
624 3212 728 3253 nos
781 3215 914 3255 vero
943 3202 1187 3258 dicimus
1240 3220 1309 3259 ex
1357 3222 1471 3275 quo
1519 3206 1672 3277 cepit
1712 3208 2040 3279 principium

2158 3201 2373 3254 εὐδοκία
2411 3197 2478 3271 ἦν
2503 3202 2669 3255 αὑτοῦ
2714 3202 2809 3255 τοῦ
2836 3203 3014 3271 Λόγου
3042 3206 3469 3276 συμπτωχεῦσαι
3499 3208 3557 3261 ὲν
3591 3210 3748 3280 πάσῃ

457 3287 684 3343 unionis
717 3290 1081 3361 hypostaticae
1106 3296 1272 3351 Verbi
1308 3305 1364 3352 et
1387 3298 1572 3353 carnis
1606 3299 1662 3354 in
1686 3308 1846 3355 utero
1862 3310 2040 3357 sanctc

2152 3297 2222 3366 τῇ
2253 3294 2535 3348 διαϐιὼσει
2566 3298 2669 3366 τῆς
2709 3296 2933 3366 σαρκός,
2965 3295 3064 3367 τὴν
3096 3296 3331 3368 φυσικὴν
3358 3297 3525 3352 αὑτοῦ
3566 3316 3747 3367 μεγα·

458 3375 729 3448 Virginis.
761 3380 1033 3438 Similiter
1067 3386 1324 3442 voluntas
1356 3397 1478 3442 erat
1525 3389 1693 3445 Verbi
1738 3406 1903 3461 egere
1954 3407 2040 3461 pcl

2152 3383 2406 3457 λειότητα
2436 3401 2451 3417 ⁸
2480 3387 2567 3439 ἵνα
2597 3387 2625 3439 6
2649 3386 2828 3440 πάντα
2866 3388 3029 3457 Λόγῳ
3059 3387 3227 3441 ποιῶν
3258 3389 3453 3454 Λόγος,
3512 3391 3607 3442 καὶ
3640 3391 3742 3462 οὐχ

461 3477 631 3523 totam
667 3472 836 3527 vitam
874 3477 1178 3542 carnalem,
1229 3479 1515 3551 physicam
1565 3484 1685 3553 ejus
1719 3484 2054 3553 magnitudi-

458 3577 609 3627 nem,
652 3574 713 3619 ut
738 3564 977 3622 Verbum
1007 3571 1189 3625 omnia
1243 3588 1354 3627 uno
1384 3574 1554 3628 verbo
1593 3574 1825 3640 faciens,
1856 3584 1913 3631 et
1946 3592 2049 3633 nec

460 3653 692 3723 rapina,
756 3658 842 3712 vel
911 3659 1181 3729 injustitia
1244 3662 1298 3715 in
1364 3663 1606 3735 iudicio],
1661 3674 1717 3721 et
1777 3666 1894 3736 ipse
1950 3683 2049 3737 per

464 3752 634 3799 totam
685 3747 855 3802 vitam
912 3765 1110 3819 puram
1160 3753 1423 3807 exaltavit
1467 3753 1573 3824 ipsi
1632 3757 2044 3826 superadditam

460 3836 888 3904 humanitatem,
916 3849 1039 3910 post
1066 3851 1301 3897 mortem
1337 3845 1543 3910 carnis,
1590 3848 1900 3916 spiritualis
1936 3850 2043 3903 im-

458 3930 817 3987 mortalitatis
848 3936 913 3987 'et
959 3936 1211 4004 perpetui
1275 3937 1506 3993 honoris
1561 3952 1619 3995 et
1676 3941 2043 3998 beatitudinis

459 4018 699 4077 initium.
725 4023 817 4079 Sic
846 4026 992 4080 enim
1020 4026 1277 4085 Christus
1301 4031 1533 4101 gloriam
1587 4039 1781 4102 petens
1805 4050 1833 4088 a
1877 4035 2042 4089 Patre

458 4127 557 4180 per
578 4111 809 4167 formam
836 4114 1197 4172 humanitatis
1226 4132 1360 4184 sum,
1408 4128 1464 4175 et
1508 4121 1813 4176 secundum
1843 4137 2038 4192 perso-

458 4218 582 4256 nam
606 4202 849 4258 divinam
878 4214 1044 4261 totam
1070 4207 1208 4263 dicit
1239 4225 1297 4265 se
1325 4210 1531 4265 habere
1558 4212 1789 4282 gloriam
1819 4212 2039 4282 qualem

459 4294 653 4351 habuit
673 4305 802 4352 ante
840 4300 1297 4357 constitutionem
1332 4303 1547 4370 mundi,
1576 4310 1634 4359 et
1679 4304 1953 4375 gloriosus
1979 4321 2038 4360 se

458 4389 801 4457 proclamans
815 4392 979 4447 simul
1004 4394 1325 4464 inglorium,
1354 4396 1569 4451 audivit
1600 4415 1646 4451 ει
1680 4394 1799 4451 Jam
1828 4396 2036 4467 gloriﬁ-

2152 3475 2492 3547 ἁρπαγμῷἥ
2524 3477 2710 3549 ἀδικίᾳ
2743 3478 2802 3530 έν
2846 3478 2969 3547 δίκῃ
3013 3496 3076 3547 γε
3113 3480 3207 3533 καὶ
3243 3480 3407 3544 αὐτὸς
3444 3480 3531 3535 διὰ
3558 3483 3744 3553 πάσης

2148 3567 2248 3637 τῆς
2282 3568 2553 3637 ἀχράντου
2593 3568 2759 3621 αὑτοῦ
2791 3568 3128 3632 διαϐιὼσεως
3156 3570 3449 3642 συνυψώσῃ
3502 3572 3604 3643 τὴν
3652 3574 3744 3625 ὲν-

2147 3660 2381 3713 ωοεῖσαν
2427 3660 2576 3731 αὐτῷ
2626 3661 3044 3733 ἀνθρωπότητα,
3105 3663 3244 3732 μετὰ
3284 3663 3375 3717 τὸν
3404 3664 3503 3733 τῆς
3539 3665 3743 3730 σαρκὸς

2149 3751 2416 3816 θάνατον,
2466 3753 2567 3823 τῆς
2612 3754 2999 3823 πνευματικῆς
3048 3755 3352 3819 ἀθανασίας
3402 3758 3499 3810 καὶ
3550 3757 3732 3810 ἀϊδίου

2146 3843 2312 3913 τιμῆς
2349 3843 2443 3896 καὶ
2485 3842 2894 3913 μακαριότητος
2946 3844 3385 3915 ἀπαρχομένηνο
3429 3847 3605 3917 τούτῳ
3656 3864 3743 3900 τοι

2146 3934 2383 4005 Χριστὸς
2416 3934 2576 3998 δόξαν
2619 3934 2789 3988 αἰτῶν
2824 3934 2974 4006 παρὰ
3004 3935 3099 3988 τοῦ
3154 3935 3369 4007 Πατρός
3440 3936 3506 3989 ὲκ
3556 3954 3742 4006 προσ-

2144 4024 2295 4078 ώπου
2336 4024 2437 4094 τῆς
2458 4023 2880 4094 ἀνθρωπότητος
2930 4025 3119 4088 αὐτοῦ,
3176 4025 3270 4079 καὶ
3328 4027 3393 4079 ἐκ
3446 4024 3742 4097 προσώπου

2141 4117 2235 4171 τοῦ
2271 4116 2447 4185 Λόγου
2484 4115 2740 4185 τοιαύτην
2776 4112 2919 4171 εἶναι
2955 4115 3125 4171 εἰπὼν
3155 4118 3275 4170 οἵαν
3299 4119 3396 4172 καὶ
3428 4117 3534 4188 πρὸ
3563 4135 3738 4171 κατα-

2141 4207 2305 4277 ϐολῆς
2348 4208 2554 4278 κόσμου
2592 4202 2723 4278 εἶχε,
2763 4207 2856 4262 καί
2908 4207 3101 4261 ἑαυτὸν
3130 4208 3159 4260 6
3210 4208 3419 4273 ἔνδοξος
3471 4207 3586 4278 ἅμα
3640 4208 3743 4262 καὶ

2139 4299 2330 4364 ἄδοξον
2370 4299 2785 4370 ἀνακηρύττων,
2818 4299 3016 4369 ἤκουεν
3050 4300 3134 4353 ὅτι
3161 4300 3389 4365 ἐδόξασα
3418 4300 3542 4370 ἥδη.
3575 4315 3739 4352 τουτ-

2141 4389 2258 4442 ἐστι
2280 4388 2371 4443 διὰ
2395 4389 2501 4458 τῆς,
2529 4390 2593 4442 ἐκ
2626 4388 2909 4458 Παρθένου
2945 4389 3256 4459 παραδόξου
3288 4391 3599 4458 γεννήσεως
3637 4391 3741 4442 καὶ

459 4480 634 4545 cavi,»
667 4481 719 4535 id
745 4492 829 4537 est
850 4499 951 4553 per
973 4485 1275 4541 inauditam
1289 4486 1704 4557 generationem
1726 4503 1793 4543 ex
1819 4487 2040 4557 Virgine

2148 4480 2254 4533 τῶν
2286 4480 2489 4533 λοιπῶν
2537 4480 2901 4549 θεοσημειῶν,
2955 4483 3050 4535 καὶ
3104 4481 3269 4535 πάλιν
3316 4479 3526 4545 δοξάσω
3561 4480 3740 4550 ἤγουν

456 4580 513 4625 et
532 4571 640 4625 alia
661 4572 846 4627 divina
872 4575 1079 4645 signa,«
1108 4576 1379 4631 etiterum
1402 4577 1741 4648 glorificabo,
1767 4596 1784 4629 ι
1824 4577 2038 4632 scilicet

458 4677 559 4730 per
587 4664 1057 4719 resurrectionem
1081 4675 1205 4734 post
1224 4674 1483 4732 mortem,
1540 4668 2037 4731 immortalitatem,

458 4752 729 4823 judicium
754 4757 968 4821 mundi,
1003 4768 1061 4812 et
1093 4773 1194 4828 per
1222 4757 1591 4813 elevationem
1621 4766 1677 4814 et
1709 4774 1877 4831 super
1909 4760 2047 4816 emi-

459 4846 702 4902 nentiam
736 4846 790 4901 in
834 4849 1116 4914 omnibus,
1172 4857 1228 4904 et
1280 4849 1606 4918 simpliciter
1646 4867 1746 4921 per
1805 4854 2044 4911 similem

460 4938 857 4995 divinationem
889 4950 940 4996 et
965 4940 1197 5012 gloriam
1248 4942 1722 5000 autemundanam
1774 4946 1931 5002 verbi
1990 4948 2048 5005 in

459 5046 527 5086 eo
557 5031 882 5089 habitantis.

563 5216 671 5271 Sed
707 5217 902 5273 dicunt
922 5126 1334 5276 rursumipl‘ltx
1320 5128 1621 5291 duomodo,
1655 5222 1701 5278 si
1736 5222 1791 5277 in
1824 5222 2050 5280 Christo

2146 4571 2233 4626 διὰ
2260 4573 2360 4643 τῆς
2402 4572 2543 4642 μετὰ
2571 4572 2664 4625 τὸν
2695 4572 2929 4626 θάνατον
2958 4572 3333 4637 ἀναστάσεως,
3380 4572 3475 4625 καὶ
3518 4570 3739 4642 ἀφθαρ-

2150 4663 2293 4727 σίας,
2346 4664 2440 4717 καὶ
2492 4664 2701 4735 κόσμου
2752 4665 3257 4755 κατακρατήσεως⁸
3298 4664 3393 4718 καὶ
3444 4666 3543 4732 τῆς
3592 4662 3740 4716 κατὰ

2149 4754 2375 4808 πάντων
2405 4754 2659 4820 ἐξουσίας
2700 4756 2794 4809 καὶ
2835 4754 3265 4826 ὑπερυψώσεως,
3308 4756 3402 4809 καὶ
3431 4755 3617 4818 ἀπλῶς
3668 4756 3721 4808 δι

2147 4846 2341 4918 ὁμοίας
2398 4846 2673 4910 θεώσεως,
2731 4846 2827 4901 καὶ
2884 4847 2985 4918 τῆς
3035 4848 3372 4921 προκοσμίου
3425 4847 3584 4919 δόξης
3641 4847 3739 4901 τοῦ

2150 4939 2329 5008 Λόγου
2360 4939 2455 4993 τοῦ
2486 4940 2544 4994 ὲν
2578 4939 2750 5012 αὐτῷ.

2749 5122 2984 5179 ΚΕΦΛΛ
3059 5122 3134 5180 B'.

2237 5213 2398 5269 Ἀλλά
2434 5232 2566 5285 φασι
2597 5215 2760 5269 πάλιν
2790 5231 2805 5247 ⁸
2850 5217 2961 5270 Καὶ
3004 5215 3121 5280 πῶς
3151 5216 3200 5269 εί
3233 5217 3289 5269 έν
3322 5214 3541 5289 Χριστῷ
3568 5218 3596 5270 6
3626 5216 3739 5281 ζῶν

458 5299 653 5355 vivens
692 5302 937 5357 Verbum
970 5304 1061 5359 Dei
1090 5312 1195 5370 est,
1227 5304 1362 5360 dicit
1410 5306 1708 5375 Apostolus
1740 5307 1808 5362 de
1831 5306 2040 5363 Christe

2152 5307 2327 5376 Λόγος
2358 5308 2450 5362 τοῦ
2480 5306 2617 5361 Θεοῦ
2663 5310 2833 5372 ἐστιν,
2882 5307 3099 5379 εἴρηται
3126 5307 3204 5378 τῷ
3244 5307 3557 5377 Ἀποστόλῳ
3606 5306 3742 5378 περὶ

460 5391 611 5461 quod
660 5402 913 5451 mortuus
945 5404 1001 5450 et
1057 5396 1306 5466 sepultus
1348 5406 1451 5462 est,
1496 5407 1553 5453 et
1605 5398 1752 5469 quod
1812 5400 2040 5454 surrein

2154 5400 2389 5470 Χριστοῦ
2415 5401 2496 5453 ὅτι
2530 5400 2624 5453 καὶ
2658 5399 2897 5453 ἀπέθανε
2927 5401 3021 5454 καὶ
3053 5400 3254 5469 ἐτάφη,
3281 5400 3374 5452 καὶ
3409 5399 3493 5452 ὅτι
3531 5397 3740 5468 ἀνέστη

462 5483 628 5537 tertia
654 5482 773 5549 die,
797 5486 1102 5540 secundum
1154 5486 1515 5557 Scripturas?
1549 5489 1709 5543 nobis
1737 5505 1870 5544 vero
1911 5506 2040 5559 quo-

2154 5496 2221 5565 τῇ
2250 5495 2409 5565 τρίτῃ
2439 5496 2626 5565 ἡμέρᾳ
2648 5535 2664 5560 ,
2714 5494 2858 5548 κατὰ
2884 5497 2985 5555 τὰς
3016 5494 3269 5564 Γραφάς;
3312 5494 3473 5561 Ἡμῖν
3512 5510 3573 5545 τε
3615 5492 3740 5556 πῶς

464 5572 627 5627 modo
653 5573 881 5628 exhibet
910 5591 1104 5631 rursus
1134 5577 1190 5631 in
1220 5594 1286 5633 eo
1314 5594 1327 5631 :
1365 5598 1381 5629 ι
1410 5580 1465 5633 Si
1491 5580 1696 5633 mortui
1723 5596 1835 5634 non
1867 5597 2040 5635 resur-

2159 5586 2567 5657 παραϐάλλεται
2591 5586 2758 5641 πάλιν
2791 5589 2848 5640 ὲν
2870 5584 2970 5657 τῷ,
2995 5586 3058 5638 Εἰ
3082 5585 3193 5656 γὰρ
3231 5584 3414 5655 νεκροὶ
3446 5584 3545 5637 οὐκ
3584 5583 3741 5651 ἐγει-

464 5669 621 5730 gunt,
661 5678 767 5717 nec
793 5665 1052 5721 Christus
1080 5670 1422 5725 resurrexit?
1452 5690 1469 5721 ι
1506 5672 1891 5744 Evidensergo
1906 5673 2040 5743 quod

2165 5693 2372 5747 ρονται,
2407 5676 2531 5729 οὐδὲ
2556 5675 2792 5746 Χριστὸς
2821 5676 3152 5745 ὲγήγερται;
3182 5674 3342 5745 δῆλον
3371 5675 3480 5744 γὰρ
3526 5674 3603 5737 ὡς
3643 5672 3741 5727 καὶ

470 5755 587 5821 ipse
618 5762 871 5812 mortuus
909 5758 1169 5816 inventus
1196 5771 1279 5817 est
1306 5763 1453 5819 inter
1486 5782 1608 5835 nos,
1667 5774 1723 5821 et
1745 5766 1955 5838 reliqua
1979 5775 2040 5823 te.

2163 5766 2326 5830 αὐτὸς
2372 5765 2565 5839 νεκρὸς
2611 5766 2734 5820 καθ’
2769 5769 2918 5839 ημᾶς
2968 5766 3294 5838 γενόμενος·
3322 5768 3419 5821 καὶ
3460 5766 3530 5821 τὰ
3571 5766 3743 5821 λοιπὰ
