4116 6454
376 337 514 409 17:75

1336 352 1736 424 ADVERSUS
1774 357 2329 431 NESTORIANOS.
2361 396 2428 407 ·-
2450 374 2597 434 LIB.
2638 370 2706 436 V.

3528 383 3543 444 t
3559 378 3663 446 7‘26

377 464 736 534 μαρτυρεῖται
760 465 907 521 τάδε.
943 466 1085 522 Ἀλλ’
1119 468 1266 524 ῐσασι
1320 476 1414 527 καὶ
1456 478 1610 530 αὐτοὶ
1658 478 1754 531 νῦν
1800 482 1955 534 ἐκου-

2068 492 2299 538 stantur.
2328 485 2434 540 Sed
2470 499 2680 542 norunt
2708 495 2764 543 et
2796 488 2899 559 ipsi
2927 506 3074 546 nunc
3096 493 3404 549 voluntarie
3428 496 3665 553 abscon-

374 556 506 620 σίως
535 557 955 630 ἐπιλελησμένοι
984 560 1094 616 τῶν
1116 563 1265 632 σφῶν
1285 564 1588 639 διορισμῶν
1606 572 1681 633 ὡς
1698 573 1962 637 πολλάκις

371 651 438 702 ἐκ
466 648 563 703 τοῦ
590 651 714 703 ὅλου
762 652 825 705 τὸ
872 652 1040 722 μέρος
1080 655 1237 709 καλεί
1263 659 1301 730 ἡ
1337 661 1466 728 ἀγία
1500 663 1687 735 Γραφή
1711 680 1724 693 ⁸
1766 665 1840 728 ὡς
1866 665 1960 730 τὸ,

385 740 535 795 Ἐκεῖ
559 742 764 812 ἔθαψαν
780 744 1034 818 Ἀϐραάμ
1049 762 1061 773 ·
1082 749 1141 801 ού
1167 750 1274 819 γὰρ
1293 753 1363 823 δὴ
1381 755 1475 808 καὶ
1497 755 1674 828 ψυχὴν
1690 757 1959 829 ⁹Α6ραὰμ,

374 832 508 887 ἀλλὰ
546 835 708 903 μόνον
730 835 790 887 τὸ
822 836 980 907 σῶμα
1006 854 1020 869 °
1047 840 1175 893 τάδε
1213 837 1311 897 οὖν
1350 847 1541 917 σαφῶς
1586 851 1715 920 περὶ
1738 851 1833 904 τοῦ
1867 854 1963 906 ἀν-

376 924 649 993 θρωπίνου
699 928 941 998 Χριστοῦ
999 930 1218 1002 εἴρηται
1246 948 1260 964 ⁸
1300 937 1429 991 ἐπεὶ
1462 940 1581 1004 πῶς
1622 940 1736 1012 ἔχει
1779 944 1964 1015 χώραν

376 1018 504 1087 περὶ
529 1017 627 1072 τοῦ
661 1020 825 1074 αὑτοῦ
864 1022 1119 1090 λέγεσθαι
1152 1026 1248 1079 καὶ
1273 1018 1339 1083 τιὸ
1381 1028 1469 1084 Ἐν
1509 1034 1725 1103 νεκροῖς
1743 1036 1962 1091 ἐλεύθε-

376 1124 498 1176 ρος;
542 1109 660 1173 πῶς
681 1128 740 1163 τε
774 1112 825 1165 εἰ
859 1114 985 1167 καθ’
1029 1116 1175 1184 ὑμᾶς
1216 1117 1415 1191 νεκρὸς
1450 1122 1674 1191 γέγονεν
1714 1128 1965 1198 ἀπαραλ-

374 1200 611 1265 λάκτως,
633 1203 794 1268 αὐτὸς
822 1206 1015 1275 ἤγειρε
1044 1207 1137 1261 τὸν
1162 1209 1363 1265 ἐαυτοῦ
1397 1215 1525 1267 ναὸν
1550 1218 1608 1269 ἐν
1636 1219 1815 1287 τρισὶν
1836 1220 1963 1290 ἡμέ-

377 1312 500 1366 ραις
518 1312 533 1359 ;
559 1296 588 1348 ὁ
604 1299 699 1350 καὶ
717 1296 933 1368 σώματι
956 1300 1052 1352 καὶ
1066 1299 1211 1372 ψυχῇ
1232 1300 1311 1367 ὥς
1330 1322 1461 1374 φασι
1482 1308 1658 1379 πάντη
1684 1310 1963 1383 ἄπρακτος

374 1387 688 1457 ¹γενόμενος,
719 1389 796 1453 ὡς
826 1388 934 1453 πᾶς
965 1391 1256 1462 ἄνθρωπος
1283 1396 1422 1467 μετά
1448 1398 1677 1455 θάνατον
1703 1419 1717 1433 ·
1743 1404 1836 1456 καὶ
1855 1404 1963 1475 γάρ

373 1477 495 1529 οὐδέ
522 1478 622 1548 τὴν
650 1479 869 1533 οἱανοῦν
888 1479 1069 1550 ψυχῆς
1095 1484 1383 1554 ἐνέργειαν
1415 1489 1659 1545 ἐδίδοσαν
1693 1494 1836 1563 μετὰ
1865 1494 1964 1550 θά-

374 1585 534 1622 νατον
557 1570 890 1641 ἀνθρώποις,
914 1572 1047 1644 ἄχρι
1077 1574 1179 1644 τῆς
1209 1579 1573 1646 ἀναστάσεως
1595 1624 1611 1650 ,
1649 1588 1707 1639 ἐν
1727 1589 1840 1649 τοῖς
1868 1588 1966 1657 έμ-

374 1660 612 1729 προσθεν
638 1662 821 1715 αὐτῶν
861 1664 1281 1736 ἐπιχειρήμασι,
1314 1672 1470 1743 πόσῳ
1500 1691 1563 1742 γε
1596 1677 1797 1745 μᾶλλον
1814 1678 1964 1733 θείαν

376 1752 755 1821 πρᾶξινςπῶς
773 1755 831 1809 δέ
866 1759 915 1809 εἰ
950 1758 1111 1822 αὐτὸς
1150 1761 1266 1831 ἔχει
1308 1765 1408 1835 τὴν
1440 1766 1689 1831 ἐξουσίαν
1729 1770 1822 1823 τοῦ
1864 1772 1965 1841 τὴν

378 1842 517 1896 ίδίαν
549 1842 731 1915 ψυχὴν
756 1845 933 1901 θεῖναι
956 1849 1052 1903 καὶ
1077 1851 1375 1908 ἀπολασείν
1406 1858 1577 1929 αὐτὴν
1601 1901 1615 1925 ,
1656 1860 1780 1914 καθ’
1818 1863 1965 1930 ἡμᾶς

375 1932 567 2002 γέγονε
592 1937 789 2008 νεκρός
812 1952 826 2004 ;
858 1940 943 2003 τίς
969 1941 1079 2013 γὰρ
1099 1944 1129 1998 ὁ
1156 1945 1417 2018 τοιαύτης
1445 1949 1547 2003 ούκ
1570 1948 1727 2016 ἀξίας
1754 1954 1965 2018 ἁπλῶς,

375 2027 495 2081 ἀλλ’
524 2027 778 2094 ἐξουσίας
808 2070 825 2094 ,
860 2030 1084 2086 πώποτε
1116 2035 1174 2089 ἐν
1223 2037 1538 2108 ἀνθρώποις
1583 2042 1836 2109 γέγονενς
1886 2042 1966 2098 ἐτι

379 2120 486 2189 μὴν
515 2123 563 2173 εἰ
592 2120 667 2193 μὴ
692 2121 826 2186 Θεὸς
854 2124 913 2176 ἐν
936 2126 1179 2196 Χριστῷ,
1215 2129 1308 2181 καὶ
1337 2132 1481 2185 κατά
1503 2132 1598 2186 τὸν
1621 2134 1851 2188 θάνατον
1872 2138 1966 2189 καὶ

373 2212 617 2276 τὸπάθος
634 2215 728 2268 καὶ
744 2216 884 2270 κατά
907 2216 1090 2283 λοιπά,
1115 2219 1320 2289 κόσμον
1351 2220 1531 2293 ἐαυτῷ
1549 2226 1963 2293 καταλλάσσων,

374 2305 450 2370 ὡς
479 2307 812 2377 γέγραπται,
843 2310 959 2373 πῶς
991 2312 1019 2365 ὁ
1037 2312 1095 2363 ἐν
1121 2317 1304 2384 μορφῇ
1330 2313 1466 2369 Θεοῦ
1492 2318 1774 2389 ὑπάρχων,
1802 2322 1965 2385 αὐτὸς

375 2398 472 2449 καὶ
502 2398 603 2450 οὑκ
632 2397 867 2470 ἄλλος,ἢ
897 2399 964 2452 δι’
995 2400 1157 2455 ἄλλου
1187 2404 1553 2458 ἐταπείνωσεν
1576 2408 1768 2461 ἐαυτὸν
1804 2410 1966 2480 μέχρι

378 2488 644 2555 οανάτου;
697 2491 794 2544 καὶ
853 2492 970 2555 πῶς
1012 2492 1107 2547 τὸν
1163 2494 1370 2565 Κύριον
1415 2498 1516 2566 τῆς
1548 2499 1707 2570 δόξης
1750 2500 1967 2572 ἀληθῶς

376 2583 765 2653 ἐσταύρωσαν;
796 2585 890 2637 καὶ
923 2585 1042 2649 πῶς
1068 2585 1285 2657 εἴρηται
1317 2588 1397 2651 τὸ,
1413 2589 1473 2643 '0
1500 2590 1556 2643 δέ
1590 2592 1723 2654 Θεὸς
1754 2594 1966 2647 καὶτὸν

380 2673 584 2743 Κύριον
613 2676 863 2747 ἐξήγειρε
891 2716 906 2741 ,
935 2679 1031 2730 καὶ
1054 2679 1202 2748 ἡμᾶς
1233 2682 1418 2752 ἐγερεῖ
1443 2682 1532 2736 διὰ
1562 2685 1663 2753 τῆς
1684 2684 1967 2758 δυνάμεως

377 2766 546 2819 αὐτοῦ
575 2767 670 2820 τοῦ
696 2767 1017 2837 ἐγερθέντος
1045 2772 1520 2843 ὡμολογημένως;
1558 2776 1718 2848 δῆλον
1757 2779 1865 2850 γὰρ
1891 2779 1966 2844 ὡς

377 2856 702 2929 ἐξεγερτικὴ
745 2858 880 2912 οὖσα
925 2862 1138 2932 νεκρῶν
1199 2864 1295 2916 καὶ
1348 2864 1553 2934 ἐτέρων
1608 2871 1877 2939 σωμάτων
1928 2874 1961 2942 ὴ

376 2949 608 3018 δύναμις
631 2949 725 3003 τοῦ
759 2952 993 3022 Κυρίου,
1032 2953 1215 3023 πολλῷ
1245 2954 1448 3025 μᾶλλον
1493 2958 1555 3011 τὸ
1603 2960 1732 3013 ἴδιον
1773 2962 1964 3033 ἧγειρε

379 3041 542 3112 σῶμα
572 3036 617 3110 ᾧ
637 3043 815 3113 ἥνωτο
840 3046 964 3098 καθ’
995 3046 1297 3101 ὑπόστασιν
1328 3065 1341 3079 ·
1377 3052 1830 3123 προσεχεστέρως
1856 3056 1963 3126 γὰρ

379 3136 681 3205 ἐνεργοῦσα
706 3137 867 3208 αὐτὴ,
916 3140 1010 3192 καὶ
1041 3140 1143 3193 οὐκ
1186 3140 1319 3213 ἄλλη
1369 3142 1634 3207 ζωοποιὺς
1669 3146 1960 3214 ἀναστήσει

376 3230 541 3283 αὐτό·
587 3230 706 3295 πῶς
742 3230 798 3283 δέ
830 3230 995 3284 αὐτοῦ
1028 3232 1124 3285 τοῦ
1163 3234 1293 3287 ίδίου
1318 3234 1453 3288 Υίοῦ
1508 3236 1569 3289 ού
1622 3237 1955 3306 φείσασθαι,

376 3320 491 3374 ἀλλ’
523 3321 667 3393 ύπέρ
696 3323 856 3392 ἡμῶν
890 3324 1110 3378 πάντων
1157 3326 1491 3396 παραδοῦναι
1538 3328 1701 3381 αὐτὸν
1746 3330 1959 3400 εἴρηται

375 3415 405 3468 ὁ
438 3416 664 3485 Πατήρ;
695 3416 743 3468 εἰ
769 3414 879 3485 γὰρ
910 3416 1332 3487 ἀντιπρόσωπον
1358 3419 1595 3472 δέδωκεν
1621 3461 1636 3482 ,
1665 3419 1764 3474 οὐκ
1792 3422 1959 3485 ὅντως

377 3504 598 3575 εἴρηται
629 3505 755 3558 τάδε
781 3507 909 3577 περὶ
935 3506 1035 3576 τῆς
1084 3509 1306 3578 ἀγάπης
1338 3510 1502 3563 αὑτοῦ
1533 3508 1636 3576 τῆς
1663 3512 1742 3574 εἰς
1768 3511 1915 3583 ἡμᾶς
1944 3530 1957 3543 ο

380 3596 551 3665 σαφὲς
584 3588 680 3651 οὖν
712 3597 788 3658 ὡς
819 3599 928 3652 ἀπὸ
952 3600 1176 3670 μέρους,
1202 3599 1238 3671 ἦ
1270 3617 1330 3653 τε
1362 3600 1628 3665 ζωοποιῖα
1682 3604 1778 3655 καὶ
1807 3606 1840 3674 ὴ
1880 3604 1963 3656 νέ-

378 3705 608 3759 κρωσις,
639 3689 878 3760 ἑκατέρα
905 3691 1124 3760 λέγεται
1148 3711 1214 3745 πε
1225 3693 1279 3763 pi.
1299 3690 1540 3765 Χριστοῦ
1564 3709 1578 3725 ο
1610 3694 1670 3747 ού
1694 3693 1803 3766 γάρ
1826 3696 1967 3750 κατὰ

378 3780 473 3834 τοῦ
503 3781 628 3835 ὅλου
655 3780 919 3847 ὡσαύτως
960 3783 1149 3854 ἄμφω,
1201 3785 1327 3838 ἐπεὶ
1377 3785 1451 3856 μὴ
1501 3786 1855 3854 συναληθεύει
1893 3787 1964 3841 τά

379 3876 599 3930 ἐναντία
645 3877 866 3931 πώποτε
917 3880 1047 3949 περὶ
1093 3878 1188 3932 τοῦ
1239 3879 1407 3933 αὐτοῦ
1440 3895 1453 3913 ·
1485 3878 1645 3951 εἴπερ
1675 3878 1767 3933 οῦν
1797 3877 1966 3943 ὅντως

381 3970 473 4022 τὸν
522 3970 728 4040 Κύριον
774 3970 874 4039 τῆς
923 3971 1082 4039 δόξης
1121 3969 1476 4043 ἐσταύρωσαν
1510 3971 1561 4025 ot
1595 3972 1830 4044 Χριστὸν
1875 3972 1970 4026 ἐπὶ⁹

384 4061 542 4125 ξύλου
573 4063 955 4132 κρεμάσαντες
983 4104 998 4129 ,
1034 4062 1194 4129 δῆλον
1244 4062 1321 4127 ὡς
1351 4065 1379 4117 ό
1427 4064 1595 4126 αὐτὸς
1625 4065 1690 4117 ἐκ
1723 4063 1821 4134 μὲν
1876 4062 1969 4115 τοῦ

383 4150 529 4205 θείου
558 4150 759 4219 Λόγου,
785 4152 846 4204 τὸ
889 4145 1030 4205 εἶναι
1081 4151 1287 4222 Κύριος
1325 4152 1425 4222 τῆς
1448 4151 1607 4223 δόξης
1640 4148 1754 4223 εἶχε
1777 4168 1795 4185 ο
1825 4152 1885 4206 τὺ
1916 4151 1972 4205 δὲ

381 4245 601 4316 ἀληθῶς
632 4245 1037 4316 σταυροῦσθαι,
1084 4248 1148 4300 ἐκ
1175 4247 1275 4316 τῆς
1320 4245 1667 4316 ἀνθρωπείας
1714 4245 1920 4315 σαρκός
1955 4260 1970 4276 ο

383 4336 546 4405 φύσει
571 4354 631 4390 τε
658 4337 766 4409 γὰρ
801 4337 877 4401 ὡς
905 4338 1033 4403 Θεὸς
1066 4338 1417 4408 ἐποφείλεταί
1441 4356 1501 4392 τε
1527 4337 1627 4409 τὴν
1658 4338 1810 4409 παρά
1834 4338 1973 4391 πάν-

382 4441 493 4483 των
510 4428 697 4496 δόξαψ
725 4429 1029 4495 ἐξουσιάζει
1049 4447 1108 4483 τε
1131 4431 1299 4501 αὐτῆς
1318 4428 1559 4494 δοξάζων
1585 4427 1681 4491 οὒς
1703 4429 1969 4498 βούλεται,

388 4519 548 4591 μόνος
580 4521 677 4574 καὶ
708 4519 868 4590 φύσει
898 4520 974 4585 ὡς
1011 4521 1301 4592 ἄνθρωπος
1336 4521 1508 4584 πάθος
1550 4521 1864 4593 ὑπέμεινεν.

986 4614 1242 4667 ΚΕΦΑΛ.
1296 4610 1373 4668 Γ’.

454 4700 522 4756 Τί
571 4695 687 4771 οὖν,
742 4700 944 4773 φησίν;
996 4700 1055 4757 ού
1107 4706 1528 4775 προφανέστατα
1578 4705 1794 4778 εἴρηται
1842 4706 1972 4776 περὶ

384 4794 649 4867 Χριστοῦ,
676 4796 754 4859 ὡς
789 4796 896 4850 ὑπὸ
929 4796 1023 4850 τοῦ
1057 4797 1194 4850 Θεοῦ
1224 4798 1449 4869 ἀνέστη,
1481 4801 1577 4854 καὶ
1605 4801 1706 4854 οὐκ
1729 4801 1823 4870 ἀφ’
1846 4801 1971 4854 ἐαυ-

386 4886 512 4954 τοῦ;
543 4888 637 4940 καὶ
667 4887 750 4940 ὅτι
779 4887 869 4940 διὰ
890 4888 990 4957 τὴν
1016 4888 1121 4942 ὑπὸ
1148 4888 1244 4942 τοῦ
1282 4890 1437 4960 ἁγίου
1471 4892 1613 4946 Πνεύ
1623 4911 1793 4962 ματος
1818 4910 1969 4961 γενο-

389 4980 559 5050 μένην
598 4978 763 5032 αὐτοῦ
806 4982 1107 5035 ἀνάστασιν
1167 4984 1231 5035 ἐκ
1284 4987 1536 5056 νεκρῶν,
1596 4982 1807 5057 ὡρίσθη
1842 4987 1970 5052 Υίὸς

383 5069 559 5137 Θεοῦ;
589 5069 707 5133 πῶς
733 5067 825 5125 οὖν
854 5071 1125 5139 λέλεκται,
1170 5074 1229 5126 ὃν
1265 5073 1387 5145 δέξό
1418 5076 1551 5139 Θεὸς
1579 5077 1801 5149 ἤγειρεν
1821 5120 1835 5144 ,
1869 5077 1971 5132 ούκ

384 5156 495 5214 εἶδε
527 5161 828 5232 διαφθοράν
852 5180 867 5229 ;
906 5163 1115 5217 καὶτοῦ
1145 5164 1455 5236 ὁρισθέντος
1484 5167 1616 5222 Υίοῦ
1643 5169 1801 5237 Θεοῦ,
1830 5170 1971 5223 κατὰ

391 5251 620 5317 Πνεῦμα
655 5253 966 5325 ἁγιωσύνης
1026 5256 1086 5320 ἐξ
1140 5258 1492 5322 ἀναστάσεως
1538 5261 1783 5330 νεκρῶν.
1825 5260 1970 5315 Ἀλλ’

385 5343 700 5399 εἰπάτωσαν
725 5347 773 5398 οἱ
803 5348 1148 5418 ἐρευνητικοὶ
1180 5348 1291 5401 τῶν
1335 5349 1593 5419 Γραφῶν,
1625 5352 1701 5416 ὡς
1728 5354 1932 5407 οἴονται
1951 5396 1967 5422 ,

385 5436 436 5487 εἰ
465 5434 527 5487 τὸ
556 5436 854 5505 ἀναστῆναι
882 5440 945 5492 ἐκ
976 5439 1186 5509 νεκρῶν
1209 5440 1299 5495 διὰ
1331 5441 1427 5494 τοῦ
1455 5442 1605 5497 θείου
1628 5445 1969 5516 Πνεύματος,

387 5525 576 5591 ἀπλῶς
595 5527 753 5583 τοῦτο
772 5528 929 5589 δόξαν
954 5530 1085 5585 Υίοῦ
1106 5531 1242 5585 Θεοῦ
1274 5538 1731 5609 περιποιεῖταιτῷ
1752 5538 1973 5591 ἀνιστα-

393 5617 559 5688 μένῳ,
605 5620 720 5684 πῶς
751 5623 779 5676 ὁ
810 5622 927 5686 υίὸς
966 5624 1067 5692 τῆς
1109 5626 1287 5697 χήρας
1318 5627 1413 5681 ἐπὶ
1456 5629 1658 5695 Ἠλίου,
1691 5632 1785 5685 καὶ
1815 5634 1843 5685 ὁ
1875 5632 1974 5702 τῆς

387 5710 755 5781 Σωμανίτιδος
783 5715 881 5768 ἐπὶ
920 5715 1215 5781 Ἐλισσαιέ,
1245 5720 1337 5773 καὶ
1354 5720 1580 5791 Ταϐηθά
1611 5723 1704 5775 ἐπὶ
1741 5724 1971 5794 Πέτρου,

392 5802 487 5857 καὶ
531 5804 581 5857 οἱ
626 5802 808 5860 λοιποὶ
859 5808 907 5861 oi
954 5808 1287 5874 ἀναστάντες
1321 5812 1386 5864 ἐκ
1418 5812 1633 5884 νεκρῶν
1663 5856 1676 5881 ,
1728 5813 1826 5885 οὐχ
1861 5814 1968 5868 υἱοὶ

2065 575 2179 631 dita
2209 592 2403 631 eorum
2435 577 2849 645 deﬁnitionum,
2882 581 3028 651 quod
3068 598 3209 652 saepe
3238 600 3338 653 pro
3400 587 3500 639 toti
3534 604 3661 653 par-

2066 671 2175 718 tem
2210 674 2368 720 vocat
2403 665 2688 737 Scriptura
2734 685 2891 724 sacra
2920 680 2981 725 ut
3021 671 3125 726 hoc
3160 691 3172 726 :
3204 674 3267 728 Hi
3328 675 3665 745 sepelierunt

2064 754 2364 821 Abraham,
2389 767 2445 813 et
2475 767 2623 814 certe
2653 776 2764 815 non
2793 760 3034 816 animam
3064 764 3324 831 Abrahae,
3353 767 3447 820 sed
3483 768 3659 821 solum

2065 858 2288 912 corpus.
2329 845 2476 900 Idem
2506 846 2676 916 igitur
2714 849 3001 919 sapienter
3047 850 3115 905 de
3164 851 3385 907 Christo
3438 854 3662 909 homine

2065 934 2287 989 dicitur.
2325 936 2533 992 Deinde
2553 939 2832 1008 quomodo
2860 941 3016 996 locus
3044 953 3189 997 esset
3212 944 3432 998 dicendi
3460 945 3525 999 de
3545 946 3661 999 illo:

2073 1024 2253 1081 «Inter
2283 1036 2536 1084 mortuos
2557 1030 2771 1086 liber?»
2800 1041 2856 1087 et
2878 1034 3155 1102 quomodo
3180 1035 3225 1089 s'i
3245 1045 3498 1091 mortuus
3519 1039 3663 1092 inter

2064 1133 2167 1173 nos
2204 1120 2558 1177 inventusest
2596 1123 2719 1178 sine
2799 1124 2909 1179 ulla
2959 1124 3297 1189 diﬁ‘erentia,
3344 1128 3459 1197 ipse
3484 1126 3663 1184 susci-

2067 1208 2203 1264 tavit
2232 1211 2499 1280 templum
2552 1227 2714 1267 suum
2749 1214 2805 1267 in
2837 1214 3015 1269 tribus
3048 1214 3267 1281 diebus,
3320 1225 3375 1271 et
3433 1233 3665 1286 corpore

2065 1308 2124 1355 et
2158 1309 2366 1364 mente,
2402 1310 2464 1356 ut
2493 1303 2710 1369 dicunt,
2744 1305 2971 1361 omnino
3002 1306 3362 1375 impassibilis
3390 1308 3588 1374 factus,
3606 1316 3663 1361 ut

2071 1393 2257 1448 omnis
2289 1394 2457 1448 homo
2529 1406 2651 1465 post
2686 1406 2956 1463 mortem;
3009 1414 3135 1452 nam
3194 1416 3325 1451 vero
3360 1414 3461 1455 nec
3501 1402 3663 1454 talem

2067 1486 2265 1540 anima:
2289 1494 2619 1555 potestatem
2650 1488 2925 1543 dederunt
2966 1498 3089 1559 post
3142 1503 3373 1546 mortem
3422 1490 3664 1546 homini-'-

2068 1573 2195 1640 bus,
2253 1575 2373 1630 sine
2454 1579 2923 1645 resurrectione,_
2961 1580 3017 1634 in
3054 1581 3171 1635 suis
3223 1580 3667 1651 praecedentibus

2068 1667 2409 1736 argumentis
2431 1678 2639 1738 quanto
2676 1670 2849 1740 magis
2906 1670 3149 1726 divinam
3183 1672 3487 1727 actionem?
3518 1675 3666 1739 Quo-

2070 1758 2258 1822 modo,
2285 1760 2331 1814 si
2359 1760 2477 1829 ipse
2526 1761 2695 1816 habet
2729 1772 3061 1830 potestatem
3097 1764 3376 1836 propriam
3424 1766 3663 1819 animam

1997 1847 2041 1903 Β
2072 1850 2338 1918 ponendi,
2366 1860 2421 1906 et
2477 1853 2731 1907 sumendi
2762 1869 2905 1917 eam,
2940 1853 3086 1909 inter
3118 1870 3219 1909 nos
3261 1865 3516 1911 mortuus
3548 1858 3659 1912 est?

2070 1940 2205 2007 Quis
2227 1943 2373 1997 enim
2410 1943 2536 1999 talis
2564 1960 2673 1998 non
2702 1944 3008 2015 dignitatis,
3045 1947 3089 2000 si
3119 1946 3418 2016 impliciter
3444 1948 3539 2003 sed
3566 1963 3667 2017 po-

2069 2033 2287 2087 testatis
2308 2046 2549 2103 unquam
2584 2034 2798 2089 exstitit
2828 2034 2971 2089 inter
2995 2036 3442 2103 homines?lmo,
3471 2040 3517 2093 si
3550 2055 3661 2094 non

2068 2126 2215 2180 Deus
2265 2125 2322 2179 in
2345 2124 2592 2191 Christo,
2628 2134 2684 2181 et
2716 2139 2816 2197 per
2848 2138 3080 2183 mortem
3120 2139 3176 2184 et
3233 2132 3545 2200 passionem
3606 2139 3664 2186 et

2066 2225 2283 2279 caetera.
2320 2217 2588 2271 mundum
2614 2217 2721 2271 sibi
2767 2218 3162 2279 reconcilians.
3194 2219 3339 2275 sicut
3394 2220 3661 2289 scriptum

2074 2316 2180 2373 est,
2215 2309 2499 2378 quomodo
2538 2294 2809 2363 informa
2860 2309 2956 2363 Dei
2986 2311 3261 2365 exsistens
3311 2311 3427 2381 ipse
3461 2322 3516 2366 et
3549 2328 3662 2366 non

2068 2399 2211 2454 alius
2239 2408 2336 2453 aut
2365 2415 2464 2469 per
2488 2400 2679 2465 alium,
2722 2400 3040 2455 humiliavit
3095 2402 3451 2471 semetipsum
3487 2419 3663 2473 usque

2067 2490 2136 2544 ad
2161 2490 2441 2544 mortem?
2463 2498 2518 2544 et
2560 2491 2840 2560 quomodo
2856 2488 3150 2546 Dominum
3173 2494 3364 2563 gloriae
3381 2510 3511 2549 vere
3537 2511 3665 2549 cru-

2067 2581 2410 2636 ciﬁxerunt?
2442 2590 2500 2635 et
2533 2581 2814 2651 quomodo
2862 2581 3067 2635 dicitur
3090 2582 3236 2637 hoc:
3268 2584 3415 2638 Deus
3474 2585 3664 2639 Domi-

2067 2691 2199 2729 num
2228 2673 2538 2737 suscitavit,
2565 2682 2622 2729 et
2649 2690 2752 2728 nos
2776 2674 3072 2729 suscitabit
3116 2692 3216 2745 per
3267 2678 3530 2733 virtutem
3581 2678 3665 2749 ip—

2067 2768 2184 2823 sius
2215 2766 2525 2822 resuscitati
2579 2767 2861 2820 communi
2909 2782 3065 2821 voce.
3110 2768 3352 2822 Evidens
3384 2781 3470 2824 est
3498 2769 3666 2840 igitur

2069 2859 2219 2928 quod
2261 2859 2441 2913 virtus
2473 2857 2690 2912 Domini
2721 2859 2793 2913 sit
2828 2859 3204 2913 resurrectiva
3238 2870 3583 2915 mortuorum
3607 2872 3664 2916 et

2066 2953 2302 3005 aliorum
2349 2964 2663 3018 corporum,
2698 2959 2907 3018 quanto
2934 2950 3107 3020 magis
3146 2953 3435 3021 proprium
3481 2947 3668 3009 resur;

2066 3045 2206 3099 rexit
2230 3056 2451 3110 corpus,
2478 3040 2566 3095 cui
2591 3041 2886 3095 uniebatur
2919 3041 3258 3112 hypostatice
3277 3041 3524 3100 intimius
3546 3044 3663 3117 ipsa

2064 3136 2243 3189 virtus
2266 3134 2658 3197 resurrectiva,
2694 3143 2752 3187 et
2800 3148 2908 3187 non
2941 3134 3045 3188 alia
3069 3133 3356 3192 viviﬁcans
3380 3136 3555 3193 virtus
3578 3156 3663 3194 re-

2062 3233 2251 3295 surget
2274 3223 2429 3287 illud,
2462 3223 2741 3293 quomodo
2766 3225 2991 3292 proprio
3016 3222 3130 3277 ﬁlio
3162 3240 3262 3279 suo
3304 3240 3415 3279 non
3471 3242 3669 3295 peper-

2064 3316 2227 3383 cisse,
2258 3315 2355 3370 sed
2388 3331 2489 3385 pro
2516 3314 2679 3369 nobis
2699 3313 2962 3369 omnibus
2986 3314 3137 3369 illum
3155 3315 3446 3370 tradidisse
3460 3316 3669 3373 dicitur

2063 3408 2250 3464 Pater?
2280 3408 2326 3463 si
2354 3424 2484 3463 vero
2515 3409 2748 3464 tradidit
2789 3410 3078 3477 infaciem,
3108 3427 3223 3465 non
3276 3427 3407 3466 vere
3460 3412 3668 3467 dicitur

2066 3502 2123 3560 id
2184 3502 2387 3560 fecisse
2435 3513 2664 3573 propter
2693 3505 3021 3560 charitatem
3064 3520 3220 3560 suam
3246 3506 3299 3558 in
3325 3521 3446 3568 nos,
3484 3505 3667 3559 mani-

2067 3600 2269 3656 festum
2296 3608 2382 3653 est
2407 3614 2540 3669 ergo
2574 3597 2719 3667 quod
2756 3580 2823 3651 ex
2849 3606 3029 3666 parte,
3058 3596 3356 3650 viviﬁeatio
3375 3605 3431 3651 et
3473 3598 3669 3651 morti-

2074 3692 2258 3747 iicatio
2281 3691 2348 3746 de
2377 3688 2600 3747 Christo
2633 3690 2931 3755 dicuntur;
2968 3704 3077 3743 non
3105 3688 3252 3741 enim
3278 3690 3488 3758 integre
3509 3688 3666 3743 simi-

2074 3783 2202 3838 liter
2244 3792 2539 3851 utrumque
2578 3780 2808 3846 dicitur,
2857 3793 2985 3835 cum
3032 3792 3315 3848 nunquam
3370 3780 3480 3834 sint
3508 3793 3665 3848 atque

2072 3888 2200 3929 vera
2257 3875 2533 3927 contraria
2560 3874 2627 3927 de
2668 3871 2783 3934 illo,
2819 3888 2943 3926 cum
2980 3870 3152 3941 igitur
3191 3886 3321 3925 vere
3366 3871 3664 3924 Dominum

2073 3965 2263 4036 gloria:
2295 3962 2710 4025 cruciﬁxerunt,
2746 3962 2838 4030 qui
2870 3960 3153 4015 Christum
3184 3959 3238 4013 in
3263 3960 3412 4029 ligno
3438 3972 3670 4029 suspen-

2074 4053 2549 4117 derunt,evidens
2584 4061 2671 4108 est
2735 4052 2880 4122 quod
2918 4052 3061 4106 idem
3124 4068 3189 4106 ex
3244 4052 3435 4106 divino
3494 4052 3667 4106 verbo

2074 4157 2280 4212 factum
2313 4164 2396 4211 est
2425 4156 2693 4210 Dominus
2727 4156 2939 4225 gloriae.
2990 4155 3155 4225 Atqui
3191 4172 3320 4209 vera
3380 4156 3668 4210 cruciﬁxio

2074 4259 2162 4303 est
2181 4250 2366 4304 carnis
2394 4249 2671 4311 humanm,
2698 4260 2823 4301 nam
2857 4246 3057 4302 divinae
3079 4256 3291 4302 natura:
3318 4248 3556 4302 debetur
3573 4264 3668 4303 su-

2076 4356 2175 4411 per
2203 4339 2386 4394 Omnia
2420 4340 2588 4410 gloria
2616 4354 2681 4393 ex
2735 4340 2823 4393 illa
2860 4348 3189 4408 potestatem
3244 4338 3457 4394 habens
3498 4340 3669 4410 glori-

2079 4429 2277 4485 ﬁcandi
2309 4442 2449 4500 quos
2474 4431 2611 4493 vult,
2645 4430 2801 4484 solus
2834 4444 2968 4485 vero
2996 4438 3057 4484 ut
3087 4430 3253 4485 homo
3276 4446 3374 4501 per
3408 4440 3666 4485 naturam

2006 4525 2051 4582 D
2079 4522 2349 4577 sustinuit
2390 4521 2723 4591 passionem.

2707 4609 2863 4666 CAP.
2900 4611 2989 4666 lll.

2142 4699 2456 4773 Quidergo,
2486 4701 2700 4767 dicunt,
2753 4717 2865 4756 non
2899 4701 3207 4757 clarissima
3260 4712 3390 4758 sunt
3436 4719 3559 4773 quae
3598 4703 3668 4759 de

2070 4793 2293 4850 Christo
2321 4795 2600 4858 dicuntur,
2629 4793 2776 4863 quod
2817 4811 2847 4849 a
2876 4794 2989 4849 Deo
3020 4804 3305 4850 surrectus
3333 4795 3527 4850 fuisset
3558 4811 3667 4851 non

2073 4901 2103 4939 a
2126 4886 2351 4955 seipse?
2375 4894 2432 4941 et
2458 4886 2606 4956 quod
2637 4903 2734 4955 per
2760 4887 3145 4955 operationem
3172 4885 3419 4957 Spiritus
3481 4889 3664 4943 sancti

2072 4978 2377 5032 surrexisse
2412 4994 2441 5031 a
2464 4977 2697 5032 mortuis
2717 4986 2773 5033 et
2791 4979 3127 5032 consti‘utus
3158 4976 3329 5033 Filius
3348 4978 3445 5032 Dei
3472 4980 3494 5031 ?
3522 4978 3670 5043 Quo-

2078 5069 2244 5124 modo
2277 5086 2409 5141 ergo
2464 5071 2674 5125 dictum
2708 5079 2820 5124 est:
2846 5069 3022 5136 Quem
3047 5070 3193 5123 Deus
3223 5070 3527 5135 suscitavit,
3555 5086 3668 5127 non

2071 5162 2214 5216 vidit
2246 5163 2660 5232 corruptionem
2687 5162 2710 5214 ?
2736 5170 2792 5215 et
2823 5161 3111 5217 constituti
3144 5161 3265 5215 Filii
3312 5161 3430 5224 Dei,
3464 5177 3668 5216 secun-

2076 5255 2212 5309 dum
2245 5254 2521 5323 Spiritum
2587 5251 3045 5308 sanctiﬁcationis
3080 5306 3085 5317 ,
3123 5270 3190 5309 ex
3257 5254 3667 5309 resurrectione

2076 5354 2448 5410 mortuorum?
2476 5353 2583 5408 Sed
2602 5353 2797 5407 dicunt
2821 5354 3199 5422 exploratores
3221 5353 3659 5423 Scripturarum,

2076 5454 2137 5500 ut
2167 5446 2467 5514 opinantur
2502 5462 2516 5499 :
2553 5443 2612 5501 Si
2641 5447 2979 5502 resurrectio
3001 5463 3067 5500 ex
3099 5448 3336 5501 mortuis
3372 5463 3469 5516 per
3490 5444 3664 5516 Spiri-

2075 5547 2189 5591 tum
2220 5532 2341 5602 Dei,
2372 5535 2700 5606 simpliciter
2728 5535 2959 5605 gloriam
2983 5535 3103 5590 Filii
3142 5534 3235 5590 Dei
3263 5537 3459 5589 tribuit
3492 5537 3666 5590 susci-

2082 5630 2241 5687 tanti.
2294 5628 2572 5696 quomodo
2622 5626 2766 5682 ﬁlius
2792 5628 2973 5682 vidua:
3004 5629 3076 5682 ab
3112 5626 3257 5693 Elia,
3292 5635 3349 5682 et
3382 5629 3527 5683 ﬁlius
3552 5629 3661 5683 Su-

2074 5719 2363 5776 namitidis
2403 5720 2473 5774 ab
2523 5720 2703 5775 Eliseo
2733 5729 2790 5775 et
2810 5720 3097 5774 Thabitaa
3150 5722 3335 5785 Petro,
3379 5729 3436 5776 et
3480 5721 3663 5775 ueteri

2076 5814 2469 5871 resuscitantes
2502 5828 2532 5868 a
2570 5812 2804 5869 mortuis
2876 5830 2989 5869 non
3044 5824 3173 5870 sunt
3223 5815 3509 5872 constituti
3564 5815 3660 5871 tilii
