4116 6442
456 351 473 413 1
488 352 588 413 727

1725 348 2037 410 LEONTII
2079 347 2486 408 BYZANTINI

3585 348 3722 413 1728

450 466 569 521 Dei.
599 463 840 519 Evidens
870 471 965 518 est:
1012 460 1159 531 quod
1190 460 1280 515 isti
1320 475 1421 531 per
1451 467 1784 531 potestatem
1828 463 1949 528 Dei,
1980 470 2037 517 et

2156 461 2272 514 3εοῦ
2308 461 2655 532 ὡρίσθησαν;
2690 460 2847 529 δῆλον
2888 460 2997 529 γὰρ
3034 459 3111 522 ὡς
3158 458 3254 513 καὶ
3301 454 3445 514 οὗτοι
3492 462 3724 531 δυνάμει

452 556 695 625 Spiritus
719 552 1171 608 sanctiﬁcationis
1200 552 1256 604 in
1310 550 1775 604 resuscitantibus
1807 565 1865 604 se
1899 565 2033 619 ope-

455 644 624 697 rantis
644 647 1027 696 surrexerunt.
1054 639 1192 693 Cum
1223 655 1335 693 non
1362 639 1435 692 sit
1471 639 1566 707 qui
1600 638 1725 693 vita:
1749 648 1808 694 et
1842 640 2038 693 mortis

454 740 777 801 potestatem
819 729 1022 784 habeat
1051 738 1249 799 praeter
1289 728 1584 783 Dominum
1631 729 1726 798 qui
1761 739 1847 784 est
1884 730 2037 783 solus

452 833 650 879 natura
681 823 910 893 spiritus
938 822 1246 884 viviﬁcans,
1282 839 1412 893 ergo
1442 823 1499 877 in
1520 823 1613 877 illo
1642 824 1758 878 solo
1787 825 1896 877 Deo
1922 824 2035 878 vita

450 916 714 983 erat,ipse
732 914 1574 981 mortiﬁcatettviviﬁcat,occidit
1596 924 1653 969 et
1668 915 1855 969 videre
1879 915 2031 977 facit,

463 1007 689 1061 deducit
721 1007 787 1061 ad
849 1006 1090 1060 inferum
1159 1017 1215 1061 et
1243 1007 1459 1061 reducit
1484 1022 1499 1070 ;
1528 1006 1759 1061 evidens
1794 1008 2036 1076 seipsum

451 1113 587 1167 ergo
608 1097 753 1167 quod
788 1113 885 1167 per
912 1099 1189 1167 propriam
1227 1099 1725 1163 resurrectionem,
1752 1100 2040 1153 constituit

455 1189 749 1242 Dominum
783 1190 976 1243 Filium
1010 1190 1127 1253 Dei,
1159 1204 1272 1245 non
1302 1190 1549 1245 moriens
1588 1206 1713 1245 cum
1765 1200 1918 1261 parte
1955 1192 2039 1261 ip-

456 1280 572 1334 sius
608 1281 867 1345 humana,
912 1281 1037 1335 ideo
1067 1282 1214 1337 Deus
1244 1281 1571 1336 immortalis
1605 1289 1746 1345 erat,
1776 1281 1871 1335 sed
1907 1297 2042 1351 ope-

456 1386 585 1425 rans
617 1387 685 1425 ex
714 1382 865 1440 parte
892 1373 1118 1441 propria
1150 1373 1204 1426 in
1222 1373 1437 1427 actione
1460 1373 1669 1436 divina,
1690 1372 2041 1427 etviviﬁcans

456 1468 667 1529 partem
699 1461 873 1529 ipsius
916 1469 1214 1514 mortuam.
1252 1461 1319 1515 Et
1359 1462 1464 1516 hoc
1497 1462 1736 1515 maxima
1772 1476 1899 1531 pars
1929 1460 2042 1514 vir-

455 1553 592 1607 tutis
648 1553 766 1616 Dei,
804 1552 860 1606 in
890 1568 992 1607 nos
1078 1552 1371 1607 credentes
1431 1553 1737 1607 secundum
1762 1554 2038 1623 energiam

454 1644 803 1701 auctoritatis
862 1643 1023 1697 fortis
1055 1659 1222 1713 quam
1273 1643 1531 1697 adhibuit
1558 1643 1614 1696 in
1636 1643 1877 1708 Christo,
1917 1659 2042 1698 sus-

452 1736 633 1791 citans
660 1751 785 1789 eum
840 1750 869 1789 a
902 1735 1157 1790 mortuis.
1224 1735 1410 1791 lnl'usa
1473 1744 1655 1790 autem
1691 1736 1747 1789 in
1800 1751 1902 1790 nos
1943 1752 2041 1805 per

2138 553 2272 605 Θεοῦ
2324 554 2421 605 καὶ⁵
2466 551 2555 605 διὰ
2586 552 2678 605 τοῦ
2711 551 3028 620 Πνεύματος
3069 551 3171 619 τῆς
3197 550 3507 622 ἁγιωσύνης
3539 556 3629 606 τοῦ
3665 558 3723 610 ἐν

2138 647 2248 707 τοῖς
2296 645 2665 713 ἀναστήσασιν
2718 644 2916 705 αὐτοὺς
2957 642 3312 711 ἐνεργοῦντος
3365 645 3673 714 ἀνέστησαν
3705 665 3718 677 ·

2137 734 2297 803 εἴπερ
2331 736 2405 803 μὴ
2440 734 2555 786 ἔστι
2588 734 2734 801 ζωῆς
2771 735 2865 786 καὶ
2893 732 3124 785 θανάτου
3151 733 3248 801 τὴν
3276 733 3529 796 ἐξουσίαν
3560 735 3718 804 ἔχων,

2138 824 2312 895 πάρεξ
2338 825 2430 877 τοῦ
2461 823 2689 893 Κυρίου,
2719 824 2779 885 ὃς
2809 824 2926 875 ἐστι
2946 822 3168 890 Πνεῦμα
3195 822 3257 874 τὸ
3275 823 3535 886 ζωοποιδν
3564 825 3724 892 φύσει

2143 920 2302 988 μόνον
2335 918 2424 969 ὃν·
2469 916 2567 969 καὶ
2595 916 2701 985 γάρ
2728 917 2785 967 ἐν
2816 914 2966 983 αὑτῷ
3000 914 3148 984 μόνῳ
3177 915 3255 984 τῷ
3284 915 3405 984 Θεῷ
3443 916 3557 985 ζωὴ
3610 912 3679 985 ἦν
3703 954 3722 978 ,

2140 1010 2233 1062 καὶ
2267 1009 2427 1071 αὑτὸς
2452 1006 2673 1062 θανατοῖ
2704 1006 2800 1058 καὶ
2831 1007 3108 1073 ζωογονεῖ,
3142 1006 3456 1058 ἀποκτείνει
3499 1006 3593 1059 καὶ
3622 1006 3724 1076 ζῇν

2140 1103 2302 1164 ποιεῖ,
2331 1100 2559 1165 κατάγει
2593 1100 2672 1160 είς
2701 1097 2827 1168 ᾅδου
2851 1097 2946 1149 καὶ
2963 1097 3157 1163 ἀνάγει
3183 1113 3199 1127 ο
3227 1096 3387 1164 δῆλον
3420 1096 3515 1149 οῦν
3540 1097 3615 1159 ὡς
3645 1097 3727 1168 τῷ

2141 1192 2333 1244 ἐαυτὸν
2354 1191 2658 1258 ἀναστῆσαι
2681 1227 2697 1251 ,
2732 1188 3080 1259 παρέστησεν
3113 1188 3308 1240 ἑαυτὸν
3342 1189 3471 1241 Υίὺν
3515 1187 3652 1240 Θεοῦ
3695 1190 3729 1241 ὁ

2141 1283 2343 1349 Κύριος
2370 1298 2383 1311 ο
2418 1282 2492 1351 μὴ
2530 1279 2807 1333 συνθανὼν
2832 1279 2909 1349 τῷ
2940 1277 3269 1350 ἀνθρωπίνῳ
3303 1278 3471 1331 αὑτοῦ
3515 1279 3675 1348 μέρει
3707 1320 3724 1344 ,

2138 1374 2271 1426 διότι
2291 1373 2555 1435 ἀθάνατος
2589 1370 2721 1434 Θεὸς
2742 1366 2831 1440 ἦν,
2862 1369 2977 1422 ἀλλ’
3011 1368 3250 1439 ἐνεργῶν
3276 1369 3385 1421 ἀπὸ
3411 1370 3605 1438 μέρους
3628 1370 3728 1440 τὴν

2144 1464 2289 1527 ἰδίως
2312 1464 2462 1517 θείαν
2494 1464 2798 1533 ἐνέργειαν,
2829 1462 2924 1514 καὶ⁸
2950 1459 3232 1525 ζωοποιῶν
3265 1461 3325 1513 τὸ
3358 1460 3525 1514 θανδν
3558 1461 3727 1514 αὑτοῦ

2145 1554 2343 1623 μέρος·
2380 1554 2469 1605 καὶ
2500 1552 2657 1605 τοῦτό
2680 1554 2794 1604 ἐστι
2843 1552 2903 1604 τὸ
2948 1550 3289 1621 ὑπερϐάλλον
3344 1552 3574 1620 μέγεθος
3626 1553 3730 1621 τῆς

2140 1644 2421 1714 δυνάμεως
2452 1644 2545 1696 τοῦ
2579 1643 2737 1707 Θεοῦ,
2762 1644 2843 1705 είς
2872 1644 3020 1712 ἡμᾶς
3046 1644 3176 1705 τοὺς
3200 1642 3560 1705 πιστεύοντας
3587 1644 3731 1696 κατά

2142 1735 2242 1804 τὴν
2294 1736 2577 1805 ἐνέργειαν
2616 1734 2713 1787 τοῦ
2754 1733 2990 1802 κράτους
3038 1735 3136 1798 τῆς
3196 1735 3381 1805 ἰσχύος
3438 1737 3628 1800 αὑτοῦ,
3659 1737 3731 1807 ἢν

452 1828 865 1898 susceptionem
905 1828 1083 1883 sancti
1131 1828 1384 1898 corporis
1418 1830 1559 1899 ejus,
1584 1828 1828 1883 viviﬁcat
1873 1829 2041 1883 etiam

2156 1801 2448 1896 ἐνῆργησεν
2474 1828 2531 1879 ἐν
2559 1826 2636 1897 τῷ
2665 1801 2908 1896 Χριστῷ,
2943 1826 3165 1897 ἐγείρας
3188 1801 3353 1881 αὑτὸν
3375 1830 3439 1881 ἐκ
3470 1801 3694 1899 νεκρῶν.
3714 1845 3731 1859 ⁸

459 1928 645 1973 nostra
672 1933 905 1987 corpora
950 1926 1171 1971 mortua
1210 1929 1334 1987 post
1363 1926 1620 1979 mortem.
1673 1932 1774 1988 per
1823 1918 2044 1971 inhabi-

456 2018 666 2065 tantem
716 2008 973 2078 spiritum
1019 2009 1115 2065 Dei
1146 2008 1202 2062 in
1250 2008 1432 2063 nobis.
1468 2010 1641 2079 Igitur
1693 2008 2045 2064 manifestum

456 2105 541 2149 est
588 2096 739 2166 quod
765 2113 875 2151 non
907 2096 1033 2151 ideo
1060 2097 1388 2167 simpliciter
1410 2099 1671 2163 surrexit,
1709 2099 2046 2169 gloriﬁcatus

455 2196 544 2242 est
586 2189 855 2243 Dominus
888 2189 1059 2243 Filius
1104 2189 1224 2253 Dei,
1262 2189 1359 2244 sed
1408 2190 1536 2258 quia
1582 2192 1804 2261 propria
1841 2192 2046 2246 virtute

458 2278 720 2342 surrexit,
770 2294 895 2333 cum
930 2289 1183 2335 mortuos
1232 2282 1341 2350 jam
1392 2281 1617 2345 multos,
1649 2290 1705 2336 et
1732 2282 1869 2337 alios
1919 2291 2046 2337 ante

459 2378 515 2420 ct
544 2377 665 2436 post
692 2367 977 2423 Christum
1001 2370 1292 2424 suscitabit
1319 2371 1550 2439 spiritus
1584 2371 2046 2427 sanctilicationis

461 2461 521 2516 in
586 2462 791 2530 quibus
862 2476 973 2516 non
1034 2463 1544 2532 supereminentem
1612 2464 2046 2533 magnitudinem

462 2555 585 2623 ejus
618 2554 938 2623 apparuisse
987 2562 1047 2607 ut
1076 2570 1173 2624 per
1206 2555 1468 2609 virtutem
1495 2555 1679 2609 istam.
1717 2556 1837 2609 Non
1878 2555 2046 2626 igitur

462 2646 584 2698 sine
618 2645 835 2699 ratione
858 2660 965 2699 nec
1000 2660 1098 2714 per
1126 2644 1523 2700 accidentalem
1551 2644 1805 2714 gloriam,
1837 2661 1939 2700 nec
1983 2662 2051 2701 ex

465 2737 703 2805 quodam
751 2736 922 2791 verbo
978 2736 1458 2791 circumstantium
1502 2776 1516 2801 ,
1575 2737 1911 2792 constitutus
1964 2748 2048 2792 est

467 2823 644 2879 Filius
674 2823 1072 2887 Dei:Christus,
1099 2823 1213 2892 {sed
1265 2823 1547 2892 propriam
1568 2824 1829 2879 virtutem
1863 2825 1917 2878 in
1968 2842 2053 2879 re-

466 2914 815 2969 surrectione
842 2915 1093 2985 corporis
1123 2915 1209 2970 sui
1258 2915 1563 2969 ostendens
1591 2916 1858 2970 virtutem
1897 2932 2052 2971 suam

467 3009 712 3063 divinam
736 3023 879 3071 esse,
932 3017 989 3063 et
1025 3024 1123 3078 per
1183 3008 1447 3062 virtutem
1492 3009 1878 3073 substantiam,
1926 3025 2053 3063 nam

471 3100 608 3155 lines
669 3099 808 3154 ﬁunt
849 3099 1200 3155 deﬁnitiones
1259 3115 1449 3155 rerum
1502 3101 1928 3169 subjacentium,
1987 3117 2053 3155 ex

469 3190 924 3247 substantialibus
968 3193 1155 3247 verbis
1181 3193 1467 3263 excipiunt
1503 3194 1781 3262 sapientes
1844 3201 1901 3249 et
1948 3194 2053 3248 hoc

468 3298 635 3338 omne
665 3300 775 3339 non
804 3284 969 3339 debet
998 3285 1173 3340 latere
1187 3296 1425 3341 vestram
1461 3286 1723 3340 rusticam
1743 3286 2051 3343 scientiam.

474 3375 589 3429 lloc
629 3375 774 3429 idem
830 3377 1241 3446 sapientissime
1299 3378 1501 3431 clamat
1524 3377 1805 3431 Christum
1856 3378 2053 3432 Filium

474 3466 644 3521 David
695 3483 817 3523 esse
858 3468 1056 3522 Filium
1082 3469 1202 3535 Dei,
1229 3468 1436 3525 idcirco
1473 3485 1543 3524 ex
1585 3470 1679 3523 illa
1702 3470 1906 3524 virtute
1936 3472 2056 3541 ejus

473 3560 532 3619 in
584 3561 1030 3624 resurrectione,
1078 3560 1492 3615 demonstratur
1553 3561 1790 3616 similius
1864 3562 1957 3616 Dei
2000 3563 2057 3616 in

474 3652 803 3712 substantia.
829 3651 885 3705 in
922 3652 1027 3707 hoc
1056 3653 1273 3721 signum
1310 3652 1579 3707 habemus
1630 3652 1697 3706 de
1723 3653 1816 3706 illo
1847 3662 1907 3707 ut
1958 3668 2053 3707 ve-

477 3744 678 3799 rissimi
706 3744 827 3799 Filii
850 3752 1048 3799 natura
1083 3744 1179 3798 Dei
1230 3752 1286 3797 et
1326 3741 1520 3796 Patris.
1576 3741 1667 3797 Sic
1698 3742 1916 3812 agnitus
1971 3752 2058 3797 est

476 3835 650 3891 Filius
690 3836 809 3897 Dei,
837 3834 1140 3890 secundum
1168 3834 1424 3903 spiritum
1459 3833 1941 3900 sanctiﬁcationis,
1989 3850 2056 3889 ex

476 3927 882 3983 resurrectione
904 3935 1270 3981 mortuorum.

1107 4210 1259 4265 CAP.
1295 4205 1357 4265 IV
1370 4251 1383 4264 .

512 4328 524 4339 -
548 4304 658 4361 Sed
710 4305 806 4375 qui
835 4304 1146 4374 apostolum
1190 4312 1246 4357 et
1293 4301 1805 4373 archipontiﬁcem,
1836 4303 2056 4374 inquit,

477 4395 605 4452 ﬁdei
632 4403 839 4449 nostrae
894 4410 1005 4447 non
1035 4393 1429 4463 intelligentes,
1465 4392 1611 4445 sicut
1652 4392 1858 4447 Paulus
1902 4409 2059 4446 man-

2148 1918 2455 1989 ἐνδιδομένη
2491 1918 2601 1989 γὰρ
2632 1919 2726 1971 καὶ
2759 1920 2839 1981 είς
2896 1919 3044 1987 ἡμᾶς
3089 1918 3178 1971 διά
3223 1920 3324 1989 τῆς
3376 1920 3735 1990 μεταλήψεως

2145 2010 2241 2063 τοῦ
2287 2010 2443 2079 ἁγίου
2497 2008 2662 2063 αὑτοῦ
2698 2010 2972 2077 σώματος,
3028 2007 3286 2072 ζωοποιεί
3319 2010 3413 2063 καὶ⁹
3449 2011 3519 2065 τά
3562 2012 3734 2080 θνητά

2149 2101 2379 2172 σώματα
2422 2100 2579 2169 ἡμῶν
2629 2100 2767 2171 μετά
2813 2100 3078 2163 θάνατον,
3112 2101 3203 2154 διά
3244 2102 3339 2154 τοῦ
3390 2102 3735 2167 ἐνοικοῦντος

2148 2193 2294 2246 θείου
2328 2192 2495 2245 αὑτοῦ
2538 2191 2853 2261 Πνεύματος
2883 2194 2941 2245 ἐν
2971 2194 3102 2262 ἡμῖν
3134 2208 3147 2222 ·
3184 2193 3382 2245 οὐκοῦν
3440 2195 3606 2260 σαφὲς
3649 2196 3736 2247 δτι

2148 2284 2209 2334 οὐ
2232 2282 2366 2335 διότι
2383 2284 2582 2353 ἀνέστη
2612 2283 2819 2348 ἀπλῶς,
2855 2283 3117 2353 ἐδοξάσθη
3140 2284 3267 2346 rte;
3296 2284 3432 2336 Θεοῦ
3449 2286 3476 2336 ό
3503 2284 3733 2355 Κύριος,

2149 2372 2264 2427 ἀλλ’
2297 2376 2378 2427 ὅτι
2432 2375 2540 2445 ίδίᾳ
2575 2375 2801 2445 δυνάμει
2822 2392 2834 2404 ·
2884 2376 3003 2429 ἐπεὶ
3036 2376 3263 2446 νεκροὺς
3305 2376 3403 2446 ἤδη
3438 2376 3735 2439 πλείστους

2151 2464 2245 2517 καὶ
2283 2463 2475 2526 ἄλλους
2511 2464 2777 2534 πρότερον
2810 2466 2904 2517 καὶ
2937 2466 3075 2534 μετὰ
3105 2466 3343 2534 Χριστὸν
3370 2466 3637 2535 ἀνέστησε
3674 2468 3739 2519 τὸ

2152 2554 2379 2623 Πνεῦμα
2401 2555 2500 2625 τῆς
2536 2555 2870 2624 ἁγιωσύνης,
2900 2557 2958 2608 ἐν
2987 2548 3068 2618 οἷς
3106 2556 3167 2607 ού
3201 2555 3422 2623 λέγεται
3459 2558 3521 2609 τὸ
3564 2558 3740 2628 ὑπερ-

2152 2647 2345 2699 ϐάλλον
2381 2648 2611 2717 μέγεθος
2642 2646 2809 2700 αὑτοῦ
2831 2689 2845 2712 ,
2874 2646 3065 2717 ὥσπερ
3094 2646 3237 2699 κατά
3265 2646 3364 2716 τὴν
3402 2649 3555 2716 ἰσχὺν
3604 2646 3740 2700 ταύ-

2153 2760 2272 2810 την,
2307 2741 2603 2809 ἐμφανίσαι
2628 2756 2641 2771 ⁸
2670 2741 2771 2793 οὑκ
2796 2740 3009 2806 ἀλόγως
3048 2738 3165 2801 οῦν,
3206 2739 3327 2790 οὐδὲ
3372 2740 3483 2791 ἀπὶ)
3514 2739 3613 2808 τῆς
3641 2756 3743 2791 τυ-

2156 2834 2356 2904 χούσης
2381 2832 2561 2900 δόξης,
2586 2832 2708 2885 οὐδὲ
2735 2831 2842 2902 μὴν
2870 2833 2933 2883 ἐκ
2958 2831 3118 2898 λόγου
3156 2831 3303 2890 τινὸς
3330 2831 3439 2881 τῶν
3464 2830 3746 2899 συμὸεόηο

2158 2929 2354 2987 κότων,
2386 2926 2593 2995 ὡρίσθη
2623 2924 2752 2985 Υἱὸς
2780 2923 2916 2977 Θεοῦ
2950 2924 3203 2993 Χριστὸς,
3241 2921 3357 2975 ἀλλ’
3386 2924 3448 2975 ἐκ
3470 2924 3569 2991 τῆς
3601 2923 3747 2975 κατὰ

2156 3020 2257 3088 τὴν
2286 3019 2581 3073 ἀνάστασιν
2615 3017 2709 3069 τοῦ
2740 3016 2989 3085 σώματος
3024 3015 3187 3068 αὑτοῦ
3206 3013 3490 3091 ἐνεργείας
3513 3055 3527 3078 ,
3561 3028 3755 3084 παραε·

2081 3131 2123 3186 C
2158 3112 2363 3180 στήσας
2392 3110 2561 3171 ὅντως
2590 3108 2741 3161 θείαν
2775 3107 2939 3161 αὐτοῦ
2996 3104 3138 3160 εἶναι
3169 3108 3268 3177 τὴν
3300 3107 3553 3176 δύναμιν,
3600 3110 3664 3159 ἐκ
3690 3108 3749 3161 δὲ

2160 3203 2259 3270 τῆς
2297 3202 2598 3270 δυνάμεως,
2626 3200 2722 3271 τὴν
2749 3200 2937 3252 οὑσίαν
2960 3217 2971 3229 ·
2993 3198 3170 3269 οἱγάρ
3190 3200 3305 3267 ὅροι
3324 3199 3500 3251 εἶτουν
3528 3199 3753 3268 ὁρισμο“ι

2160 3293 2269 3345 τῶν
2323 3292 2698 3360 ὑποκειμένων
2757 3290 3101 3361 πραγμάτων
3132 3330 3146 3354 ,
3198 3291 3261 3343 ἐκ
3310 3289 3420 3341 τῶν
3474 3289 3753 3341 οὑσιωδῶν

2161 3384 2528 3453 λαμϐάνονται
2552 3384 2749 3450 λόγων,
2779 3376 2823 3435 ὦ
2847 3383 3002 3449 σοφοὶ
3032 3381 3162 3451 παρ’
3192 3382 3407 3442 ἑαυτοῖς
3431 3397 3445 3411 ·
3479 3380 3754 3433 καὶτοῦτο

2161 3477 2281 3529 ὅλον
2304 3476 2403 3528 οὑκ
2420 3475 2619 3544 ὤφειλε
2650 3476 2831 3527 λαθεῖν
2853 3476 2953 3546 τὴν
2976 3473 3248 3542 ὑμετέραν
3280 3472 3470 3540 ἀμαθῆ
3508 3470 3757 3540 πολυμά-

2164 3567 2315 3620 θειαν
2338 3584 2351 3598 ’
2380 3568 2495 3619 τόδε
2525 3565 2616 3618 οῦν
2646 3566 2779 3619 αὐτὸ
2812 3566 3128 3633 σαφέστατα
3160 3562 3257 3633 βοᾷ
3292 3562 3382 3617 τὸν
3418 3562 3548 3615 Υἱδν
3588 3561 3757 3615 Δαὸὶδ

2162 3657 2399 3728 Χριστὸν
2424 3657 2516 3711 καὶ
2537 3657 2665 3709 Υίδν
2685 3654 2821 3708 Θεοῦ
2842 3651 2981 3709 εἶναι
3005 3672 3018 3685 °
3047 3654 3182 3707 διότι
3204 3655 3264 3719 ἐξ
3294 3655 3463 3723 αὐτῆς
3484 3652 3585 3722 τῆς
3609 3654 3756 3707 κατά

2164 3748 2261 3817 τὴν
2288 3748 2586 3801 ἀνάστασιν
2610 3744 2776 3798 αὑτοῦ
2805 3744 3089 3815 ἐνεργείας
3114 3785 3128 3809 ,
3162 3746 3349 3814 ὅμοιος
3384 3742 3504 3813 Θεῷ
3534 3745 3633 3811 τὴν
3665 3744 3757 3797 οὑ-

2168 3839 2289 3891 σίαν
2311 3838 2580 3891 δέδεικται
2600 3853 2614 3867 ⁸
2638 3837 2732 3891 καὶ
2758 3836 2919 3891 τοῦτο
2942 3837 3241 3907 τεκμήριον
3264 3836 3461 3905 ἔχομεν
3493 3852 3561 3887 πε
3571 3837 3626 3906 ρὶ
3654 3837 3756 3887 αὒ-

2162 3931 2282 3993 τοῦ,
2303 3931 2379 3993 ὡς
2404 3931 2777 4000 γνησιωτάτου
2803 3928 2937 3982 Υίοῦ
2968 3930 3129 3997 φύσει
3172 3927 3268 3980 τοῦ
3302 3928 3437 3981 Θεοῦ
3485 3928 3579 3980 καὶ
3638 3929 3757 3981 Πα-

2164 4024 2293 4093 τρός
2323 4038 2337 4051 ·
2368 4021 2545 4084 οὕτως
2577 4017 2669 4075 οὖν
2699 4021 2913 4091 ὡρίσθη
2941 4022 3069 4084 Υίὸς
3110 4022 3269 4087 Θεοῦ,
3324 4020 3468 4075 κατά
3526 4020 3762 4091 Πνεῦμα

2168 4114 2499 4184 ἁγιωσύνης,
2525 4112 2584 4177 ἐξ
2607 4113 2955 4176 ἀναστάσεως
2978 4112 3211 4184 νεκρῶν.

2777 4204 3029 4258 ΚΕΦΑΛ.
3083 4207 3155 4259 Δ⁰.

2238 4296 2381 4350 Ἀλλ’
2412 4296 2461 4351 οἱ
2497 4296 2589 4349 τὸν
2634 4294 2933 4349 ἀπόστολον
2984 4295 3079 4347 καὶ
3124 4294 3427 4365 ἀρχιερέα,
3463 4295 3620 4363 φησὶ,
3661 4296 3765 4365 τῆς

2168 4387 2407 4449 πίστεως
2429 4385 2587 4457 ήμῶν
2621 4386 2696 4455 μὴ
2728 4384 3119 4447 κατανοοῦντες
3142 4424 3156 4449 ,
3184 4385 3369 4448 καθὼς
3415 4386 3631 4448 Παῦλος
3676 4388 3766 4439 ἐν·

479 4490 574 4542 dat
607 4487 789 4549 nobis,
853 4486 1041 4542 dicite.
1090 4486 1322 4552 Qualem
1378 4500 1621 4555 unquam
1663 4484 1841 4539 nostis
1873 4500 2053 4539 sacer-

2164 4476 2408 4530 τέλλεται
2438 4477 2588 4545 ὑμῖν,
2622 4478 2836 4541 εἴπατε,
2870 4479 3031 4529 Ποῖον
3058 4479 3172 4530 ίστε
3203 4479 3355 4548 ἱερέα
3381 4480 3659 4548 ταυτοφυῆ
3683 4481 3765 4548 τῷ

479 4578 663 4632 dotem
684 4577 932 4647 ejusdem
980 4588 1191 4630 natura:
1219 4591 1284 4631 ac
1332 4576 1612 4629 victimam
1649 4576 1671 4629 ‘l
1718 4577 1803 4630 vel
1848 4578 2066 4645 qualem

479 4666 789 4735 apostolum
814 4680 923 4718 non
952 4664 1274 4719 inferiorem
1311 4662 1551 4718 mittenti
1582 4664 1749 4719 eum?
1773 4665 1870 4720 Vel
1902 4665 2070 4735 igitur

481 4756 583 4828 qui
639 4765 725 4811 est
757 4756 1003 4811 Verbum
1045 4756 1114 4811 de
1172 4771 1284 4825 quo
1337 4755 1454 4810 haec
1506 4756 1787 4821 dicuntur,
1836 4772 1905 4811 an
1963 4757 2071 4812 erit

485 4847 715 4903 inferior
746 4856 959 4901 natura:
980 4852 1035 4899 et
1063 4845 1262 4901 ordine
1285 4846 1418 4910 Deo,
1451 4854 1514 4900 ut
1539 4846 1764 4901 videtur
1792 4848 1970 4902 Ario?
2012 4847 2071 4902 Si

485 4938 576 4993 ille
608 4952 718 4991 non
770 4945 857 4990 est
892 4933 1160 4999 Verbum,
1187 4934 1471 5003 oportebit
1515 4935 1754 5003 aliquem
1789 4936 1955 4989 alium
1984 4953 2074 4991 su-

486 5046 585 5099 per
615 5028 854 5083 Verbum
879 5028 1083 5097 ipsum,
1116 5025 1505 5097 presbyterum
1524 5034 1581 5081 et
1624 5026 1920 5082 diaconum
1973 5028 2071 5083 Dei

486 5122 768 5193 cognitum
816 5122 1023 5175 virtute
1079 5118 1267 5173 Verbi.
1300 5116 1411 5172 Sed
1455 5117 1589 5188 quid
1625 5119 1895 5189 majorum
1940 5120 2072 5190 reji-

486 5216 698 5270 cicntes
724 5212 1030 5268 divinitatis
1054 5211 1374 5277 verborum,
1408 5219 1463 5265 et
1493 5210 1856 5265 humiliorum
1881 5211 2075 5267 huma-

494 5308 699 5372 uitatis,
726 5306 843 5362 haec
877 5307 1057 5362 solum
1099 5304 1260 5359 nobis
1290 5302 1598 5373 producitis
1620 5302 1643 5357 Ἰ
1669 5302 1780 5357 Nos
1805 5319 1937 5358 vero
1985 5303 2073 5357 di-

490 5402 667 5456 cimus
696 5410 1005 5454 creaturam
1025 5413 1147 5453 esse
1175 5395 1456 5451 Christum
1482 5395 1601 5460 Dei,
1634 5411 1799 5465 quem
1816 5396 2075 5452 novimus

489 5506 609 5545 esse
660 5498 967 5545 creatorem
1014 5488 1285 5542 omnium.
1318 5486 1424 5542 Sed
1447 5503 1558 5542 non
1583 5504 1651 5543 ex
1679 5488 1760 5543 eis
1785 5504 1907 5557 quae
1949 5498 2077 5543 sunt

494 5584 548 5638 in
591 5598 658 5637 eo
711 5581 1086 5653 gloriﬁcamus
1111 5591 1262 5636 certe
1318 5596 1442 5651 qua:
1494 5590 1624 5635 sunt
1652 5596 1782 5636 vere
1824 5580 2075 5651 inaequa-

492 5672 734 5727 lia.Deo
784 5688 918 5727 vero
962 5672 1171 5727 scimus
1210 5681 1269 5725 et
1308 5671 1481 5725 Deum
1523 5680 1572 5726 et
1628 5672 1974 5727 sacerdotem
2021 5681 2077 5726 et

502 5760 780 5813 victimam
813 5773 933 5814 esse
972 5758 1472 5827 ipsumChristum,
1514 5775 1626 5813 non
1656 5775 1789 5813 vero
1835 5760 1963 5830 quia
1991 5775 2078 5813 sa-

2174 4568 2574 4637 ίερατευομένῳ
2617 4568 2788 4633 ποτέ;
2835 4567 3013 4637 ἢτίνα
3054 4568 3352 4621 ἀπόστολον
3395 4570 3494 4638 οὑχ
3566 4571 3766 4623 ὑποτε-

2171 4660 2443 4730 ταγμένον
2476 4658 2554 4729 τῷ
2581 4660 2969 4713 ἀποστείλαντι
2990 4660 3191 4724 αὑτόνς
3216 4660 3248 4731 ἦ
3276 4656 3370 4713 οῦν
3396 4664 3423 4714 ὁ
3448 4662 3625 4730 Λόγος
3660 4662 3764 4728 ὢν,

2173 4754 2303 4823 περὶ
2329 4744 2390 4805 οῦ
2424 4752 2550 4805 τάδε
2590 4750 2832 4822 εἴρηται,
2865 4752 3026 4815 αὐτὸς
3056 4754 3235 4821 ἥττων
3282 4754 3401 4806 ἐστὶ
3451 4754 3611 4823 φύσει
3669 4757 3767 4809 καὶ

2172 4843 2323 4909 τάξει
2352 4842 2448 4896 τοῦ
2494 4841 2673 4906 Θεοῦ,
2716 4843 2794 4903 ὡς
2844 4842 3041 4913 Ἀρείῳ
3074 4843 3265 4911 δοκεῐ;
3317 4845 3367 4897 εί
3424 4846 3635 4909 ἐκεῖνος
3688 4848 3767 4917 μὴ

2174 4933 2343 4997 ἔστιν,
2368 4934 2556 5004 ἔτερόν
2582 4950 2706 4986 τινα
2736 4934 2885 5001 παρὰ
2905 4933 2995 4987 τὸν
3014 4935 3185 5001 Λόγον
3208 4935 3370 4987 αὑτὸν
3403 4931 3543 4988 εἶναι
3558 4934 3768 5005 δεήσει,

2173 5025 2265 5079 τὸν
2291 5024 2607 5096 λειτουργόν
2633 5042 2693 5078 τε
2715 5025 2810 5079 καὶ
2840 5025 3086 5079 διάκονον
3115 5026 3253 5079 Θεοῦ
3276 5027 3569 5094 νοούμενον
3614 5031 3770 5097 ἐνερ-

2176 5118 2302 5188 γείᾳ
2329 5116 2423 5170 τοῦ
2456 5116 2658 5186 Λόγου.
2700 5116 2863 5171 Ἀλλά
2888 5118 2939 5170 τί
2960 5117 3025 5188 δὴ
3053 5117 3163 5170 τῶν
3208 5116 3470 5187 μειζόνων
3501 5120 3771 5187 ἀφέμενοι

2175 5210 2277 5279 τῆς
2309 5208 2563 5280 θεότητος
2604 5208 2818 5278 Λόγων,
2868 5210 2966 5264 καὶ
3010 5211 3121 5263 τῶν
3151 5211 3514 5281 πτωχοτέρων
3540 5214 3639 5280 τῆς
3668 5212 3770 5263 ἁν-

2176 5302 2549 5371 θρωπότητος,
2576 5301 2749 5355 ταῦτα
2782 5303 2914 5372 ἡμῖν
2944 5302 3103 5369 μόνον
3128 5302 3409 5373 παράγετε
3432 5319 3447 5366 ;
3469 5304 3636 5372 ἡμεῖς
3658 5304 3772 5373 γάρ

2179 5397 2273 5450 καὶ
2304 5396 2515 5465 κτίσμα
2541 5396 2721 5465 φαμὲν
2751 5390 2893 5448 εἶναι
2922 5393 3059 5447 Θεοῦ
3098 5395 3190 5448 τὸν
3225 5396 3390 5449 αὐτόν
3427 5395 3687 5467 Χριστὸν,
3713 5396 3774 5448 ὃν

2181 5490 2276 5543 καὶ
2301 5490 2547 5557 Κτίστην
2576 5488 2834 5542 ἁπάντων
2847 5488 3071 5557 οἴδαμεν
3108 5506 3122 5521 ·
3172 5488 3286 5541 ἀλλ’
3316 5489 3417 5542 οὐκ
3448 5492 3515 5543 ὲκ
3542 5488 3637 5542 τοῦ
3670 5490 3773 5543 αὑ-

2179 5577 2273 5631 τοῦ
2302 5576 2412 5630 τῶν
2436 5579 2493 5630 ἐν
2520 5576 2671 5647 αὐτῷ
2698 5577 2764 5629 τὰ
2789 5576 2957 5638 ὅντως
2988 5578 3149 5632 ἀνισα
3174 5577 3492 5641 δοξάζοντες
3520 5577 3729 5651 δηλαδή
3755 5595 3771 5609 ⁸

2181 5668 2256 5738 τῷ
2293 5686 2374 5721 τοι
2408 5668 2539 5739 ἀρα,
2574 5668 2668 5722 καὶ
2706 5667 2841 5721 Θεὸν
2871 5671 2967 5722 καὶ
3000 5669 3154 5739 ίερέα
3222 5670 3319 5722 καί
3348 5668 3520 5739 θῦμα,
3551 5670 3645 5723 τὸν
3680 5671 3779 5724 αὖ·

2184 5762 2271 5815 τὸν
2300 5758 2439 5815 εἶναι
2469 5760 2627 5833 ἴσμεν
2649 5761 2885 5831 Χριστόν
2911 5778 2925 5793 ο
2953 5760 3028 5833 μὴ
3056 5759 3165 5831 γὰρ
3189 5762 3273 5814 ὅτι
3305 5761 3490 5832 ἱερεὺς
3528 5761 3775 5833 λέγεται,
