  <div class='ocr_page' id='page_1' title='image "/cluster/home/n/w/nwhite01/storage/ocr_20150623/86:pt.1/coo.31924054869874/872.png"; bbox 0 0 4116 6470; ppageno 0'>
   <div class='ocr_carea' id='block_1_1' title="bbox 416 528 552 594">
    <p class='ocr_par' dir='ltr' id='par_1_1' title="bbox 416 528 552 594">
     <span class='ocr_line' id='line_1_1' title="bbox 416 528 552 594; baseline 0.022 -3"><span class='ocrx_word' id='word_1_1' title='bbox 416 528 552 594; x_wconf 73' lang='lat'><strong>1729</strong></span> 
     </span>
    </p>
   </div>
   <div class='ocr_carea' id='block_1_2' title="bbox 1373 528 2721 601">
    <p class='ocr_par' dir='ltr' id='par_1_2' title="bbox 1373 528 2721 601">
     <span class='ocr_line' id='line_1_2' title="bbox 1373 528 2721 601; baseline 0.002 -10"><span class='ocrx_word' id='word_1_2' title='bbox 1373 528 1766 593; x_wconf 81' lang='lat' dir='ltr'><strong>ADVERSUS</strong></span> <span class='ocrx_word' id='word_1_3' title='bbox 1804 529 2352 595; x_wconf 80' lang='lat' dir='ltr'><strong>NESTORIANOS.</strong></span> <span class='ocrx_word' id='word_1_4' title='bbox 2374 558 2444 569; x_wconf 90' lang='grc'><strong>-··</strong></span> <span class='ocrx_word' id='word_1_5' title='bbox 2468 532 2615 601; x_wconf 87' lang='lat' dir='ltr'><strong>LIB.</strong></span> <span class='ocrx_word' id='word_1_6' title='bbox 2654 537 2721 598; x_wconf 86' lang='lat' dir='ltr'><strong>V.</strong></span> 
     </span>
    </p>
   </div>
   <div class='ocr_carea' id='block_1_3' title="bbox 3539 540 3674 604">
    <p class='ocr_par' dir='ltr' id='par_1_3' title="bbox 3539 540 3674 604">
     <span class='ocr_line' id='line_1_3' title="bbox 3539 540 3674 604; baseline 0.007 -1"><span class='ocrx_word' id='word_1_7' title='bbox 3539 540 3561 603; x_wconf 83' lang='lat'><strong>1</strong></span> <span class='ocrx_word' id='word_1_8' title='bbox 3572 542 3674 604; x_wconf 76' lang='lat'><strong>730</strong></span> 
     </span>
    </p>
   </div>
   <div class='ocr_carea' id='block_1_4' title="bbox 406 641 1987 715">
    <p class='ocr_par' dir='ltr' id='par_1_4' title="bbox 406 641 1983 715">
     <span class='ocr_line' id='line_1_4' title="bbox 406 641 1983 715; baseline 0.001 -19"><span class='ocrx_word' id='word_1_9' title='bbox 406 645 609 714; x_wconf 81' lang='grc' dir='ltr'>λάτρης</span> <span class='ocrx_word' id='word_1_10' title='bbox 645 643 743 695; x_wconf 73' lang='grc' dir='ltr'>καὶ</span> <span class='ocrx_word' id='word_1_11' title='bbox 776 641 1093 712; x_wconf 81' lang='grc' dir='ltr'>λειτουργὸς</span> <span class='ocrx_word' id='word_1_12' title='bbox 1128 646 1289 714; x_wconf 88' lang='grc' dir='ltr'>μόνον</span> <span class='ocrx_word' id='word_1_13' title='bbox 1321 646 1449 715; x_wconf 89' lang='grc' dir='ltr'>ὑμῖν</span> <span class='ocrx_word' id='word_1_14' title='bbox 1481 645 1730 698; x_wconf 84' lang='grc' dir='ltr'>ἐντεῦθεν</span> <span class='ocrx_word' id='word_1_15' title='bbox 1755 647 1983 699; x_wconf 80' lang='grc' dir='ltr'>νοείσθω</span> 
     </span>
    </p>
   </div>
   <div class='ocr_carea' id='block_1_5' title="bbox 2088 641 3673 715">
    <p class='ocr_par' dir='ltr' id='par_1_5' title="bbox 2088 645 3673 711">
     <span class='ocr_line' id='line_1_5' title="bbox 2088 645 3673 711; baseline 0.008 -13"><span class='ocrx_word' id='word_1_16' title='bbox 2088 645 2283 699; x_wconf 85' lang='lat' dir='ltr'><strong>cerdos</strong></span> <span class='ocrx_word' id='word_1_17' title='bbox 2316 645 2547 711; x_wconf 90' lang='lat' dir='ltr'><strong>dicitur,</strong></span> <span class='ocrx_word' id='word_1_18' title='bbox 2596 646 2857 700; x_wconf 78' lang='lat' dir='ltr'><strong>adorator</strong></span> <span class='ocrx_word' id='word_1_19' title='bbox 2884 656 2939 701; x_wconf 89' lang='lat' dir='ltr'><strong>et</strong></span> <span class='ocrx_word' id='word_1_20' title='bbox 2971 647 3317 704; x_wconf 87' lang='lat' dir='ltr'><strong>sacriﬁcator</strong></span> <span class='ocrx_word' id='word_1_21' title='bbox 3362 651 3539 705; x_wconf 93' lang='lat' dir='ltr'><strong>solum</strong></span> <span class='ocrx_word' id='word_1_22' title='bbox 3577 656 3673 711; x_wconf 88' lang='lat' dir='ltr'><strong>Dei</strong></span> 
     </span>
    </p>
   </div>
   <div class='ocr_carea' id='block_1_6' title="bbox 407 734 1984 807">
    <p class='ocr_par' dir='ltr' id='par_1_6' title="bbox 407 734 1984 807">
     <span class='ocr_line' id='line_1_6' title="bbox 407 734 1984 807; baseline 0.001 -18"><span class='ocrx_word' id='word_1_23' title='bbox 407 736 567 800; x_wconf 83' lang='grc' dir='ltr'>Θεοῦ,</span> <span class='ocrx_word' id='word_1_24' title='bbox 597 734 739 788; x_wconf 79' lang='grc' dir='ltr'>κατὰ</span> <span class='ocrx_word' id='word_1_25' title='bbox 766 734 858 788; x_wconf 89' lang='grc' dir='ltr'><strong>τὸν</strong></span> <span class='ocrx_word' id='word_1_26' title='bbox 889 735 982 788; x_wconf 72' lang='grc' dir='ltr'><strong>ἐπὶ</strong></span> <span class='ocrx_word' id='word_1_27' title='bbox 1008 737 1209 798; x_wconf 85' lang='grc' dir='ltr'>παντὸς</span> <span class='ocrx_word' id='word_1_28' title='bbox 1236 735 1423 806; x_wconf 76' lang='grc' dir='ltr'>ἱερέως</span> <span class='ocrx_word' id='word_1_29' title='bbox 1460 737 1870 807; x_wconf 74' lang='grc' dir='ltr'>λαμϐανόμενον</span> <span class='ocrx_word' id='word_1_30' title='bbox 1898 739 1984 790; x_wconf 84' lang='grc' dir='ltr'>λό-</span> 
     </span>
    </p>
   </div>
   <div class='ocr_carea' id='block_1_7' title="bbox 404 824 1982 898">
    <p class='ocr_par' dir='ltr' id='par_1_7' title="bbox 404 824 1982 898">
     <span class='ocr_line' id='line_1_7' title="bbox 404 824 1982 898; baseline 0.002 -19"><span class='ocrx_word' id='word_1_31' title='bbox 404 844 500 895; x_wconf 83' lang='grc' dir='ltr'><strong>γον</strong></span> <span class='ocrx_word' id='word_1_32' title='bbox 531 842 543 854; x_wconf 91' lang='grc'><strong>·</strong></span> <span class='ocrx_word' id='word_1_33' title='bbox 586 825 700 879; x_wconf 83' lang='grc' dir='ltr'>ἀλλ’</span> <span class='ocrx_word' id='word_1_34' title='bbox 723 827 803 878; x_wconf 84' lang='grc' dir='ltr'><strong>ότι</strong></span> <span class='ocrx_word' id='word_1_35' title='bbox 832 824 927 877; x_wconf 87' lang='grc' dir='ltr'><strong>τοῦ</strong></span> <span class='ocrx_word' id='word_1_36' title='bbox 964 825 1128 879; x_wconf 80' lang='grc' dir='ltr'>αὑτοῦ</span> <span class='ocrx_word' id='word_1_37' title='bbox 1168 826 1496 880; x_wconf 79' lang='grc' dir='ltr'>’Λποστόλου</span> <span class='ocrx_word' id='word_1_38' title='bbox 1541 828 1783 898; x_wconf 70' lang='grc' dir='ltr'>περὶτοῦ</span> <span class='ocrx_word' id='word_1_39' title='bbox 1819 829 1982 882; x_wconf 83' lang='grc' dir='ltr'>αὑτοῦ</span> 
     </span>
    </p>
   </div>
   <div class='ocr_carea' id='block_1_8' title="bbox 405 915 1985 988">
    <p class='ocr_par' dir='ltr' id='par_1_8' title="bbox 405 915 1985 988">
     <span class='ocr_line' id='line_1_8' title="bbox 405 915 1985 988; baseline -0.001 -16"><span class='ocrx_word' id='word_1_40' title='bbox 405 918 498 972; x_wconf 72' lang='grc' dir='ltr'>καὶ</span> <span class='ocrx_word' id='word_1_41' title='bbox 525 917 686 971; x_wconf 80' lang='grc' dir='ltr'>πάλιν</span> <span class='ocrx_word' id='word_1_42' title='bbox 705 915 954 984; x_wconf 83' lang='grc' dir='ltr'>λέγοντος</span> <span class='ocrx_word' id='word_1_43' title='bbox 973 917 1161 985; x_wconf 78' lang='grc' dir='ltr'><strong>ἱερέως</strong></span> <span class='ocrx_word' id='word_1_44' title='bbox 1190 917 1418 969; x_wconf 83' lang='grc' dir='ltr'>ἀκούετε</span> <span class='ocrx_word' id='word_1_45' title='bbox 1442 934 1453 946; x_wconf 93' lang='grc'>·</span> <span class='ocrx_word' id='word_1_46' title='bbox 1485 918 1738 971; x_wconf 82' lang='grc' dir='ltr'>Τοιοῦτον</span> <span class='ocrx_word' id='word_1_47' title='bbox 1770 917 1985 988; x_wconf 78' lang='grc' dir='ltr'>ἔχοντες</span> 
     </span>
    </p>
   </div>
   <div class='ocr_carea' id='block_1_9' title="bbox 404 1008 1983 1081">
    <p class='ocr_par' dir='ltr' id='par_1_9' title="bbox 404 1008 1983 1081">
     <span class='ocr_line' id='line_1_9' title="bbox 404 1008 1983 1081; baseline -0.001 -17"><span class='ocrx_word' id='word_1_48' title='bbox 404 1010 668 1081; x_wconf 77' lang='grc' dir='ltr'><strong>ἀρχιερέα</strong></span> <span class='ocrx_word' id='word_1_49' title='bbox 688 1048 702 1073; x_wconf 91' lang='grc'><strong>,</strong></span> <span class='ocrx_word' id='word_1_50' title='bbox 749 1008 807 1071; x_wconf 85' lang='grc' dir='ltr'>ὃς</span> <span class='ocrx_word' id='word_1_51' title='bbox 838 1008 1091 1061; x_wconf 81' lang='grc' dir='ltr'>ἐκάθισεν</span> <span class='ocrx_word' id='word_1_52' title='bbox 1118 1010 1175 1060; x_wconf 85' lang='grc' dir='ltr'><strong>ἐν</strong></span> <span class='ocrx_word' id='word_1_53' title='bbox 1198 1008 1349 1080; x_wconf 77' lang='grc' dir='ltr'>δεξιᾷ</span> <span class='ocrx_word' id='word_1_54' title='bbox 1372 1010 1467 1062; x_wconf 90' lang='grc' dir='ltr'><strong>τοῦ</strong></span> <span class='ocrx_word' id='word_1_55' title='bbox 1499 1009 1690 1079; x_wconf 87' lang='grc' dir='ltr'>θρόνου</span> <span class='ocrx_word' id='word_1_56' title='bbox 1732 1011 1831 1080; x_wconf 81' lang='grc' dir='ltr'>τῆς</span> <span class='ocrx_word' id='word_1_57' title='bbox 1884 1028 1983 1080; x_wconf 80' lang='grc' dir='ltr'>με·</span> 
     </span>
    </p>
   </div>
   <div class='ocr_carea' id='block_1_10' title="bbox 404 1100 1985 1175">
    <p class='ocr_par' dir='ltr' id='par_1_10' title="bbox 404 1100 1985 1175">
     <span class='ocr_line' id='line_1_10' title="bbox 404 1100 1985 1175; baseline -0.001 -18"><span class='ocrx_word' id='word_1_58' title='bbox 404 1100 745 1171; x_wconf 82' lang='grc' dir='ltr'>γαλωσύνης,</span> <span class='ocrx_word' id='word_1_59' title='bbox 775 1103 832 1154; x_wconf 90' lang='grc' dir='ltr'><strong>ἐν</strong></span> <span class='ocrx_word' id='word_1_60' title='bbox 857 1102 968 1162; x_wconf 90' lang='grc' dir='ltr'>τοῖς</span> <span class='ocrx_word' id='word_1_61' title='bbox 995 1102 1126 1152; x_wconf 87' lang='grc' dir='ltr'>ἐπου</span> <span class='ocrx_word' id='word_1_62' title='bbox 1137 1100 1356 1169; x_wconf 88' lang='grc' dir='ltr'>ρανίοις.</span> <span class='ocrx_word' id='word_1_63' title='bbox 1380 1102 1521 1155; x_wconf 83' lang='grc' dir='ltr'>Αύτὸ</span> <span class='ocrx_word' id='word_1_64' title='bbox 1550 1102 1706 1156; x_wconf 87' lang='grc' dir='ltr'>τοῦτο</span> <span class='ocrx_word' id='word_1_65' title='bbox 1731 1102 1759 1154; x_wconf 86' lang='lat'><strong>6</strong></span> <span class='ocrx_word' id='word_1_66' title='bbox 1782 1105 1985 1175; x_wconf 88' lang='grc' dir='ltr'>ύπορή-</span> 
     </span>
    </p>
   </div>
   <div class='ocr_carea' id='block_1_11' title="bbox 408 1192 1985 1263">
    <p class='ocr_par' dir='ltr' id='par_1_11' title="bbox 408 1192 1985 1263">
     <span class='ocr_line' id='line_1_11' title="bbox 408 1192 1985 1263; baseline 0.001 -17"><span class='ocrx_word' id='word_1_67' title='bbox 408 1210 535 1246; x_wconf 87' lang='grc' dir='ltr'>σατε</span> <span class='ocrx_word' id='word_1_68' title='bbox 560 1195 691 1262; x_wconf 78' lang='grc' dir='ltr'>ἡμῖν</span> <span class='ocrx_word' id='word_1_69' title='bbox 722 1194 778 1242; x_wconf 89' lang='grc' dir='ltr'><strong>ἐν</strong></span> <span class='ocrx_word' id='word_1_70' title='bbox 806 1192 1023 1254; x_wconf 78' lang='grc' dir='ltr'>ἑαυτοῖς</span> <span class='ocrx_word' id='word_1_71' title='bbox 1059 1195 1334 1258; x_wconf 84' lang='grc' dir='ltr'>σκοπεῖτε,</span> <span class='ocrx_word' id='word_1_72' title='bbox 1371 1194 1454 1246; x_wconf 81' lang='grc' dir='ltr'>ὅτι</span> <span class='ocrx_word' id='word_1_73' title='bbox 1486 1193 1585 1245; x_wconf 81' lang='grc' dir='ltr'><strong>οὐκ</strong></span> <span class='ocrx_word' id='word_1_74' title='bbox 1615 1194 1764 1248; x_wconf 77' lang='grc' dir='ltr'>ἔστιν</span> <span class='ocrx_word' id='word_1_75' title='bbox 1795 1196 1985 1263; x_wconf 77' lang='grc' dir='ltr'><strong>ἱερέως</strong></span> 
     </span>
    </p>
   </div>
   <div class='ocr_carea' id='block_1_12' title="bbox 406 1279 1984 1357">
    <p class='ocr_par' dir='ltr' id='par_1_12' title="bbox 406 1279 1984 1357">
     <span class='ocr_line' id='line_1_12' title="bbox 406 1279 1984 1357; baseline 0.002 -20"><span class='ocrx_word' id='word_1_76' title='bbox 406 1284 466 1337; x_wconf 87' lang='grc' dir='ltr'><strong>τὸ</strong></span> <span class='ocrx_word' id='word_1_77' title='bbox 504 1283 795 1351; x_wconf 75' lang='grc' dir='ltr'>σύνθρονον</span> <span class='ocrx_word' id='word_1_78' title='bbox 845 1279 988 1336; x_wconf 82' lang='grc' dir='ltr'>εἶναι</span> <span class='ocrx_word' id='word_1_79' title='bbox 1032 1282 1111 1352; x_wconf 86' lang='grc' dir='ltr'>τῷ</span> <span class='ocrx_word' id='word_1_80' title='bbox 1160 1284 1558 1355; x_wconf 84' lang='grc' dir='ltr'>ἰερατευομένῳ</span> <span class='ocrx_word' id='word_1_81' title='bbox 1600 1285 1697 1337; x_wconf 77' lang='grc' dir='ltr'>καὶ</span> <span class='ocrx_word' id='word_1_82' title='bbox 1728 1286 1984 1357; x_wconf 85' lang='grc' dir='ltr'>σύντιμον</span> 
     </span>
    </p>
   </div>
   <div class='ocr_carea' id='block_1_13' title="bbox 406 1374 1985 1450">
    <p class='ocr_par' dir='ltr' id='par_1_13' title="bbox 406 1374 1985 1450">
     <span class='ocr_line' id='line_1_13' title="bbox 406 1374 1985 1450; baseline 0.002 -22"><span class='ocrx_word' id='word_1_83' title='bbox 406 1376 500 1428; x_wconf 75' lang='grc' dir='ltr'><strong>καὶ</strong></span> <span class='ocrx_word' id='word_1_84' title='bbox 536 1375 810 1444; x_wconf 81' lang='grc' dir='ltr'>ὁμόδοξον,</span> <span class='ocrx_word' id='word_1_85' title='bbox 833 1374 971 1428; x_wconf 79' lang='grc' dir='ltr'><strong>ἀλλὰ</strong></span> <span class='ocrx_word' id='word_1_86' title='bbox 998 1392 1139 1439; x_wconf 89' lang='grc' dir='ltr'>τινος</span> <span class='ocrx_word' id='word_1_87' title='bbox 1173 1376 1424 1445; x_wconf 82' lang='grc' dir='ltr'>ίσοφυοῦς</span> <span class='ocrx_word' id='word_1_88' title='bbox 1453 1378 1547 1430; x_wconf 76' lang='grc' dir='ltr'>καὶ</span> <span class='ocrx_word' id='word_1_89' title='bbox 1575 1378 1878 1441; x_wconf 83' lang='grc' dir='ltr'>ίσοσθενοῦς</span> <span class='ocrx_word' id='word_1_90' title='bbox 1908 1379 1985 1450; x_wconf 83' lang='grc' dir='ltr'>τῷ</span> 
     </span>
    </p>
   </div>
   <div class='ocr_carea' id='block_1_14' title="bbox 406 1467 1984 1539">
    <p class='ocr_par' dir='ltr' id='par_1_14' title="bbox 406 1467 1984 1539">
     <span class='ocr_line' id='line_1_14' title="bbox 406 1467 1984 1539; baseline 0.004 -22"><span class='ocrx_word' id='word_1_91' title='bbox 406 1467 603 1536; x_wconf 77' lang='grc' dir='ltr'>ἐνδόξῳ</span> <span class='ocrx_word' id='word_1_92' title='bbox 628 1467 747 1537; x_wconf 83' lang='grc' dir='ltr'>Θεῷ</span> <span class='ocrx_word' id='word_1_93' title='bbox 778 1486 795 1500; x_wconf 77' lang='grc' dir='ltr'><strong><em>ο</em></strong></span> <span class='ocrx_word' id='word_1_94' title='bbox 854 1467 1049 1521; x_wconf 77' lang='grc' dir='ltr'>οΰκουν</span> <span class='ocrx_word' id='word_1_95' title='bbox 1082 1468 1191 1539; x_wconf 74' lang='grc' dir='ltr'>ἄρα</span> <span class='ocrx_word' id='word_1_96' title='bbox 1241 1469 1315 1532; x_wconf 85' lang='grc' dir='ltr'>ὠς</span> <span class='ocrx_word' id='word_1_97' title='bbox 1366 1469 1546 1539; x_wconf 80' lang='grc' dir='ltr'>ἱερεὺς</span> <span class='ocrx_word' id='word_1_98' title='bbox 1586 1470 1984 1538; x_wconf 76' lang='grc' dir='ltr'>συγκαθέζεται</span> 
     </span>
    </p>
   </div>
   <div class='ocr_carea' id='block_1_15' title="bbox 407 1557 1984 1631">
    <p class='ocr_par' dir='ltr' id='par_1_15' title="bbox 407 1557 1984 1631">
     <span class='ocr_line' id='line_1_15' title="bbox 407 1557 1984 1631; baseline 0.003 -21"><span class='ocrx_word' id='word_1_99' title='bbox 407 1557 526 1628; x_wconf 85' lang='grc' dir='ltr'>Θεῷ</span> <span class='ocrx_word' id='word_1_100' title='bbox 573 1560 633 1611; x_wconf 83' lang='grc' dir='ltr'><strong>ἐν</strong></span> <span class='ocrx_word' id='word_1_101' title='bbox 679 1559 928 1629; x_wconf 84' lang='grc' dir='ltr'>οὐρανοῖς</span> <span class='ocrx_word' id='word_1_102' title='bbox 966 1560 994 1611; x_wconf 89' lang='lat'><strong>6</strong></span> <span class='ocrx_word' id='word_1_103' title='bbox 1028 1561 1206 1630; x_wconf 77' lang='grc' dir='ltr'>ἱερεὺς</span> <span class='ocrx_word' id='word_1_104' title='bbox 1239 1561 1333 1613; x_wconf 87' lang='grc' dir='ltr'><strong>τοῦ</strong></span> <span class='ocrx_word' id='word_1_105' title='bbox 1375 1561 1510 1614; x_wconf 91' lang='grc' dir='ltr'>Θεοῦ</span> <span class='ocrx_word' id='word_1_106' title='bbox 1555 1562 1844 1631; x_wconf 87' lang='grc' dir='ltr'>γενόμενος</span> <span class='ocrx_word' id='word_1_107' title='bbox 1893 1566 1984 1615; x_wconf 75' lang='grc' dir='ltr'><strong>ἐπὶ</strong></span> 
     </span>
    </p>
   </div>
   <div class='ocr_carea' id='block_1_16' title="bbox 406 1650 1985 1723">
    <p class='ocr_par' dir='ltr' id='par_1_16' title="bbox 406 1650 1985 1723">
     <span class='ocr_line' id='line_1_16' title="bbox 406 1650 1985 1723; baseline 0.002 -19"><span class='ocrx_word' id='word_1_108' title='bbox 406 1650 531 1719; x_wconf 81' lang='grc' dir='ltr'>γῆς,</span> <span class='ocrx_word' id='word_1_109' title='bbox 588 1651 681 1703; x_wconf 74' lang='grc' dir='ltr'><strong>καὶ</strong></span> <span class='ocrx_word' id='word_1_110' title='bbox 722 1652 823 1719; x_wconf 77' lang='grc' dir='ltr'><strong>τὴν</strong></span> <span class='ocrx_word' id='word_1_111' title='bbox 873 1651 1009 1703; x_wconf 86' lang='grc' dir='ltr'>ἰδίαν</span> <span class='ocrx_word' id='word_1_112' title='bbox 1052 1652 1231 1721; x_wconf 80' lang='grc' dir='ltr'>σάρκα</span> <span class='ocrx_word' id='word_1_113' title='bbox 1258 1653 1622 1723; x_wconf 83' lang='grc' dir='ltr'>ἱερουργήσας</span> <span class='ocrx_word' id='word_1_114' title='bbox 1668 1654 1787 1723; x_wconf 81' lang='grc' dir='ltr'>Θεῷ</span> <span class='ocrx_word' id='word_1_115' title='bbox 1814 1693 1829 1718; x_wconf 93' lang='grc'><strong>,</strong></span> <span class='ocrx_word' id='word_1_116' title='bbox 1891 1654 1985 1707; x_wconf 73' lang='grc' dir='ltr'>καὶ</span> 
     </span>
    </p>
   </div>
   <div class='ocr_carea' id='block_1_17' title="bbox 405 1739 1983 1812">
    <p class='ocr_par' dir='ltr' id='par_1_17' title="bbox 405 1739 1983 1812">
     <span class='ocr_line' id='line_1_17' title="bbox 405 1739 1983 1812; baseline 0.003 -20"><span class='ocrx_word' id='word_1_117' title='bbox 405 1739 697 1808; x_wconf 82' lang='grc' dir='ltr'>ἀναγαγὼν</span> <span class='ocrx_word' id='word_1_118' title='bbox 726 1741 896 1811; x_wconf 84' lang='grc' dir='ltr'>αὐτὴν</span> <span class='ocrx_word' id='word_1_119' title='bbox 941 1741 1077 1812; x_wconf 86' lang='grc' dir='ltr'>πρὸς</span> <span class='ocrx_word' id='word_1_120' title='bbox 1119 1742 1272 1805; x_wconf 81' lang='grc' dir='ltr'>Θεὸν,</span> <span class='ocrx_word' id='word_1_121' title='bbox 1310 1742 1424 1795; x_wconf 82' lang='grc' dir='ltr'>ἀλλ’</span> <span class='ocrx_word' id='word_1_122' title='bbox 1472 1742 1546 1805; x_wconf 83' lang='grc' dir='ltr'>ὡς</span> <span class='ocrx_word' id='word_1_123' title='bbox 1596 1743 1689 1795; x_wconf 74' lang='grc' dir='ltr'>καὶ</span> <span class='ocrx_word' id='word_1_124' title='bbox 1734 1743 1865 1806; x_wconf 88' lang='grc' dir='ltr'>Θεὸς</span> <span class='ocrx_word' id='word_1_125' title='bbox 1908 1742 1983 1797; x_wconf 81' lang='grc' dir='ltr'>ὣν</span> 
     </span>
    </p>
   </div>
   <div class='ocr_carea' id='block_1_18' title="bbox 407 1830 900 1901">
    <p class='ocr_par' dir='ltr' id='par_1_18' title="bbox 407 1830 900 1901">
     <span class='ocr_line' id='line_1_18' title="bbox 407 1830 900 1901; baseline 0.002 -18"><span class='ocrx_word' id='word_1_126' title='bbox 407 1830 626 1901; x_wconf 81' lang='grc' dir='ltr'>ἀληθῶς</span> <span class='ocrx_word' id='word_1_127' title='bbox 655 1832 683 1883; x_wconf 95' lang='lat'><strong>6</strong></span> <span class='ocrx_word' id='word_1_128' title='bbox 711 1830 900 1895; x_wconf 84' lang='grc' dir='ltr'>αὑτός.</span> 
     </span>
    </p>
   </div>
   <div class='ocr_carea' id='block_1_19' title="bbox 1004 1945 1376 2000">
    <p class='ocr_par' dir='ltr' id='par_1_19' title="bbox 1004 1945 1376 2000">
     <span class='ocr_line' id='line_1_19' title="bbox 1004 1945 1376 2000; baseline 0.005 -2"><span class='ocrx_word' id='word_1_129' title='bbox 1004 1945 1259 2000; x_wconf 79' lang='grc' dir='ltr'>ΚΕΦΛΛ.</span> <span class='ocrx_word' id='word_1_130' title='bbox 1299 1945 1376 2000; x_wconf 84' lang='grc' dir='ltr'><strong>Ε’.</strong></span> 
     </span>
    </p>
   </div>
   <div class='ocr_carea' id='block_1_20' title="bbox 478 2054 1984 2126">
    <p class='ocr_par' dir='ltr' id='par_1_20' title="bbox 478 2054 1984 2126">
     <span class='ocr_line' id='line_1_20' title="bbox 478 2054 1984 2126; baseline -0.001 -18"><span class='ocrx_word' id='word_1_131' title='bbox 478 2055 838 2108; x_wconf 86' lang='grc' dir='ltr'>Βασανιστέον</span> <span class='ocrx_word' id='word_1_132' title='bbox 861 2054 917 2108; x_wconf 84' lang='grc' dir='ltr'>δὲ</span> <span class='ocrx_word' id='word_1_133' title='bbox 948 2056 1043 2109; x_wconf 76' lang='grc' dir='ltr'><strong>καὶ</strong></span> <span class='ocrx_word' id='word_1_134' title='bbox 1072 2055 1135 2108; x_wconf 81' lang='grc' dir='ltr'><strong>τὸ</strong></span> <span class='ocrx_word' id='word_1_135' title='bbox 1182 2054 1434 2126; x_wconf 83' lang='grc' dir='ltr'>ἀτρανῶς</span> <span class='ocrx_word' id='word_1_136' title='bbox 1482 2054 1583 2123; x_wconf 80' lang='grc' dir='ltr'>μὲν</span> <span class='ocrx_word' id='word_1_137' title='bbox 1614 2056 1707 2109; x_wconf 76' lang='grc' dir='ltr'><strong>καὶ</strong></span> <span class='ocrx_word' id='word_1_138' title='bbox 1732 2054 1984 2126; x_wconf 82' lang='grc' dir='ltr'>ἀθάρσως</span> 
     </span>
    </p>
   </div>
   <div class='ocr_carea' id='block_1_21' title="bbox 406 2145 1985 2217">
    <p class='ocr_par' dir='ltr' id='par_1_21' title="bbox 406 2145 1985 2217">
     <span class='ocr_line' id='line_1_21' title="bbox 406 2145 1985 2217; baseline 0 -19"><span class='ocrx_word' id='word_1_139' title='bbox 406 2146 556 2216; x_wconf 69' lang='grc' dir='ltr'>ὅμως</span> <span class='ocrx_word' id='word_1_140' title='bbox 603 2148 661 2197; x_wconf 86' lang='grc' dir='ltr'><strong>ἐν</strong></span> <span class='ocrx_word' id='word_1_141' title='bbox 700 2145 943 2199; x_wconf 77' lang='grc' dir='ltr'>πλείοσιν</span> <span class='ocrx_word' id='word_1_142' title='bbox 990 2145 1170 2198; x_wconf 83' lang='grc' dir='ltr'>αὐτῶν</span> <span class='ocrx_word' id='word_1_143' title='bbox 1223 2146 1672 2217; x_wconf 76' lang='grc' dir='ltr'>ἐπιχειρούμενον</span> <span class='ocrx_word' id='word_1_144' title='bbox 1697 2161 1711 2175; x_wconf 88' lang='grc'><strong>·</strong></span> <span class='ocrx_word' id='word_1_145' title='bbox 1751 2146 1985 2199; x_wconf 87' lang='grc' dir='ltr'>δεδόσθω</span> 
     </span>
    </p>
   </div>
   <div class='ocr_carea' id='block_1_22' title="bbox 405 2234 1984 2307">
    <p class='ocr_par' dir='ltr' id='par_1_22' title="bbox 405 2234 1984 2307">
     <span class='ocr_line' id='line_1_22' title="bbox 405 2234 1984 2307; baseline 0.002 -21"><span class='ocrx_word' id='word_1_146' title='bbox 405 2236 536 2305; x_wconf 83' lang='grc' dir='ltr'>γὰρ,</span> <span class='ocrx_word' id='word_1_147' title='bbox 595 2236 765 2302; x_wconf 78' lang='grc' dir='ltr'>φασὶ,</span> <span class='ocrx_word' id='word_1_148' title='bbox 812 2236 954 2289; x_wconf 82' lang='grc' dir='ltr'>κατὰ</span> <span class='ocrx_word' id='word_1_149' title='bbox 1006 2237 1313 2307; x_wconf 84' lang='grc' dir='ltr'>συνδρομὴν</span> <span class='ocrx_word' id='word_1_150' title='bbox 1362 2234 1502 2289; x_wconf 80' lang='grc' dir='ltr'>εἶναι</span> <span class='ocrx_word' id='word_1_151' title='bbox 1560 2238 1684 2290; x_wconf 84' lang='grc' dir='ltr'>καθ’</span> <span class='ocrx_word' id='word_1_152' title='bbox 1714 2238 1859 2307; x_wconf 83' lang='grc' dir='ltr'>ὑμᾶς</span> <span class='ocrx_word' id='word_1_153' title='bbox 1890 2239 1984 2289; x_wconf 78' lang='grc' dir='ltr'><strong>καὶ</strong></span> 
     </span>
    </p>
   </div>
   <div class='ocr_carea' id='block_1_23' title="bbox 405 2325 1983 2400">
    <p class='ocr_par' dir='ltr' id='par_1_23' title="bbox 405 2325 1983 2400">
     <span class='ocr_line' id='line_1_23' title="bbox 405 2325 1983 2400; baseline 0.002 -21"><span class='ocrx_word' id='word_1_154' title='bbox 405 2328 536 2389; x_wconf 86' lang='grc' dir='ltr'>Θεὸς</span> <span class='ocrx_word' id='word_1_155' title='bbox 580 2330 609 2381; x_wconf 92' lang='lat'><strong>6</strong></span> <span class='ocrx_word' id='word_1_156' title='bbox 631 2328 793 2390; x_wconf 78' lang='grc' dir='ltr'>αὺτὸς</span> <span class='ocrx_word' id='word_1_157' title='bbox 839 2329 1073 2398; x_wconf 87' lang='grc' dir='ltr'>Χριστός</span> <span class='ocrx_word' id='word_1_158' title='bbox 1108 2346 1123 2361; x_wconf 73' lang='grc' dir='ltr'><strong>ο</strong></span> <span class='ocrx_word' id='word_1_159' title='bbox 1153 2332 1181 2382; x_wconf 98' lang='lat'><strong>6</strong></span> <span class='ocrx_word' id='word_1_160' title='bbox 1207 2329 1264 2382; x_wconf 85' lang='grc' dir='ltr'>δὲ</span> <span class='ocrx_word' id='word_1_161' title='bbox 1299 2326 1510 2400; x_wconf 85' lang='grc' dir='ltr'>Ἰησοῦς</span> <span class='ocrx_word' id='word_1_162' title='bbox 1536 2370 1552 2395; x_wconf 87' lang='grc'><strong>,</strong></span> <span class='ocrx_word' id='word_1_163' title='bbox 1579 2329 1633 2381; x_wconf 86' lang='grc' dir='ltr'><strong>τί</strong></span> <span class='ocrx_word' id='word_1_164' title='bbox 1660 2330 1788 2399; x_wconf 89' lang='grc' dir='ltr'>ύμῖν</span> <span class='ocrx_word' id='word_1_165' title='bbox 1840 2325 1983 2382; x_wconf 80' lang='grc' dir='ltr'>εἶναι</span> 
     </span>
    </p>
   </div>
   <div class='ocr_carea' id='block_1_24' title="bbox 405 2419 1979 2492">
    <p class='ocr_par' dir='ltr' id='par_1_24' title="bbox 405 2419 1979 2492">
     <span class='ocr_line' id='line_1_24' title="bbox 405 2419 1979 2492; baseline 0.001 -21"><span class='ocrx_word' id='word_1_166' title='bbox 405 2419 586 2481; x_wconf 87' lang='grc' dir='ltr'>δοκεῖ;</span> <span class='ocrx_word' id='word_1_167' title='bbox 615 2420 675 2471; x_wconf 87' lang='grc' dir='ltr'><strong>ού</strong></span> <span class='ocrx_word' id='word_1_168' title='bbox 698 2419 805 2490; x_wconf 85' lang='grc' dir='ltr'>γὰρ</span> <span class='ocrx_word' id='word_1_169' title='bbox 828 2420 894 2490; x_wconf 83' lang='grc' dir='ltr'>δὴ</span> <span class='ocrx_word' id='word_1_170' title='bbox 921 2420 1017 2474; x_wconf 81' lang='grc' dir='ltr'>καὶ</span> <span class='ocrx_word' id='word_1_171' title='bbox 1050 2420 1212 2475; x_wconf 85' lang='grc' dir='ltr'>αὑτὸν</span> <span class='ocrx_word' id='word_1_172' title='bbox 1243 2421 1415 2489; x_wconf 84' lang='grc' dir='ltr'>Λόγον</span> <span class='ocrx_word' id='word_1_173' title='bbox 1443 2421 1537 2473; x_wconf 82' lang='grc' dir='ltr'>καὶ</span> <span class='ocrx_word' id='word_1_174' title='bbox 1570 2421 1746 2491; x_wconf 74' lang='grc' dir='ltr'>σάρκα</span> <span class='ocrx_word' id='word_1_175' title='bbox 1773 2423 1945 2492; x_wconf 81' lang='grc' dir='ltr'>ἐρεῖτε</span> <span class='ocrx_word' id='word_1_176' title='bbox 1965 2438 1979 2452; x_wconf 78' lang='grc' dir='ltr'><strong>ο</strong></span> 
     </span>
    </p>
   </div>
   <div class='ocr_carea' id='block_1_25' title="bbox 406 2510 1985 2583">
    <p class='ocr_par' dir='ltr' id='par_1_25' title="bbox 406 2510 1985 2583">
     <span class='ocr_line' id='line_1_25' title="bbox 406 2510 1985 2583; baseline 0.003 -22"><span class='ocrx_word' id='word_1_177' title='bbox 406 2510 456 2561; x_wconf 82' lang='grc' dir='ltr'><strong>εί</strong></span> <span class='ocrx_word' id='word_1_178' title='bbox 482 2510 590 2581; x_wconf 86' lang='grc' dir='ltr'><strong>γὰρ</strong></span> <span class='ocrx_word' id='word_1_179' title='bbox 620 2512 714 2563; x_wconf 75' lang='grc' dir='ltr'>καὶ</span> <span class='ocrx_word' id='word_1_180' title='bbox 749 2511 915 2574; x_wconf 82' lang='grc' dir='ltr'>αὐτὸς</span> <span class='ocrx_word' id='word_1_181' title='bbox 946 2512 1152 2582; x_wconf 82' lang='grc' dir='ltr'>ὁμοίως</span> <span class='ocrx_word' id='word_1_182' title='bbox 1196 2512 1328 2577; x_wconf 85' lang='grc' dir='ltr'>Θεὸς</span> <span class='ocrx_word' id='word_1_183' title='bbox 1347 2554 1363 2579; x_wconf 94' lang='grc'><strong>,</strong></span> <span class='ocrx_word' id='word_1_184' title='bbox 1413 2511 1572 2583; x_wconf 78' lang='grc' dir='ltr'>δῆλον</span> <span class='ocrx_word' id='word_1_185' title='bbox 1590 2513 1675 2575; x_wconf 80' lang='grc' dir='ltr'>’ὡς</span> <span class='ocrx_word' id='word_1_186' title='bbox 1700 2513 1800 2565; x_wconf 83' lang='grc' dir='ltr'><strong>οὐκ</strong></span> <span class='ocrx_word' id='word_1_187' title='bbox 1828 2513 1915 2565; x_wconf 77' lang='grc' dir='ltr'><strong>ἀεὶ</strong></span> <span class='ocrx_word' id='word_1_188' title='bbox 1956 2514 1985 2566; x_wconf 93' lang='lat'><strong>6</strong></span> 
     </span>
    </p>
   </div>
   <div class='ocr_carea' id='block_1_26' title="bbox 408 2602 1984 2674">
    <p class='ocr_par' dir='ltr' id='par_1_26' title="bbox 408 2602 1984 2674">
     <span class='ocr_line' id='line_1_26' title="bbox 408 2602 1984 2674; baseline 0.001 -20"><span class='ocrx_word' id='word_1_189' title='bbox 408 2603 663 2672; x_wconf 83' lang='grc' dir='ltr'>Χριστὸς,</span> <span class='ocrx_word' id='word_1_190' title='bbox 690 2603 819 2665; x_wconf 87' lang='grc' dir='ltr'>Θεός</span> <span class='ocrx_word' id='word_1_191' title='bbox 848 2618 863 2633; x_wconf 78' lang='grc'><strong><em>⁸</em></strong></span> <span class='ocrx_word' id='word_1_192' title='bbox 886 2603 978 2656; x_wconf 85' lang='grc' dir='ltr'><strong>τὸν</strong></span> <span class='ocrx_word' id='word_1_193' title='bbox 1005 2603 1114 2673; x_wconf 83' lang='grc' dir='ltr'><strong>γὰρ</strong></span> <span class='ocrx_word' id='word_1_194' title='bbox 1153 2602 1366 2674; x_wconf 83' lang='grc' dir='ltr'>Ἰησοῦν</span> <span class='ocrx_word' id='word_1_195' title='bbox 1403 2605 1461 2657; x_wconf 80' lang='grc' dir='ltr'>ὅν</span> <span class='ocrx_word' id='word_1_196' title='bbox 1489 2621 1628 2674; x_wconf 82' lang='grc' dir='ltr'>φατε</span> <span class='ocrx_word' id='word_1_197' title='bbox 1655 2604 1787 2657; x_wconf 84' lang='grc' dir='ltr'>Θεὸν</span> <span class='ocrx_word' id='word_1_198' title='bbox 1813 2645 1827 2670; x_wconf 94' lang='grc'><strong>,</strong></span> <span class='ocrx_word' id='word_1_199' title='bbox 1859 2604 1984 2657; x_wconf 84' lang='grc' dir='ltr'>τοῦ-</span> 
     </span>
    </p>
   </div>
   <div class='ocr_carea' id='block_1_27' title="bbox 407 2692 1986 2766">
    <p class='ocr_par' dir='ltr' id='par_1_27' title="bbox 407 2692 1986 2766">
     <span class='ocr_line' id='line_1_27' title="bbox 407 2692 1986 2766; baseline 0.001 -20"><span class='ocrx_word' id='word_1_200' title='bbox 407 2710 497 2746; x_wconf 87' lang='grc' dir='ltr'><strong>τον</strong></span> <span class='ocrx_word' id='word_1_201' title='bbox 540 2694 635 2746; x_wconf 67' lang='grc' dir='ltr'><strong>καὶ</strong></span> <span class='ocrx_word' id='word_1_202' title='bbox 675 2692 883 2763; x_wconf 80' lang='grc' dir='ltr'>Κύριον</span> <span class='ocrx_word' id='word_1_203' title='bbox 920 2694 1016 2746; x_wconf 79' lang='grc' dir='ltr'>καὶ</span> <span class='ocrx_word' id='word_1_204' title='bbox 1046 2694 1280 2764; x_wconf 86' lang='grc' dir='ltr'>Χριστὸν</span> <span class='ocrx_word' id='word_1_205' title='bbox 1302 2695 1330 2747; x_wconf 93' lang='lat'><strong>6</strong></span> <span class='ocrx_word' id='word_1_206' title='bbox 1361 2695 1493 2756; x_wconf 83' lang='grc' dir='ltr'>Θεὸς</span> <span class='ocrx_word' id='word_1_207' title='bbox 1525 2696 1773 2766; x_wconf 86' lang='grc' dir='ltr'>ἐποίησε,</span> <span class='ocrx_word' id='word_1_208' title='bbox 1799 2694 1986 2763; x_wconf 75' lang='grc' dir='ltr'>σαφῶς</span> 
     </span>
    </p>
   </div>
   <div class='ocr_carea' id='block_1_28' title="bbox 408 2781 1984 2857">
    <p class='ocr_par' dir='ltr' id='par_1_28' title="bbox 408 2781 1984 2857">
     <span class='ocr_line' id='line_1_28' title="bbox 408 2781 1984 2857; baseline -0.001 -17"><span class='ocrx_word' id='word_1_209' title='bbox 408 2788 622 2857; x_wconf 72' lang='grc' dir='ltr'>εἴρηται</span> <span class='ocrx_word' id='word_1_210' title='bbox 656 2802 670 2816; x_wconf 88' lang='grc'><strong>·</strong></span> <span class='ocrx_word' id='word_1_211' title='bbox 706 2787 804 2854; x_wconf 85' lang='grc' dir='ltr'>οὐχ</span> <span class='ocrx_word' id='word_1_212' title='bbox 849 2786 877 2839; x_wconf 88' lang='lat'><strong>6</strong></span> <span class='ocrx_word' id='word_1_213' title='bbox 930 2781 998 2855; x_wconf 82' lang='grc' dir='ltr'>ἧν</span> <span class='ocrx_word' id='word_1_214' title='bbox 1024 2784 1116 2838; x_wconf 79' lang='grc' dir='ltr'>οὖν</span> <span class='ocrx_word' id='word_1_215' title='bbox 1158 2787 1187 2837; x_wconf 90' lang='lat'><strong>6</strong></span> <span class='ocrx_word' id='word_1_216' title='bbox 1251 2785 1457 2856; x_wconf 84' lang='grc' dir='ltr'>Ἰησοῦς</span> <span class='ocrx_word' id='word_1_217' title='bbox 1507 2787 1687 2839; x_wconf 80' lang='grc' dir='ltr'>εῖτουν</span> <span class='ocrx_word' id='word_1_218' title='bbox 1737 2788 1938 2857; x_wconf 82' lang='grc' dir='ltr'>Κύριος</span> <span class='ocrx_word' id='word_1_219' title='bbox 1970 2825 1984 2850; x_wconf 88' lang='grc'><strong>,</strong></span> 
     </span>
    </p>
   </div>
   <div class='ocr_carea' id='block_1_29' title="bbox 406 2876 1988 2949">
    <p class='ocr_par' dir='ltr' id='par_1_29' title="bbox 406 2876 1988 2949">
     <span class='ocr_line' id='line_1_29' title="bbox 406 2876 1988 2949; baseline 0.001 -20"><span class='ocrx_word' id='word_1_220' title='bbox 406 2878 564 2929; x_wconf 83' lang='grc' dir='ltr'>τοῦτο</span> <span class='ocrx_word' id='word_1_221' title='bbox 596 2879 789 2947; x_wconf 80' lang='grc' dir='ltr'>γέγονε</span> <span class='ocrx_word' id='word_1_222' title='bbox 842 2876 1089 2946; x_wconf 75' lang='grc' dir='ltr'>ποιηθεὶς</span> <span class='ocrx_word' id='word_1_223' title='bbox 1140 2876 1377 2948; x_wconf 83' lang='grc' dir='ltr'>Χριστὸς</span> <span class='ocrx_word' id='word_1_224' title='bbox 1408 2877 1503 2930; x_wconf 80' lang='grc' dir='ltr'><strong>καὶ</strong></span> <span class='ocrx_word' id='word_1_225' title='bbox 1534 2878 1734 2949; x_wconf 85' lang='grc' dir='ltr'>Κύριος</span> <span class='ocrx_word' id='word_1_226' title='bbox 1767 2896 1782 2910; x_wconf 92' lang='grc'><strong>·</strong></span> <span class='ocrx_word' id='word_1_227' title='bbox 1810 2879 1988 2942; x_wconf 77' lang='grc' dir='ltr'>οὐδεὶς</span> 
     </span>
    </p>
   </div>
   <div class='ocr_carea' id='block_1_30' title="bbox 406 2967 1988 3040">
    <p class='ocr_par' dir='ltr' id='par_1_30' title="bbox 406 2967 1988 3040">
     <span class='ocr_line' id='line_1_30' title="bbox 406 2967 1988 3040; baseline 0 -19"><span class='ocrx_word' id='word_1_228' title='bbox 406 2969 514 3040; x_wconf 82' lang='grc' dir='ltr'><strong>γὰρ</strong></span> <span class='ocrx_word' id='word_1_229' title='bbox 551 2969 762 3037; x_wconf 83' lang='grc' dir='ltr'>γίνεται</span> <span class='ocrx_word' id='word_1_230' title='bbox 807 2968 836 3020; x_wconf 83' lang='grc' dir='ltr'><strong>ὃ</strong></span> <span class='ocrx_word' id='word_1_231' title='bbox 878 2969 1026 3020; x_wconf 85' lang='grc' dir='ltr'>ἐστιν</span> <span class='ocrx_word' id='word_1_232' title='bbox 1058 2983 1073 2998; x_wconf 90' lang='grc'><strong>·</strong></span> <span class='ocrx_word' id='word_1_233' title='bbox 1114 2968 1222 3020; x_wconf 82' lang='grc' dir='ltr'>οὐδ’</span> <span class='ocrx_word' id='word_1_234' title='bbox 1256 2968 1363 3039; x_wconf 81' lang='grc' dir='ltr'>ἄρα</span> <span class='ocrx_word' id='word_1_235' title='bbox 1391 2967 1483 3021; x_wconf 85' lang='grc' dir='ltr'><strong>οῦν</strong></span> <span class='ocrx_word' id='word_1_236' title='bbox 1517 2967 1647 3030; x_wconf 85' lang='grc' dir='ltr'>Θεὸς</span> <span class='ocrx_word' id='word_1_237' title='bbox 1674 2969 1760 3021; x_wconf 82' lang='grc' dir='ltr'><strong>ὰεί</strong></span> <span class='ocrx_word' id='word_1_238' title='bbox 1786 2971 1933 3021; x_wconf 79' lang='grc' dir='ltr'>ἐστιν</span> <span class='ocrx_word' id='word_1_239' title='bbox 1959 2970 1988 3021; x_wconf 94' lang='lat'><strong>6</strong></span> 
     </span>
    </p>
   </div>
   <div class='ocr_carea' id='block_1_31' title="bbox 421 3058 1989 3131">
    <p class='ocr_par' dir='ltr' id='par_1_31' title="bbox 421 3058 1989 3131">
     <span class='ocr_line' id='line_1_31' title="bbox 421 3058 1989 3131; baseline -0.001 -17"><span class='ocrx_word' id='word_1_240' title='bbox 421 3059 627 3128; x_wconf 84' lang='grc' dir='ltr'>Ἰησοῦς</span> <span class='ocrx_word' id='word_1_241' title='bbox 648 3100 664 3125; x_wconf 93' lang='grc'><strong>,</strong></span> <span class='ocrx_word' id='word_1_242' title='bbox 696 3059 822 3111; x_wconf 60' lang='grc' dir='ltr'><strong>ἐπεὶ⁹</strong></span> <span class='ocrx_word' id='word_1_243' title='bbox 878 3060 1019 3130; x_wconf 87' lang='grc' dir='ltr'><strong>μηδέ</strong></span> <span class='ocrx_word' id='word_1_244' title='bbox 1067 3058 1275 3130; x_wconf 79' lang='grc' dir='ltr'>Κύριός</span> <span class='ocrx_word' id='word_1_245' title='bbox 1303 3060 1451 3112; x_wconf 85' lang='grc' dir='ltr'>ἐστιν</span> <span class='ocrx_word' id='word_1_246' title='bbox 1472 3075 1485 3088; x_wconf 90' lang='grc'><strong>·</strong></span> <span class='ocrx_word' id='word_1_247' title='bbox 1519 3062 1567 3112; x_wconf 80' lang='grc' dir='ltr'><strong>ει</strong></span> <span class='ocrx_word' id='word_1_248' title='bbox 1598 3060 1656 3113; x_wconf 82' lang='grc' dir='ltr'>δὲ</span> <span class='ocrx_word' id='word_1_249' title='bbox 1689 3061 1717 3112; x_wconf 91' lang='lat'><strong>6</strong></span> <span class='ocrx_word' id='word_1_250' title='bbox 1745 3061 1842 3130; x_wconf 81' lang='grc' dir='ltr'><strong>μὲν</strong></span> <span class='ocrx_word' id='word_1_251' title='bbox 1885 3062 1989 3131; x_wconf 84' lang='grc' dir='ltr'>Ἰη-</span> 
     </span>
    </p>
   </div>
   <div class='ocr_carea' id='block_1_32' title="bbox 409 3151 1984 3223">
    <p class='ocr_par' dir='ltr' id='par_1_32' title="bbox 409 3151 1984 3223">
     <span class='ocr_line' id='line_1_32' title="bbox 409 3151 1984 3223; baseline 0.001 -18"><span class='ocrx_word' id='word_1_252' title='bbox 409 3153 539 3215; x_wconf 90' lang='grc' dir='ltr'>σοῦς</span> <span class='ocrx_word' id='word_1_253' title='bbox 563 3151 873 3222; x_wconf 79' lang='grc' dir='ltr'>ἄνθρωπος,</span> <span class='ocrx_word' id='word_1_254' title='bbox 901 3152 930 3203; x_wconf 93' lang='lat'><strong>6</strong></span> <span class='ocrx_word' id='word_1_255' title='bbox 958 3151 1015 3204; x_wconf 86' lang='grc' dir='ltr'>δὲ</span> <span class='ocrx_word' id='word_1_256' title='bbox 1056 3151 1292 3221; x_wconf 88' lang='grc' dir='ltr'>Χριστὸς</span> <span class='ocrx_word' id='word_1_257' title='bbox 1338 3151 1471 3214; x_wconf 89' lang='grc' dir='ltr'>Θεὸς</span> <span class='ocrx_word' id='word_1_258' title='bbox 1502 3152 1632 3221; x_wconf 87' lang='grc' dir='ltr'>ύμῖν</span> <span class='ocrx_word' id='word_1_259' title='bbox 1661 3156 1861 3207; x_wconf 85' lang='grc' dir='ltr'>νοεῖται</span> <span class='ocrx_word' id='word_1_260' title='bbox 1888 3194 1903 3218; x_wconf 94' lang='grc'><strong>,</strong></span> <span class='ocrx_word' id='word_1_261' title='bbox 1951 3154 1984 3223; x_wconf 83' lang='grc' dir='ltr'><strong>ἢ</strong></span> 
     </span>
    </p>
   </div>
   <div class='ocr_carea' id='block_1_33' title="bbox 412 3242 1988 3314">
    <p class='ocr_par' dir='ltr' id='par_1_33' title="bbox 412 3242 1988 3314">
     <span class='ocr_line' id='line_1_33' title="bbox 412 3242 1988 3314; baseline 0 -17"><span class='ocrx_word' id='word_1_262' title='bbox 412 3244 577 3314; x_wconf 84' lang='grc' dir='ltr'>μόνον</span> <span class='ocrx_word' id='word_1_263' title='bbox 635 3243 767 3306; x_wconf 88' lang='grc' dir='ltr'>Θεὸς</span> <span class='ocrx_word' id='word_1_264' title='bbox 822 3242 977 3295; x_wconf 80' lang='grc' dir='ltr'>ἔσται</span> <span class='ocrx_word' id='word_1_265' title='bbox 1026 3242 1216 3314; x_wconf 84' lang='grc' dir='ltr'>ὥσπερ</span> <span class='ocrx_word' id='word_1_266' title='bbox 1260 3245 1288 3296; x_wconf 92' lang='lat'><strong>6</strong></span> <span class='ocrx_word' id='word_1_267' title='bbox 1357 3243 1565 3311; x_wconf 83' lang='grc' dir='ltr'>Λόγος,</span> <span class='ocrx_word' id='word_1_268' title='bbox 1617 3246 1713 3296; x_wconf 76' lang='grc' dir='ltr'>καὶ</span> <span class='ocrx_word' id='word_1_269' title='bbox 1744 3245 1772 3296; x_wconf 90' lang='lat'><strong>6</strong></span> <span class='ocrx_word' id='word_1_270' title='bbox 1815 3245 1988 3312; x_wconf 85' lang='grc' dir='ltr'>Λόγος</span> 
     </span>
    </p>
   </div>
   <div class='ocr_carea' id='block_1_34' title="bbox 409 3333 1986 3407">
    <p class='ocr_par' dir='ltr' id='par_1_34' title="bbox 409 3333 1986 3407">
     <span class='ocr_line' id='line_1_34' title="bbox 409 3333 1986 3407; baseline 0.001 -19"><span class='ocrx_word' id='word_1_271' title='bbox 409 3334 669 3405; x_wconf 85' lang='grc' dir='ltr'>Χριστὸς,</span> <span class='ocrx_word' id='word_1_272' title='bbox 700 3334 794 3386; x_wconf 77' lang='grc' dir='ltr'>καὶ</span> <span class='ocrx_word' id='word_1_273' title='bbox 831 3333 939 3407; x_wconf 90' lang='grc' dir='ltr'><strong>πρὸ</strong></span> <span class='ocrx_word' id='word_1_274' title='bbox 972 3333 1073 3403; x_wconf 83' lang='grc' dir='ltr'><strong>τῆς</strong></span> <span class='ocrx_word' id='word_1_275' title='bbox 1105 3333 1437 3405; x_wconf 83' lang='grc' dir='ltr'>σαρκώσεως</span> <span class='ocrx_word' id='word_1_276' title='bbox 1466 3349 1481 3363; x_wconf 86' lang='grc'><strong>·</strong></span> <span class='ocrx_word' id='word_1_277' title='bbox 1513 3335 1546 3404; x_wconf 80' lang='grc' dir='ltr'>ἢ</span> <span class='ocrx_word' id='word_1_278' title='bbox 1588 3335 1717 3398; x_wconf 87' lang='grc' dir='ltr'>Θεὸς</span> <span class='ocrx_word' id='word_1_279' title='bbox 1755 3336 1851 3388; x_wconf 79' lang='grc' dir='ltr'>καὶ</span> <span class='ocrx_word' id='word_1_280' title='bbox 1892 3337 1986 3389; x_wconf 82' lang='grc' dir='ltr'>ἅν-</span> 
     </span>
    </p>
   </div>
   <div class='ocr_carea' id='block_1_35' title="bbox 410 3424 1992 3498">
    <p class='ocr_par' dir='ltr' id='par_1_35' title="bbox 410 3424 1992 3498">
     <span class='ocr_line' id='line_1_35' title="bbox 410 3424 1992 3498; baseline 0.001 -21"><span class='ocrx_word' id='word_1_281' title='bbox 410 3428 629 3497; x_wconf 84' lang='grc' dir='ltr'>Θρωπός</span> <span class='ocrx_word' id='word_1_282' title='bbox 651 3442 735 3489; x_wconf 85' lang='grc' dir='ltr'><strong>τις</strong></span> <span class='ocrx_word' id='word_1_283' title='bbox 761 3425 947 3498; x_wconf 76' lang='grc' dir='ltr'>ἕτερος</span> <span class='ocrx_word' id='word_1_284' title='bbox 980 3424 1136 3496; x_wconf 85' lang='grc' dir='ltr'>παρὰ</span> <span class='ocrx_word' id='word_1_285' title='bbox 1162 3426 1253 3478; x_wconf 86' lang='grc' dir='ltr'><strong>τὸν</strong></span> <span class='ocrx_word' id='word_1_286' title='bbox 1297 3424 1507 3494; x_wconf 81' lang='grc' dir='ltr'>Ἰησοῦν</span> <span class='ocrx_word' id='word_1_287' title='bbox 1542 3426 1639 3478; x_wconf 72' lang='grc' dir='ltr'>καὶ</span> <span class='ocrx_word' id='word_1_288' title='bbox 1666 3425 1878 3479; x_wconf 79' lang='grc' dir='ltr'>ἔσονται</span> <span class='ocrx_word' id='word_1_289' title='bbox 1898 3425 1992 3478; x_wconf 89' lang='grc' dir='ltr'><strong>δύο</strong></span> 
     </span>
    </p>
   </div>
   <div class='ocr_carea' id='block_1_36' title="bbox 411 3518 1998 3589">
    <p class='ocr_par' dir='ltr' id='par_1_36' title="bbox 411 3518 1998 3589">
     <span class='ocr_line' id='line_1_36' title="bbox 411 3518 1998 3589; baseline -0.001 -17"><span class='ocrx_word' id='word_1_290' title='bbox 411 3519 711 3589; x_wconf 84' lang='grc' dir='ltr'>ἄνθρωποι,</span> <span class='ocrx_word' id='word_1_291' title='bbox 754 3520 892 3587; x_wconf 80' lang='grc' dir='ltr'>μετὰ</span> <span class='ocrx_word' id='word_1_292' title='bbox 929 3521 1029 3589; x_wconf 82' lang='grc' dir='ltr'><strong>τὴν</strong></span> <span class='ocrx_word' id='word_1_293' title='bbox 1056 3518 1279 3587; x_wconf 86' lang='grc' dir='ltr'>ποίησιν</span> <span class='ocrx_word' id='word_1_294' title='bbox 1302 3518 1399 3570; x_wconf 85' lang='grc' dir='ltr'><strong>τοῦ</strong></span> <span class='ocrx_word' id='word_1_295' title='bbox 1440 3518 1615 3589; x_wconf 86' lang='grc' dir='ltr'>Ἰησοῦ</span> <span class='ocrx_word' id='word_1_296' title='bbox 1644 3519 1725 3581; x_wconf 80' lang='grc' dir='ltr'><strong>είς</strong></span> <span class='ocrx_word' id='word_1_297' title='bbox 1762 3518 1998 3589; x_wconf 86' lang='grc' dir='ltr'>Χριστὸν</span> 
     </span>
    </p>
   </div>
   <div class='ocr_carea' id='block_1_37' title="bbox 412 3604 1998 3680">
    <p class='ocr_par' dir='ltr' id='par_1_37' title="bbox 412 3604 1998 3680">
     <span class='ocr_line' id='line_1_37' title="bbox 412 3604 1998 3680; baseline -0.001 -17"><span class='ocrx_word' id='word_1_298' title='bbox 412 3615 470 3664; x_wconf 86' lang='grc' dir='ltr'><strong>ἐν</strong></span> <span class='ocrx_word' id='word_1_299' title='bbox 503 3610 654 3679; x_wconf 79' lang='grc' dir='ltr'>αὐτῷ</span> <span class='ocrx_word' id='word_1_300' title='bbox 689 3610 1010 3679; x_wconf 81' lang='grc' dir='ltr'>φαινόμενοι</span> <span class='ocrx_word' id='word_1_301' title='bbox 1040 3624 1054 3639; x_wconf 83' lang='grc'><strong>⁸</strong></span> <span class='ocrx_word' id='word_1_302' title='bbox 1087 3604 1206 3663; x_wconf 81' lang='grc' dir='ltr'><strong>ὧνὸ</strong></span> <span class='ocrx_word' id='word_1_303' title='bbox 1229 3610 1328 3680; x_wconf 80' lang='grc' dir='ltr'>μὲν</span> <span class='ocrx_word' id='word_1_304' title='bbox 1359 3608 1611 3672; x_wconf 83' lang='grc' dir='ltr'>σύνθετος</span> <span class='ocrx_word' id='word_1_305' title='bbox 1638 3610 1736 3679; x_wconf 89' lang='grc' dir='ltr'>τὴν</span> <span class='ocrx_word' id='word_1_306' title='bbox 1759 3609 1998 3662; x_wconf 82' lang='grc' dir='ltr'>ὑπόστα-</span> 
     </span>
    </p>
   </div>
   <div class='ocr_carea' id='block_1_38' title="bbox 412 3701 1997 3772">
    <p class='ocr_par' dir='ltr' id='par_1_38' title="bbox 412 3701 1997 3772">
     <span class='ocr_line' id='line_1_38' title="bbox 412 3701 1997 3772; baseline -0.001 -16"><span class='ocrx_word' id='word_1_307' title='bbox 412 3720 519 3764; x_wconf 87' lang='grc' dir='ltr'>σιν,</span> <span class='ocrx_word' id='word_1_308' title='bbox 556 3702 633 3765; x_wconf 84' lang='grc' dir='ltr'>ὥς</span> <span class='ocrx_word' id='word_1_309' title='bbox 666 3718 805 3770; x_wconf 82' lang='grc' dir='ltr'>φατε</span> <span class='ocrx_word' id='word_1_310' title='bbox 828 3719 841 3732; x_wconf 87' lang='grc'>·</span> <span class='ocrx_word' id='word_1_311' title='bbox 871 3704 899 3754; x_wconf 89' lang='grc' dir='ltr'>ὁ</span> <span class='ocrx_word' id='word_1_312' title='bbox 926 3701 985 3754; x_wconf 84' lang='grc' dir='ltr'>δὲ</span> <span class='ocrx_word' id='word_1_313' title='bbox 1007 3701 1235 3769; x_wconf 89' lang='grc' dir='ltr'>Ἰησοῦς,</span> <span class='ocrx_word' id='word_1_314' title='bbox 1268 3702 1491 3772; x_wconf 88' lang='grc' dir='ltr'>ποιητὸς</span> <span class='ocrx_word' id='word_1_315' title='bbox 1534 3703 1769 3772; x_wconf 85' lang='grc' dir='ltr'>Χριστός</span> <span class='ocrx_word' id='word_1_316' title='bbox 1798 3717 1814 3733; x_wconf 87' lang='grc'><strong>·</strong></span> <span class='ocrx_word' id='word_1_317' title='bbox 1853 3704 1901 3754; x_wconf 79' lang='grc' dir='ltr'><strong>εἰ</strong></span> <span class='ocrx_word' id='word_1_318' title='bbox 1940 3701 1997 3755; x_wconf 80' lang='grc' dir='ltr'>δὲ</span> 
     </span>
    </p>
   </div>
   <div class='ocr_carea' id='block_1_39' title="bbox 409 3793 1997 3865">
    <p class='ocr_par' dir='ltr' id='par_1_39' title="bbox 409 3793 1997 3865">
     <span class='ocr_line' id='line_1_39' title="bbox 409 3793 1997 3865; baseline 0.001 -18"><span class='ocrx_word' id='word_1_319' title='bbox 409 3794 682 3865; x_wconf 83' lang='grc' dir='ltr'>Χριστὸς,</span> <span class='ocrx_word' id='word_1_320' title='bbox 742 3793 874 3856; x_wconf 79' lang='grc' dir='ltr'>Θεὸς</span> <span class='ocrx_word' id='word_1_321' title='bbox 923 3793 1019 3846; x_wconf 82' lang='grc' dir='ltr'><strong>καὶ</strong></span> <span class='ocrx_word' id='word_1_322' title='bbox 1070 3793 1357 3861; x_wconf 81' lang='grc' dir='ltr'>ἄνθρωπος</span> <span class='ocrx_word' id='word_1_323' title='bbox 1404 3794 1574 3856; x_wconf 72' lang='grc' dir='ltr'>ὅντως</span> <span class='ocrx_word' id='word_1_324' title='bbox 1627 3797 1833 3847; x_wconf 85' lang='grc' dir='ltr'>νοεῖται</span> <span class='ocrx_word' id='word_1_325' title='bbox 1861 3811 1876 3827; x_wconf 78' lang='grc' dir='ltr'><strong>ο</strong></span> <span class='ocrx_word' id='word_1_326' title='bbox 1904 3797 1997 3849; x_wconf 79' lang='grc' dir='ltr'>καὶ</span> 
     </span>
    </p>
   </div>
   <div class='ocr_carea' id='block_1_40' title="bbox 408 3885 1996 3957">
    <p class='ocr_par' dir='ltr' id='par_1_40' title="bbox 408 3885 1996 3957">
     <span class='ocr_line' id='line_1_40' title="bbox 408 3885 1996 3957; baseline 0 -18"><span class='ocrx_word' id='word_1_327' title='bbox 408 3888 581 3949; x_wconf 75' lang='grc' dir='ltr'>οὕτως</span> <span class='ocrx_word' id='word_1_328' title='bbox 608 3890 636 3941; x_wconf 90' lang='lat'><strong>6</strong></span> <span class='ocrx_word' id='word_1_329' title='bbox 661 3886 877 3957; x_wconf 87' lang='grc' dir='ltr'>Ἰησοῦς</span> <span class='ocrx_word' id='word_1_330' title='bbox 909 3886 1204 3955; x_wconf 79' lang='grc' dir='ltr'>ἐπίκτητον</span> <span class='ocrx_word' id='word_1_331' title='bbox 1233 3885 1627 3956; x_wconf 87' lang='grc' dir='ltr'>ὰνθρωπὸτητα</span> <span class='ocrx_word' id='word_1_332' title='bbox 1667 3885 1865 3949; x_wconf 77' lang='grc' dir='ltr'>λαϐὼν,</span> <span class='ocrx_word' id='word_1_333' title='bbox 1902 3888 1996 3940; x_wconf 75' lang='grc' dir='ltr'><strong>καὶ</strong></span> 
     </span>
    </p>
   </div>
   <div class='ocr_carea' id='block_1_41' title="bbox 411 3974 1995 4046">
    <p class='ocr_par' dir='ltr' id='par_1_41' title="bbox 411 3974 1995 4046">
     <span class='ocr_line' id='line_1_41' title="bbox 411 3974 1995 4046; baseline 0 -18"><span class='ocrx_word' id='word_1_334' title='bbox 411 3975 648 4045; x_wconf 88' lang='grc' dir='ltr'>θεότητα</span> <span class='ocrx_word' id='word_1_335' title='bbox 670 3976 768 4046; x_wconf 85' lang='grc' dir='ltr'>τὴν</span> <span class='ocrx_word' id='word_1_336' title='bbox 790 3975 1033 4046; x_wconf 86' lang='grc' dir='ltr'>Χριστοῦ</span> <span class='ocrx_word' id='word_1_337' title='bbox 1059 4016 1073 4040; x_wconf 98' lang='grc'><strong>,</strong></span> <span class='ocrx_word' id='word_1_338' title='bbox 1100 3978 1253 4045; x_wconf 87' lang='grc' dir='ltr'>τρεῖς</span> <span class='ocrx_word' id='word_1_339' title='bbox 1288 3976 1386 4044; x_wconf 82' lang='grc' dir='ltr'>μὲν</span> <span class='ocrx_word' id='word_1_340' title='bbox 1417 3974 1739 4045; x_wconf 82' lang='grc' dir='ltr'>ἀνθρώπους</span> <span class='ocrx_word' id='word_1_341' title='bbox 1768 4014 1783 4038; x_wconf 90' lang='grc'><strong>,</strong></span> <span class='ocrx_word' id='word_1_342' title='bbox 1813 3975 1907 4027; x_wconf 93' lang='grc' dir='ltr'><strong>δύο</strong></span> <span class='ocrx_word' id='word_1_343' title='bbox 1938 3976 1995 4028; x_wconf 86' lang='grc' dir='ltr'>δὲ</span> 
     </span>
    </p>
   </div>
   <div class='ocr_carea' id='block_1_42' title="bbox 413 4064 1992 4136">
    <p class='ocr_par' dir='ltr' id='par_1_42' title="bbox 413 4064 1992 4136">
     <span class='ocr_line' id='line_1_42' title="bbox 413 4064 1992 4136; baseline -0.002 -16"><span class='ocrx_word' id='word_1_344' title='bbox 413 4066 570 4130; x_wconf 84' lang='grc' dir='ltr'>θεοὺς</span> <span class='ocrx_word' id='word_1_345' title='bbox 602 4064 743 4120; x_wconf 80' lang='grc' dir='ltr'>εἶναι</span> <span class='ocrx_word' id='word_1_346' title='bbox 780 4066 977 4121; x_wconf 87' lang='grc' dir='ltr'>ἐαυτὸν</span> <span class='ocrx_word' id='word_1_347' title='bbox 1007 4066 1355 4136; x_wconf 76' lang='grc' dir='ltr'>ἐπιδείξηται</span> <span class='ocrx_word' id='word_1_348' title='bbox 1380 4064 1616 4136; x_wconf 76' lang='grc' dir='ltr'>Χριστὸς</span> <span class='ocrx_word' id='word_1_349' title='bbox 1659 4066 1951 4135; x_wconf 87' lang='grc' dir='ltr'>γενόμενος</span> <span class='ocrx_word' id='word_1_350' title='bbox 1977 4083 1992 4099; x_wconf 80' lang='grc' dir='ltr'><strong><em>ο</em></strong></span> 
     </span>
    </p>
   </div>
   <div class='ocr_carea' id='block_1_43' title="bbox 408 4156 2007 4233">
    <p class='ocr_par' dir='ltr' id='par_1_43' title="bbox 408 4156 2007 4233">
     <span class='ocr_line' id='line_1_43' title="bbox 408 4156 2007 4233; baseline -0.001 -20"><span class='ocrx_word' id='word_1_351' title='bbox 408 4160 445 4233; x_wconf 80' lang='grc' dir='ltr'>ἢ</span> <span class='ocrx_word' id='word_1_352' title='bbox 472 4162 553 4224; x_wconf 80' lang='grc' dir='ltr'>εἰς</span> <span class='ocrx_word' id='word_1_353' title='bbox 586 4160 717 4213; x_wconf 84' lang='grc' dir='ltr'>Θεὸν</span> <span class='ocrx_word' id='word_1_354' title='bbox 750 4161 847 4213; x_wconf 77' lang='grc' dir='ltr'>καὶ</span> <span class='ocrx_word' id='word_1_355' title='bbox 885 4158 1176 4230; x_wconf 81' lang='grc' dir='ltr'>ἄνθρωπον</span> <span class='ocrx_word' id='word_1_356' title='bbox 1214 4156 1547 4229; x_wconf 77' lang='grc' dir='ltr'>μερισθῆναι</span> <span class='ocrx_word' id='word_1_357' title='bbox 1594 4158 1622 4211; x_wconf 91' lang='grc' dir='ltr'><strong>ὀ</strong></span> <span class='ocrx_word' id='word_1_358' title='bbox 1647 4157 1861 4228; x_wconf 86' lang='grc' dir='ltr'>Ἰησοῦς</span> <span class='ocrx_word' id='word_1_359' title='bbox 1906 4158 2007 4211; x_wconf 58' lang='grc' dir='ltr'>λοι</span> 
     </span>
    </p>
   </div>
   <div class='ocr_carea' id='block_1_44' title="bbox 410 4251 1337 4323">
    <p class='ocr_par' dir='ltr' id='par_1_44' title="bbox 410 4251 1337 4323">
     <span class='ocr_line' id='line_1_44' title="bbox 410 4251 1337 4323; baseline -0.002 -17"><span class='ocrx_word' id='word_1_360' title='bbox 410 4253 757 4323; x_wconf 81' lang='grc' dir='ltr'>γισθήσεται,</span> <span class='ocrx_word' id='word_1_361' title='bbox 788 4253 1048 4322; x_wconf 78' lang='grc' dir='ltr'>ποιηθεὶς</span> <span class='ocrx_word' id='word_1_362' title='bbox 1078 4251 1337 4321; x_wconf 88' lang='grc' dir='ltr'>Χριστός.</span> 
     </span>
    </p>
   </div>
   <div class='ocr_carea' id='block_1_45' title="bbox 480 4340 1989 4414">
    <p class='ocr_par' dir='ltr' id='par_1_45' title="bbox 480 4340 1989 4414">
     <span class='ocr_line' id='line_1_45' title="bbox 480 4340 1989 4414; baseline -0.001 -18"><span class='ocrx_word' id='word_1_363' title='bbox 480 4344 665 4414; x_wconf 73' lang='grc' dir='ltr'>Φαμὲν</span> <span class='ocrx_word' id='word_1_364' title='bbox 693 4340 786 4397; x_wconf 82' lang='grc' dir='ltr'><strong>οὖν</strong></span> <span class='ocrx_word' id='word_1_365' title='bbox 812 4345 909 4397; x_wconf 82' lang='grc' dir='ltr'><strong>σὺν</strong></span> <span class='ocrx_word' id='word_1_366' title='bbox 939 4342 1016 4413; x_wconf 80' lang='grc' dir='ltr'>τῷ</span> <span class='ocrx_word' id='word_1_367' title='bbox 1063 4342 1300 4413; x_wconf 87' lang='grc' dir='ltr'>θεολόγῳ</span> <span class='ocrx_word' id='word_1_368' title='bbox 1332 4341 1470 4411; x_wconf 84' lang='grc' dir='ltr'>πρὸς</span> <span class='ocrx_word' id='word_1_369' title='bbox 1508 4340 1636 4395; x_wconf 85' lang='grc' dir='ltr'>τάδε</span> <span class='ocrx_word' id='word_1_370' title='bbox 1666 4342 1762 4395; x_wconf 76' lang='grc' dir='ltr'><strong>καὶ</strong></span> <span class='ocrx_word' id='word_1_371' title='bbox 1791 4342 1955 4412; x_wconf 81' lang='grc' dir='ltr'>ἡμεῖς</span> <span class='ocrx_word' id='word_1_372' title='bbox 1974 4383 1989 4409; x_wconf 91' lang='grc'><strong>,</strong></span> 
     </span>
    </p>
   </div>
   <div class='ocr_carea' id='block_1_46' title="bbox 409 4432 1992 4506">
    <p class='ocr_par' dir='ltr' id='par_1_46' title="bbox 409 4432 1992 4506">
     <span class='ocr_line' id='line_1_46' title="bbox 409 4432 1992 4506; baseline -0.004 -15"><span class='ocrx_word' id='word_1_373' title='bbox 409 4439 493 4491; x_wconf 84' lang='grc' dir='ltr'><strong>ὅτι</strong></span> <span class='ocrx_word' id='word_1_374' title='bbox 527 4438 636 4490; x_wconf 86' lang='grc' dir='ltr'>πᾶν</span> <span class='ocrx_word' id='word_1_375' title='bbox 665 4435 887 4506; x_wconf 88' lang='grc' dir='ltr'>πνεῦμα</span> <span class='ocrx_word' id='word_1_376' title='bbox 911 4434 939 4487; x_wconf 84' lang='lat'><strong>6</strong></span> <span class='ocrx_word' id='word_1_377' title='bbox 969 4434 1043 4506; x_wconf 78' lang='grc' dir='ltr'>μὴ</span> <span class='ocrx_word' id='word_1_378' title='bbox 1072 4433 1327 4503; x_wconf 84' lang='grc' dir='ltr'>ὁμολογεῖ</span> <span class='ocrx_word' id='word_1_379' title='bbox 1352 4432 1558 4503; x_wconf 89' lang='grc' dir='ltr'>Ἰησοῦν</span> <span class='ocrx_word' id='word_1_380' title='bbox 1588 4434 1646 4485; x_wconf 86' lang='grc' dir='ltr'><strong>ἐν</strong></span> <span class='ocrx_word' id='word_1_381' title='bbox 1676 4434 1840 4503; x_wconf 73' lang='grc' dir='ltr'>σαρκὶ</span> <span class='ocrx_word' id='word_1_382' title='bbox 1869 4434 1992 4504; x_wconf 84' lang='grc' dir='ltr'>ἐλη-</span> 
     </span>
    </p>
   </div>
   <div class='ocr_carea' id='block_1_47' title="bbox 410 4522 1992 4595">
    <p class='ocr_par' dir='ltr' id='par_1_47' title="bbox 410 4522 1992 4595">
     <span class='ocr_line' id='line_1_47' title="bbox 410 4522 1992 4595; baseline -0.003 -14"><span class='ocrx_word' id='word_1_383' title='bbox 410 4526 629 4593; x_wconf 84' lang='grc' dir='ltr'>λυθότα,</span> <span class='ocrx_word' id='word_1_384' title='bbox 661 4527 763 4580; x_wconf 85' lang='grc' dir='ltr'><strong>οὐκ</strong></span> <span class='ocrx_word' id='word_1_385' title='bbox 792 4527 938 4580; x_wconf 76' lang='grc' dir='ltr'>ἐστιν</span> <span class='ocrx_word' id='word_1_386' title='bbox 978 4528 1044 4579; x_wconf 83' lang='grc' dir='ltr'>ἐκ</span> <span class='ocrx_word' id='word_1_387' title='bbox 1090 4525 1186 4578; x_wconf 85' lang='grc' dir='ltr'><strong>τοῦ</strong></span> <span class='ocrx_word' id='word_1_388' title='bbox 1236 4522 1372 4577; x_wconf 89' lang='grc' dir='ltr'>Θεοῦ</span> <span class='ocrx_word' id='word_1_389' title='bbox 1396 4538 1411 4554; x_wconf 82' lang='grc'><em>’</em></span> <span class='ocrx_word' id='word_1_390' title='bbox 1443 4525 1493 4576; x_wconf 86' lang='grc' dir='ltr'><strong>εί</strong></span> <span class='ocrx_word' id='word_1_391' title='bbox 1525 4524 1585 4576; x_wconf 83' lang='grc' dir='ltr'>δὲ</span> <span class='ocrx_word' id='word_1_392' title='bbox 1638 4526 1739 4595; x_wconf 85' lang='grc' dir='ltr'><strong>οὺχ</strong></span> <span class='ocrx_word' id='word_1_393' title='bbox 1802 4525 1992 4595; x_wconf 71' lang='grc' dir='ltr'>ἕτερον</span> 
     </span>
    </p>
   </div>
   <div class='ocr_carea' id='block_1_48' title="bbox 410 4614 1991 4692">
    <p class='ocr_par' dir='ltr' id='par_1_48' title="bbox 410 4614 1991 4692">
     <span class='ocr_line' id='line_1_48' title="bbox 410 4614 1991 4692; baseline -0.004 -19"><span class='ocrx_word' id='word_1_394' title='bbox 410 4621 677 4692; x_wconf 88' lang='grc' dir='ltr'>κηρύσσει</span> <span class='ocrx_word' id='word_1_395' title='bbox 703 4659 718 4685; x_wconf 94' lang='grc'><strong>,</strong></span> <span class='ocrx_word' id='word_1_396' title='bbox 748 4620 840 4673; x_wconf 86' lang='grc' dir='ltr'><strong>τόν</strong></span> <span class='ocrx_word' id='word_1_397' title='bbox 870 4635 928 4671; x_wconf 88' lang='grc' dir='ltr'><strong>τε</strong></span> <span class='ocrx_word' id='word_1_398' title='bbox 958 4619 1133 4686; x_wconf 86' lang='grc' dir='ltr'>Λόγον</span> <span class='ocrx_word' id='word_1_399' title='bbox 1168 4617 1348 4688; x_wconf 88' lang='grc' dir='ltr'>σάρκα</span> <span class='ocrx_word' id='word_1_400' title='bbox 1390 4614 1682 4686; x_wconf 86' lang='grc' dir='ltr'>γενόμενον</span> <span class='ocrx_word' id='word_1_401' title='bbox 1709 4655 1724 4681; x_wconf 92' lang='grc'><strong>,</strong></span> <span class='ocrx_word' id='word_1_402' title='bbox 1761 4617 1854 4668; x_wconf 73' lang='grc' dir='ltr'>καὶ</span> <span class='ocrx_word' id='word_1_403' title='bbox 1901 4616 1991 4668; x_wconf 82' lang='grc' dir='ltr'><strong>τὸν</strong></span> 
     </span>
    </p>
   </div>
   <div class='ocr_carea' id='block_1_49' title="bbox 2094 736 3675 810">
    <p class='ocr_par' dir='ltr' id='par_1_49' title="bbox 2094 736 3675 810">
     <span class='ocr_line' id='line_1_49' title="bbox 2094 736 3675 810; baseline 0.006 -19"><span class='ocrx_word' id='word_1_404' title='bbox 2094 736 2254 791; x_wconf 80' lang='lat' dir='ltr'><strong>vobis</strong></span> <span class='ocrx_word' id='word_1_405' title='bbox 2287 737 2413 792; x_wconf 90' lang='lat' dir='ltr'><strong>ideo</strong></span> <span class='ocrx_word' id='word_1_406' title='bbox 2470 748 2753 808; x_wconf 83' lang='lat' dir='ltr'><strong>appareat,</strong></span> <span class='ocrx_word' id='word_1_407' title='bbox 2812 755 2938 792; x_wconf 88' lang='lat' dir='ltr'><strong>nam</strong></span> <span class='ocrx_word' id='word_1_408' title='bbox 2979 739 3401 810; x_wconf 84' lang='lat' dir='ltr'><strong>intelligendum</strong></span> <span class='ocrx_word' id='word_1_409' title='bbox 3442 745 3675 800; x_wconf 86' lang='lat' dir='ltr'><strong>verbum</strong></span> 
     </span>
    </p>
   </div>
   <div class='ocr_carea' id='block_1_50' title="bbox 2092 830 3672 903">
    <p class='ocr_par' dir='ltr' id='par_1_50' title="bbox 2092 830 3672 903">
     <span class='ocr_line' id='line_1_50' title="bbox 2092 830 3672 903; baseline 0.006 -20"><span class='ocrx_word' id='word_1_410' title='bbox 2092 842 2258 897; x_wconf 86' lang='lat' dir='ltr'><strong>supra</strong></span> <span class='ocrx_word' id='word_1_411' title='bbox 2297 844 2517 883; x_wconf 89' lang='lat' dir='ltr'><strong>omnem</strong></span> <span class='ocrx_word' id='word_1_412' title='bbox 2552 830 3036 895; x_wconf 84' lang='lat' dir='ltr'><strong>sacerdotem,sed</strong></span> <span class='ocrx_word' id='word_1_413' title='bbox 3075 832 3314 900; x_wconf 81' lang='lat' dir='ltr'><strong>apostoli</strong></span> <span class='ocrx_word' id='word_1_414' title='bbox 3348 834 3451 903; x_wconf 88' lang='lat' dir='ltr'><strong>ipsi</strong></span> <span class='ocrx_word' id='word_1_415' title='bbox 3482 836 3550 890; x_wconf 92' lang='lat' dir='ltr'><strong>de</strong></span> <span class='ocrx_word' id='word_1_416' title='bbox 3575 853 3672 891; x_wconf 90' lang='lat' dir='ltr'><strong>eo-</strong></span> 
     </span>
    </p>
   </div>
   <div class='ocr_carea' id='block_1_51' title="bbox 2091 917 3671 989">
    <p class='ocr_par' dir='ltr' id='par_1_51' title="bbox 2091 917 3671 989">
     <span class='ocr_line' id='line_1_51' title="bbox 2091 917 3671 989; baseline 0.007 -18"><span class='ocrx_word' id='word_1_417' title='bbox 2091 917 2217 972; x_wconf 91' lang='lat' dir='ltr'><strong>dem</strong></span> <span class='ocrx_word' id='word_1_418' title='bbox 2268 928 2323 973; x_wconf 90' lang='lat' dir='ltr'><strong>et</strong></span> <span class='ocrx_word' id='word_1_419' title='bbox 2357 936 2551 974; x_wconf 89' lang='lat' dir='ltr'><strong>rursus</strong></span> <span class='ocrx_word' id='word_1_420' title='bbox 2574 921 2837 989; x_wconf 88' lang='lat' dir='ltr'><strong>loquente</strong></span> <span class='ocrx_word' id='word_1_421' title='bbox 2886 921 3174 976; x_wconf 82' lang='lat' dir='ltr'><strong>sacerdote</strong></span> <span class='ocrx_word' id='word_1_422' title='bbox 3219 924 3428 979; x_wconf 85' lang='lat' dir='ltr'><strong>audite.</strong></span> <span class='ocrx_word' id='word_1_423' title='bbox 3483 925 3671 982; x_wconf 86' lang='lat' dir='ltr'><strong>Talem</strong></span> 
     </span>
    </p>
   </div>
   <div class='ocr_carea' id='block_1_52' title="bbox 2091 1007 3671 1081">
    <p class='ocr_par' dir='ltr' id='par_1_52' title="bbox 2091 1007 3671 1081">
     <span class='ocr_line' id='line_1_52' title="bbox 2091 1007 3671 1081; baseline 0.008 -19"><span class='ocrx_word' id='word_1_424' title='bbox 2091 1007 2360 1064; x_wconf 81' lang='lat' dir='ltr'><strong>habentes</strong></span> <span class='ocrx_word' id='word_1_425' title='bbox 2405 1012 2722 1079; x_wconf 88' lang='lat' dir='ltr'><strong>pontiﬁcem</strong></span> <span class='ocrx_word' id='word_1_426' title='bbox 2771 1014 2865 1081; x_wconf 90' lang='lat' dir='ltr'><strong>qui</strong></span> <span class='ocrx_word' id='word_1_427' title='bbox 2899 1012 3056 1067; x_wconf 84' lang='lat' dir='ltr'><strong>sedet</strong></span> <span class='ocrx_word' id='word_1_428' title='bbox 3105 1015 3173 1069; x_wconf 86' lang='lat' dir='ltr'><strong>ad</strong></span> <span class='ocrx_word' id='word_1_429' title='bbox 3220 1018 3430 1071; x_wconf 82' lang='lat' dir='ltr'><strong>dextris</strong></span> <span class='ocrx_word' id='word_1_430' title='bbox 3484 1020 3671 1075; x_wconf 87' lang='lat' dir='ltr'><strong>throni</strong></span> 
     </span>
    </p>
   </div>
   <div class='ocr_carea' id='block_1_53' title="bbox 2091 1101 3672 1179">
    <p class='ocr_par' dir='ltr' id='par_1_53' title="bbox 2091 1101 3672 1179">
     <span class='ocr_line' id='line_1_53' title="bbox 2091 1101 3672 1179; baseline 0.008 -26"><span class='ocrx_word' id='word_1_431' title='bbox 2091 1101 2491 1170; x_wconf 79' lang='lat' dir='ltr'><strong>magnitudinis</strong></span> <span class='ocrx_word' id='word_1_432' title='bbox 2522 1104 2575 1156; x_wconf 93' lang='lat' dir='ltr'><strong>in</strong></span> <span class='ocrx_word' id='word_1_433' title='bbox 2597 1104 2772 1157; x_wconf 64' lang='lat' dir='ltr'><strong>caelis.</strong></span> <span class='ocrx_word' id='word_1_434' title='bbox 2810 1104 3117 1173; x_wconf 83' lang='lat' dir='ltr'><strong>Hocipsum</strong></span> <span class='ocrx_word' id='word_1_435' title='bbox 3146 1108 3293 1175; x_wconf 87' lang='lat' dir='ltr'><strong>quod</strong></span> <span class='ocrx_word' id='word_1_436' title='bbox 3322 1109 3583 1179; x_wconf 71' lang='lat' dir='ltr'><strong>eﬂ‘ugitis,</strong></span> <span class='ocrx_word' id='word_1_437' title='bbox 3616 1114 3672 1166; x_wconf 88' lang='lat' dir='ltr'><strong>in</strong></span> 
     </span>
    </p>
   </div>
   <div class='ocr_carea' id='block_1_54' title="bbox 2089 1193 3673 1264">
    <p class='ocr_par' dir='ltr' id='par_1_54' title="bbox 2089 1193 3673 1264">
     <span class='ocr_line' id='line_1_54' title="bbox 2089 1193 3673 1264; baseline 0.008 -19"><span class='ocrx_word' id='word_1_438' title='bbox 2089 1193 2503 1262; x_wconf 86' lang='lat' dir='ltr'><strong>vobismetipsis</strong></span> <span class='ocrx_word' id='word_1_439' title='bbox 2535 1194 2739 1259; x_wconf 85' lang='lat' dir='ltr'><strong>videte,</strong></span> <span class='ocrx_word' id='word_1_440' title='bbox 2789 1196 2937 1264; x_wconf 89' lang='lat' dir='ltr'><strong>quod</strong></span> <span class='ocrx_word' id='word_1_441' title='bbox 2962 1213 3075 1250; x_wconf 88' lang='lat' dir='ltr'><strong>non</strong></span> <span class='ocrx_word' id='word_1_442' title='bbox 3105 1207 3189 1251; x_wconf 91' lang='lat' dir='ltr'><strong>est</strong></span> <span class='ocrx_word' id='word_1_443' title='bbox 3218 1201 3522 1255; x_wconf 79' lang='lat' dir='ltr'><strong>sacerdotis</strong></span> <span class='ocrx_word' id='word_1_444' title='bbox 3550 1218 3673 1257; x_wconf 90' lang='lat' dir='ltr'><strong>esse</strong></span> 
     </span>
    </p>
   </div>
   <div class='ocr_carea' id='block_1_55' title="bbox 2091 1282 3672 1351">
    <p class='ocr_par' dir='ltr' id='par_1_55' title="bbox 2091 1282 3672 1351">
     <span class='ocr_line' id='line_1_55' title="bbox 2091 1282 3672 1351; baseline 0.008 -16"><span class='ocrx_word' id='word_1_445' title='bbox 2091 1282 2154 1335; x_wconf 81' lang='lat' dir='ltr'><strong>in</strong></span> <span class='ocrx_word' id='word_1_446' title='bbox 2204 1283 2404 1336; x_wconf 84' lang='lat' dir='ltr'><strong>throno</strong></span> <span class='ocrx_word' id='word_1_447' title='bbox 2457 1300 2580 1338; x_wconf 91' lang='lat' dir='ltr'><strong>cum</strong></span> <span class='ocrx_word' id='word_1_448' title='bbox 2642 1285 2753 1339; x_wconf 91' lang='lat' dir='ltr'><strong>Deo</strong></span> <span class='ocrx_word' id='word_1_449' title='bbox 2792 1301 2929 1351; x_wconf 86' lang='lat' dir='ltr'><strong>suo,</strong></span> <span class='ocrx_word' id='word_1_450' title='bbox 2970 1302 3072 1340; x_wconf 89' lang='lat' dir='ltr'><strong>nec</strong></span> <span class='ocrx_word' id='word_1_451' title='bbox 3126 1288 3182 1341; x_wconf 91' lang='lat' dir='ltr'><strong>in</strong></span> <span class='ocrx_word' id='word_1_452' title='bbox 3220 1290 3412 1342; x_wconf 89' lang='lat' dir='ltr'><strong>eodem</strong></span> <span class='ocrx_word' id='word_1_453' title='bbox 3463 1293 3672 1348; x_wconf 87' lang='lat' dir='ltr'><strong>honore</strong></span> 
     </span>
    </p>
   </div>
   <div class='ocr_carea' id='block_1_56' title="bbox 2090 1372 3671 1451">
    <p class='ocr_par' dir='ltr' id='par_1_56' title="bbox 2090 1372 3671 1451">
     <span class='ocr_line' id='line_1_56' title="bbox 2090 1372 3671 1451; baseline 0.009 -28"><span class='ocrx_word' id='word_1_454' title='bbox 2090 1379 2147 1424; x_wconf 87' lang='lat' dir='ltr'><strong>et</strong></span> <span class='ocrx_word' id='word_1_455' title='bbox 2199 1372 2391 1425; x_wconf 87' lang='lat' dir='ltr'><strong>eadem</strong></span> <span class='ocrx_word' id='word_1_456' title='bbox 2440 1374 2637 1442; x_wconf 80' lang='lat' dir='ltr'><strong>gloria,</strong></span> <span class='ocrx_word' id='word_1_457' title='bbox 2686 1374 2781 1428; x_wconf 90' lang='lat' dir='ltr'><strong>sed</strong></span> <span class='ocrx_word' id='word_1_458' title='bbox 2832 1383 2918 1429; x_wconf 89' lang='lat' dir='ltr'><strong>est</strong></span> <span class='ocrx_word' id='word_1_459' title='bbox 2949 1376 3195 1446; x_wconf 83' lang='lat' dir='ltr'><strong>ejusdem</strong></span> <span class='ocrx_word' id='word_1_460' title='bbox 3221 1387 3431 1433; x_wconf 68' lang='lat' dir='ltr'><strong>natura:</strong></span> <span class='ocrx_word' id='word_1_461' title='bbox 3486 1390 3541 1435; x_wconf 90' lang='lat' dir='ltr'><strong>et</strong></span> <span class='ocrx_word' id='word_1_462' title='bbox 3572 1400 3671 1451; x_wconf 86' lang='lat' dir='ltr'><strong>po-</strong></span> 
     </span>
    </p>
   </div>
   <div class='ocr_carea' id='block_1_57' title="bbox 2089 1460 3669 1536">
    <p class='ocr_par' dir='ltr' id='par_1_57' title="bbox 2089 1460 3669 1536">
     <span class='ocr_line' id='line_1_57' title="bbox 2089 1460 3669 1536; baseline 0.009 -23"><span class='ocrx_word' id='word_1_463' title='bbox 2089 1460 2276 1535; x_wconf 74' lang='lat' dir='ltr'><strong>tentia:</strong></span> <span class='ocrx_word' id='word_1_464' title='bbox 2331 1476 2456 1515; x_wconf 93' lang='lat' dir='ltr'><strong>cum</strong></span> <span class='ocrx_word' id='word_1_465' title='bbox 2503 1463 2745 1533; x_wconf 86' lang='lat' dir='ltr'><strong>glorioso</strong></span> <span class='ocrx_word' id='word_1_466' title='bbox 2780 1465 2921 1530; x_wconf 89' lang='lat' dir='ltr'><strong>Deo;</strong></span> <span class='ocrx_word' id='word_1_467' title='bbox 2975 1467 3143 1536; x_wconf 79' lang='lat' dir='ltr'><strong>igitur</strong></span> <span class='ocrx_word' id='word_1_468' title='bbox 3179 1476 3239 1521; x_wconf 94' lang='lat' dir='ltr'><strong>ut</strong></span> <span class='ocrx_word' id='word_1_469' title='bbox 3282 1470 3541 1525; x_wconf 76' lang='lat' dir='ltr'><strong>sacerdos</strong></span> <span class='ocrx_word' id='word_1_470' title='bbox 3580 1488 3669 1526; x_wconf 82' lang='lat' dir='ltr'><strong>se-</strong></span> 
     </span>
    </p>
   </div>
   <div class='ocr_carea' id='block_1_58' title="bbox 2092 1550 3669 1624">
    <p class='ocr_par' dir='ltr' id='par_1_58' title="bbox 2092 1550 3669 1624">
     <span class='ocr_line' id='line_1_58' title="bbox 2092 1550 3669 1624; baseline 0.008 -20"><span class='ocrx_word' id='word_1_471' title='bbox 2092 1550 2184 1604; x_wconf 88' lang='lat' dir='ltr'><strong>det</strong></span> <span class='ocrx_word' id='word_1_472' title='bbox 2209 1566 2332 1604; x_wconf 83' lang='lat' dir='ltr'><strong>cum</strong></span> <span class='ocrx_word' id='word_1_473' title='bbox 2359 1553 2471 1607; x_wconf 91' lang='lat' dir='ltr'><strong>Deo</strong></span> <span class='ocrx_word' id='word_1_474' title='bbox 2495 1554 2547 1607; x_wconf 91' lang='lat' dir='ltr'><strong>in</strong></span> <span class='ocrx_word' id='word_1_475' title='bbox 2590 1555 2747 1608; x_wconf 69' lang='lat' dir='ltr'><strong>caelis</strong></span> <span class='ocrx_word' id='word_1_476' title='bbox 2787 1557 3156 1624; x_wconf 89' lang='lat' dir='ltr'><strong>quisacerdos</strong></span> <span class='ocrx_word' id='word_1_477' title='bbox 3178 1559 3276 1613; x_wconf 88' lang='lat' dir='ltr'><strong>Dei</strong></span> <span class='ocrx_word' id='word_1_478' title='bbox 3306 1561 3481 1615; x_wconf 82' lang='lat' dir='ltr'><strong>factus</strong></span> <span class='ocrx_word' id='word_1_479' title='bbox 3502 1573 3586 1616; x_wconf 90' lang='lat' dir='ltr'><strong>est</strong></span> <span class='ocrx_word' id='word_1_480' title='bbox 3616 1566 3669 1616; x_wconf 89' lang='lat' dir='ltr'><strong>in</strong></span> 
     </span>
    </p>
   </div>
   <div class='ocr_carea' id='block_1_59' title="bbox 2093 1645 3670 1718">
    <p class='ocr_par' dir='ltr' id='par_1_59' title="bbox 2093 1645 3670 1718">
     <span class='ocr_line' id='line_1_59' title="bbox 2093 1645 3670 1718; baseline 0.008 -23"><span class='ocrx_word' id='word_1_481' title='bbox 2093 1651 2259 1707; x_wconf 89' lang='lat' dir='ltr'><strong>terra,</strong></span> <span class='ocrx_word' id='word_1_482' title='bbox 2294 1645 2654 1714; x_wconf 89' lang='lat' dir='ltr'><strong>etpropriam</strong></span> <span class='ocrx_word' id='word_1_483' title='bbox 2701 1662 2925 1701; x_wconf 90' lang='lat' dir='ltr'><strong>carnem</strong></span> <span class='ocrx_word' id='word_1_484' title='bbox 2976 1665 3141 1718; x_wconf 89' lang='lat' dir='ltr'><strong>quam</strong></span> <span class='ocrx_word' id='word_1_485' title='bbox 3176 1651 3507 1706; x_wconf 71' lang='lat' dir='ltr'><strong>sacriﬁcavit</strong></span> <span class='ocrx_word' id='word_1_486' title='bbox 3558 1655 3670 1708; x_wconf 86' lang='lat' dir='ltr'><strong>Deo</strong></span> 
     </span>
    </p>
   </div>
   <div class='ocr_carea' id='block_1_60' title="bbox 2090 1736 3652 1809">
    <p class='ocr_par' dir='ltr' id='par_1_60' title="bbox 2090 1736 3652 1809">
     <span class='ocr_line' id='line_1_60' title="bbox 2090 1736 3652 1809; baseline 0.008 -24"><span class='ocrx_word' id='word_1_487' title='bbox 2090 1742 2380 1802; x_wconf 89' lang='lat' dir='ltr'><strong>postquam</strong></span> <span class='ocrx_word' id='word_1_488' title='bbox 2442 1736 2751 1791; x_wconf 85' lang='lat' dir='ltr'><strong>introduxit</strong></span> <span class='ocrx_word' id='word_1_489' title='bbox 2784 1738 2929 1808; x_wconf 87' lang='lat' dir='ltr'><strong>apud</strong></span> <span class='ocrx_word' id='word_1_490' title='bbox 2987 1740 3183 1809; x_wconf 89' lang='lat' dir='ltr'><strong>Deum,</strong></span> <span class='ocrx_word' id='word_1_491' title='bbox 3250 1742 3349 1797; x_wconf 89' lang='lat' dir='ltr'><strong>sed</strong></span> <span class='ocrx_word' id='word_1_492' title='bbox 3393 1760 3516 1797; x_wconf 90' lang='lat' dir='ltr'><strong>cum</strong></span> <span class='ocrx_word' id='word_1_493' title='bbox 3581 1746 3652 1797; x_wconf 87' lang='lat' dir='ltr'><strong>sit</strong></span> 
     </span>
    </p>
   </div>
   <div class='ocr_carea' id='block_1_61' title="bbox 2091 1825 2603 1897">
    <p class='ocr_par' dir='ltr' id='par_1_61' title="bbox 2091 1825 2603 1897">
     <span class='ocr_line' id='line_1_61' title="bbox 2091 1825 2603 1897; baseline 0.006 -18"><span class='ocrx_word' id='word_1_494' title='bbox 2091 1825 2237 1880; x_wconf 90' lang='lat' dir='ltr'><strong>Deus</strong></span> <span class='ocrx_word' id='word_1_495' title='bbox 2269 1842 2433 1881; x_wconf 91' lang='lat' dir='ltr'><strong>verus</strong></span> <span class='ocrx_word' id='word_1_496' title='bbox 2466 1828 2603 1897; x_wconf 88' lang='lat' dir='ltr'><strong>ipse.</strong></span> 
     </span>
    </p>
   </div>
   <div class='ocr_carea' id='block_1_62' title="bbox 2728 1937 2986 1993">
    <p class='ocr_par' dir='ltr' id='par_1_62' title="bbox 2728 1937 2986 1993">
     <span class='ocr_line' id='line_1_62' title="bbox 2728 1937 2986 1993; baseline -0.004 0"><span class='ocrx_word' id='word_1_497' title='bbox 2728 1937 2880 1993; x_wconf 86' lang='lat' dir='ltr'><strong>CAP.</strong></span> <span class='ocrx_word' id='word_1_498' title='bbox 2920 1939 2986 1993; x_wconf 86' lang='lat' dir='ltr'><strong>V.</strong></span> 
     </span>
    </p>
   </div>
   <div class='ocr_carea' id='block_1_63' title="bbox 2019 2026 3673 2127">
    <p class='ocr_par' dir='ltr' id='par_1_63' title="bbox 2019 2026 3673 2127">
     <span class='ocr_line' id='line_1_63' title="bbox 2019 2026 3673 2127; baseline 0.008 -26"><span class='ocrx_word' id='word_1_499' title='bbox 2019 2026 2060 2081; x_wconf 76' lang='grc' dir='ltr'><strong>Β</strong></span> <span class='ocrx_word' id='word_1_500' title='bbox 2089 2046 2291 2104; x_wconf 90' lang='lat' dir='ltr'><strong>Striete</strong></span> <span class='ocrx_word' id='word_1_501' title='bbox 2320 2050 2486 2104; x_wconf 89' lang='lat' dir='ltr'><strong>etiam</strong></span> <span class='ocrx_word' id='word_1_502' title='bbox 2514 2052 2942 2109; x_wconf 80' lang='lat' dir='ltr'><strong>examinandum</strong></span> <span class='ocrx_word' id='word_1_503' title='bbox 2966 2067 3049 2111; x_wconf 87' lang='lat' dir='ltr'><strong>est</strong></span> <span class='ocrx_word' id='word_1_504' title='bbox 3064 2068 3448 2127; x_wconf 81' lang='lat' dir='ltr'><strong>argumentum</strong></span> <span class='ocrx_word' id='word_1_505' title='bbox 3478 2076 3673 2115; x_wconf 90' lang='lat' dir='ltr'><strong>eorum</strong></span> 
     </span>
    </p>
   </div>
   <div class='ocr_carea' id='block_1_64' title="bbox 2086 2138 3669 2208">
    <p class='ocr_par' dir='ltr' id='par_1_64' title="bbox 2086 2138 3669 2208">
     <span class='ocr_line' id='line_1_64' title="bbox 2086 2138 3669 2208; baseline 0.008 -17"><span class='ocrx_word' id='word_1_506' title='bbox 2086 2138 2234 2207; x_wconf 90' lang='lat' dir='ltr'><strong>quod</strong></span> <span class='ocrx_word' id='word_1_507' title='bbox 2274 2141 2518 2208; x_wconf 85' lang='lat' dir='ltr'><strong>plerique</strong></span> <span class='ocrx_word' id='word_1_508' title='bbox 2548 2142 2789 2198; x_wconf 87' lang='lat' dir='ltr'><strong>obscure</strong></span> <span class='ocrx_word' id='word_1_509' title='bbox 2819 2145 2986 2199; x_wconf 86' lang='lat' dir='ltr'><strong>simul</strong></span> <span class='ocrx_word' id='word_1_510' title='bbox 3031 2154 3087 2199; x_wconf 88' lang='lat' dir='ltr'><strong>et</strong></span> <span class='ocrx_word' id='word_1_511' title='bbox 3122 2147 3427 2202; x_wconf 87' lang='lat' dir='ltr'><strong>dubitative</strong></span> <span class='ocrx_word' id='word_1_512' title='bbox 3461 2158 3669 2205; x_wconf 87' lang='lat' dir='ltr'><strong>tenent.</strong></span> 
     </span>
    </p>
   </div>
   <div class='ocr_carea' id='block_1_65' title="bbox 2084 2228 3666 2307">
    <p class='ocr_par' dir='ltr' id='par_1_65' title="bbox 2084 2228 3666 2307">
     <span class='ocr_line' id='line_1_65' title="bbox 2084 2228 3666 2307; baseline 0.007 -24"><span class='ocrx_word' id='word_1_513' title='bbox 2084 2228 2449 2294; x_wconf 86' lang='lat' dir='ltr'><strong>Coneedatur,</strong></span> <span class='ocrx_word' id='word_1_514' title='bbox 2478 2233 2654 2297; x_wconf 90' lang='lat' dir='ltr'><strong>aiunt;</strong></span> <span class='ocrx_word' id='word_1_515' title='bbox 2689 2234 2997 2288; x_wconf 88' lang='lat' dir='ltr'><strong>secundum</strong></span> <span class='ocrx_word' id='word_1_516' title='bbox 3019 2253 3149 2306; x_wconf 41' lang='lat' dir='ltr'><strong>ivos</strong></span> <span class='ocrx_word' id='word_1_517' title='bbox 3197 2254 3295 2307; x_wconf 89' lang='lat' dir='ltr'><strong>per</strong></span> <span class='ocrx_word' id='word_1_518' title='bbox 3330 2255 3666 2294; x_wconf 86' lang='lat' dir='ltr'><strong>concursum</strong></span> 
     </span>
    </p>
   </div>
   <div class='ocr_carea' id='block_1_66' title="bbox 2084 2319 3670 2394">
    <p class='ocr_par' dir='ltr' id='par_1_66' title="bbox 2084 2319 3670 2394">
     <span class='ocr_line' id='line_1_66' title="bbox 2084 2319 3670 2394; baseline 0.006 -23"><span class='ocrx_word' id='word_1_519' title='bbox 2084 2328 2141 2371; x_wconf 91' lang='lat' dir='ltr'><strong>et</strong></span> <span class='ocrx_word' id='word_1_520' title='bbox 2173 2319 2342 2373; x_wconf 84' lang='lat' dir='ltr'><strong>Deum</strong></span> <span class='ocrx_word' id='word_1_521' title='bbox 2381 2322 2563 2387; x_wconf 85' lang='lat' dir='ltr'><strong>ipsum</strong></span> <span class='ocrx_word' id='word_1_522' title='bbox 2594 2320 2900 2376; x_wconf 81' lang='lat' dir='ltr'><strong>Christum.</strong></span> <span class='ocrx_word' id='word_1_523' title='bbox 2933 2324 3095 2378; x_wconf 86' lang='lat' dir='ltr'><strong>.lesus</strong></span> <span class='ocrx_word' id='word_1_524' title='bbox 3137 2336 3319 2378; x_wconf 90' lang='lat' dir='ltr'><strong>autem</strong></span> <span class='ocrx_word' id='word_1_525' title='bbox 3351 2327 3483 2394; x_wconf 88' lang='lat' dir='ltr'><strong>quid</strong></span> <span class='ocrx_word' id='word_1_526' title='bbox 3509 2326 3670 2380; x_wconf 86' lang='lat' dir='ltr'><strong>vobis</strong></span> 
     </span>
    </p>
   </div>
   <div class='ocr_carea' id='block_1_67' title="bbox 2085 2412 3671 2486">
    <p class='ocr_par' dir='ltr' id='par_1_67' title="bbox 2085 2412 3671 2486">
     <span class='ocr_line' id='line_1_67' title="bbox 2085 2412 3671 2486; baseline 0.006 -23"><span class='ocrx_word' id='word_1_527' title='bbox 2085 2426 2204 2464; x_wconf 88' lang='lat' dir='ltr'><strong>esse</strong></span> <span class='ocrx_word' id='word_1_528' title='bbox 2239 2412 2505 2465; x_wconf 75' lang='lat' dir='ltr'><strong>videtur“!</strong></span> <span class='ocrx_word' id='word_1_529' title='bbox 2540 2414 2656 2467; x_wconf 86' lang='lat' dir='ltr'><strong>Non</strong></span> <span class='ocrx_word' id='word_1_530' title='bbox 2682 2416 2828 2467; x_wconf 90' lang='lat' dir='ltr'><strong>enim</strong></span> <span class='ocrx_word' id='word_1_531' title='bbox 2860 2426 3007 2469; x_wconf 88' lang='lat' dir='ltr'><strong>certe</strong></span> <span class='ocrx_word' id='word_1_532' title='bbox 3041 2427 3097 2469; x_wconf 90' lang='lat' dir='ltr'><strong>et</strong></span> <span class='ocrx_word' id='word_1_533' title='bbox 3132 2418 3309 2486; x_wconf 87' lang='lat' dir='ltr'><strong>ipsum</strong></span> <span class='ocrx_word' id='word_1_534' title='bbox 3343 2418 3581 2472; x_wconf 73' lang='lat' dir='ltr'><strong>Verbum</strong></span> <span class='ocrx_word' id='word_1_535' title='bbox 3612 2430 3671 2474; x_wconf 90' lang='lat' dir='ltr'><strong>et</strong></span> 
     </span>
    </p>
   </div>
   <div class='ocr_carea' id='block_1_68' title="bbox 2086 2502 3670 2577">
    <p class='ocr_par' dir='ltr' id='par_1_68' title="bbox 2086 2502 3670 2577">
     <span class='ocr_line' id='line_1_68' title="bbox 2086 2502 3670 2577; baseline 0.009 -25"><span class='ocrx_word' id='word_1_536' title='bbox 2086 2516 2306 2554; x_wconf 86' lang='lat' dir='ltr'><strong>carnem</strong></span> <span class='ocrx_word' id='word_1_537' title='bbox 2326 2502 2544 2556; x_wconf 86' lang='lat' dir='ltr'><strong>dicetis.</strong></span> <span class='ocrx_word' id='word_1_538' title='bbox 2575 2504 2629 2557; x_wconf 88' lang='lat' dir='ltr'><strong>Si</strong></span> <span class='ocrx_word' id='word_1_539' title='bbox 2660 2506 2870 2559; x_wconf 87' lang='lat' dir='ltr'><strong>etenim</strong></span> <span class='ocrx_word' id='word_1_540' title='bbox 2892 2516 2949 2560; x_wconf 91' lang='lat' dir='ltr'><strong>et</strong></span> <span class='ocrx_word' id='word_1_541' title='bbox 2983 2508 3100 2576; x_wconf 84' lang='lat' dir='ltr'><strong>ipse</strong></span> <span class='ocrx_word' id='word_1_542' title='bbox 3128 2510 3356 2577; x_wconf 87' lang='lat' dir='ltr'><strong>pariter,</strong></span> <span class='ocrx_word' id='word_1_543' title='bbox 3382 2512 3526 2566; x_wconf 89' lang='lat' dir='ltr'><strong>Deus</strong></span> <span class='ocrx_word' id='word_1_544' title='bbox 3550 2528 3670 2566; x_wconf 86' lang='lat' dir='ltr'><strong>ma-</strong></span> 
     </span>
    </p>
   </div>
   <div class='ocr_carea' id='block_1_69' title="bbox 2085 2589 3671 2662">
    <p class='ocr_par' dir='ltr' id='par_1_69' title="bbox 2085 2589 3671 2662">
     <span class='ocr_line' id='line_1_69' title="bbox 2085 2589 3671 2662; baseline 0.008 -22"><span class='ocrx_word' id='word_1_545' title='bbox 2085 2589 2349 2642; x_wconf 75' lang='lat' dir='ltr'><strong>nifestum</strong></span> <span class='ocrx_word' id='word_1_546' title='bbox 2376 2592 2647 2658; x_wconf 86' lang='lat' dir='ltr'><strong>quodnon</strong></span> <span class='ocrx_word' id='word_1_547' title='bbox 2666 2608 2884 2661; x_wconf 88' lang='lat' dir='ltr'><strong>semper</strong></span> <span class='ocrx_word' id='word_1_548' title='bbox 2916 2595 3306 2662; x_wconf 80' lang='lat' dir='ltr'><strong>l&#39;uitChrisms,</strong></span> <span class='ocrx_word' id='word_1_549' title='bbox 3334 2599 3494 2653; x_wconf 83' lang='lat' dir='ltr'><strong>Deus.</strong></span> <span class='ocrx_word' id='word_1_550' title='bbox 3537 2600 3671 2653; x_wconf 82' lang='lat' dir='ltr'><strong>Nam</strong></span> 
     </span>
    </p>
   </div>
   <div class='ocr_carea' id='block_1_70' title="bbox 2086 2683 3677 2755">
    <p class='ocr_par' dir='ltr' id='par_1_70' title="bbox 2086 2683 3677 2755">
     <span class='ocr_line' id='line_1_70' title="bbox 2086 2683 3677 2755; baseline 0.009 -20"><span class='ocrx_word' id='word_1_551' title='bbox 2086 2683 2345 2737; x_wconf 82' lang='lat' dir='ltr'><strong>eumdem</strong></span> <span class='ocrx_word' id='word_1_552' title='bbox 2376 2685 2565 2739; x_wconf 88' lang='lat' dir='ltr'><strong>.lesum</strong></span> <span class='ocrx_word' id='word_1_553' title='bbox 2606 2702 2772 2755; x_wconf 86' lang='lat' dir='ltr'><strong>quem</strong></span> <span class='ocrx_word' id='word_1_554' title='bbox 2821 2688 3006 2742; x_wconf 87' lang='lat' dir='ltr'><strong>dicitis</strong></span> <span class='ocrx_word' id='word_1_555' title='bbox 3038 2690 3234 2755; x_wconf 89' lang='lat' dir='ltr'><strong>Deum,</strong></span> <span class='ocrx_word' id='word_1_556' title='bbox 3295 2693 3441 2746; x_wconf 91' lang='lat' dir='ltr'><strong>Deus</strong></span> <span class='ocrx_word' id='word_1_557' title='bbox 3478 2695 3677 2750; x_wconf 76' lang='lat' dir='ltr'><strong>recitet</strong></span> 
     </span>
    </p>
   </div>
   <div class='ocr_carea' id='block_1_71' title="bbox 2087 2775 3685 2856">
    <p class='ocr_par' dir='ltr' id='par_1_71' title="bbox 2087 2775 3685 2856">
     <span class='ocr_line' id='line_1_71' title="bbox 2087 2775 3685 2856; baseline 0.008 -29"><span class='ocrx_word' id='word_1_558' title='bbox 2087 2775 2259 2828; x_wconf 91' lang='lat' dir='ltr'><strong>Deum</strong></span> <span class='ocrx_word' id='word_1_559' title='bbox 2291 2785 2347 2830; x_wconf 91' lang='lat' dir='ltr'><strong>et</strong></span> <span class='ocrx_word' id='word_1_560' title='bbox 2378 2777 2662 2832; x_wconf 83' lang='lat' dir='ltr'><strong>Christum</strong></span> <span class='ocrx_word' id='word_1_561' title='bbox 2687 2796 2700 2843; x_wconf 92' lang='lat'>;</span> <span class='ocrx_word' id='word_1_562' title='bbox 2724 2780 2830 2834; x_wconf 84' lang='lat' dir='ltr'><strong>hoc</strong></span> <span class='ocrx_word' id='word_1_563' title='bbox 2851 2782 3000 2835; x_wconf 89' lang='lat' dir='ltr'><strong>clare</strong></span> <span class='ocrx_word' id='word_1_564' title='bbox 3042 2782 3252 2835; x_wconf 85' lang='lat' dir='ltr'><strong>dictqu</strong></span> <span class='ocrx_word' id='word_1_565' title='bbox 3275 2794 3377 2838; x_wconf 87' lang='lat' dir='ltr'><strong>est.</strong></span> <span class='ocrx_word' id='word_1_566' title='bbox 3410 2786 3529 2840; x_wconf 89' lang='lat' dir='ltr'><strong>Non</strong></span> <span class='ocrx_word' id='word_1_567' title='bbox 3545 2802 3685 2856; x_wconf 87' lang='lat' dir='ltr'><strong>ergo</strong></span> 
     </span>
    </p>
   </div>
   <div class='ocr_carea' id='block_1_72' title="bbox 2089 2868 3677 2937">
    <p class='ocr_par' dir='ltr' id='par_1_72' title="bbox 2089 2868 3677 2937">
     <span class='ocr_line' id='line_1_72' title="bbox 2089 2868 3677 2937; baseline 0.007 -17"><span class='ocrx_word' id='word_1_568' title='bbox 2089 2868 2235 2936; x_wconf 92' lang='lat' dir='ltr'><strong>quod</strong></span> <span class='ocrx_word' id='word_1_569' title='bbox 2257 2879 2378 2922; x_wconf 91' lang='lat' dir='ltr'><strong>erat</strong></span> <span class='ocrx_word' id='word_1_570' title='bbox 2394 2870 2554 2924; x_wconf 84' lang='lat' dir='ltr'><strong>Jesus</strong></span> <span class='ocrx_word' id='word_1_571' title='bbox 2578 2872 2693 2925; x_wconf 83' lang='lat' dir='ltr'><strong>sive</strong></span> <span class='ocrx_word' id='word_1_572' title='bbox 2718 2872 3005 2937; x_wconf 89' lang='lat' dir='ltr'><strong>Dominus,</strong></span> <span class='ocrx_word' id='word_1_573' title='bbox 3036 2874 3144 2928; x_wconf 86' lang='lat' dir='ltr'><strong>hoc</strong></span> <span class='ocrx_word' id='word_1_574' title='bbox 3160 2876 3393 2929; x_wconf 84' lang='lat' dir='ltr'><strong>eii&#39;ectus</strong></span> <span class='ocrx_word' id='word_1_575' title='bbox 3411 2891 3495 2930; x_wconf 91' lang='lat' dir='ltr'><strong>est</strong></span> <span class='ocrx_word' id='word_1_576' title='bbox 3516 2876 3677 2931; x_wconf 86' lang='lat' dir='ltr'><strong>Chri-</strong></span> 
     </span>
    </p>
   </div>
   <div class='ocr_carea' id='block_1_73' title="bbox 2088 2962 3671 3037">
    <p class='ocr_par' dir='ltr' id='par_1_73' title="bbox 2088 2962 3671 3037">
     <span class='ocr_line' id='line_1_73' title="bbox 2088 2962 3671 3037; baseline 0.006 -24"><span class='ocrx_word' id='word_1_577' title='bbox 2088 2969 2207 3014; x_wconf 87' lang='lat' dir='ltr'><strong>stus</strong></span> <span class='ocrx_word' id='word_1_578' title='bbox 2234 2975 2298 3013; x_wconf 89' lang='lat' dir='ltr'><strong>ac</strong></span> <span class='ocrx_word' id='word_1_579' title='bbox 2325 2962 2593 3017; x_wconf 89' lang='lat' dir='ltr'><strong>Dominus</strong></span> <span class='ocrx_word' id='word_1_580' title='bbox 2624 2965 2821 3018; x_wconf 80' lang='lat' dir='ltr'><strong>factus.</strong></span> <span class='ocrx_word' id='word_1_581' title='bbox 2858 2966 3032 3019; x_wconf 84' lang='lat' dir='ltr'><strong>Nemo</strong></span> <span class='ocrx_word' id='word_1_582' title='bbox 3065 2968 3214 3020; x_wconf 88' lang='lat' dir='ltr'><strong>enim</strong></span> <span class='ocrx_word' id='word_1_583' title='bbox 3264 2968 3325 3021; x_wconf 88' lang='lat' dir='ltr'><strong>ﬁt</strong></span> <span class='ocrx_word' id='word_1_584' title='bbox 3366 2970 3511 3037; x_wconf 92' lang='lat' dir='ltr'><strong>quod</strong></span> <span class='ocrx_word' id='word_1_585' title='bbox 3538 2980 3626 3025; x_wconf 88' lang='lat' dir='ltr'><strong>est</strong></span> <span class='ocrx_word' id='word_1_586' title='bbox 3656 3011 3671 3023; x_wconf 95' lang='lat'><strong>.</strong></span> 
     </span>
    </p>
   </div>
   <div class='ocr_carea' id='block_1_74' title="bbox 2087 3052 3677 3125">
    <p class='ocr_par' dir='ltr' id='par_1_74' title="bbox 2087 3052 3677 3125">
     <span class='ocr_line' id='line_1_74' title="bbox 2087 3052 3677 3125; baseline 0.008 -20"><span class='ocrx_word' id='word_1_587' title='bbox 2087 3052 2205 3106; x_wconf 83' lang='lat' dir='ltr'><strong>Non</strong></span> <span class='ocrx_word' id='word_1_588' title='bbox 2234 3067 2457 3122; x_wconf 86' lang='lat' dir='ltr'><strong>semper</strong></span> <span class='ocrx_word' id='word_1_589' title='bbox 2513 3057 2681 3124; x_wconf 79' lang='lat' dir='ltr'><strong>igitur</strong></span> <span class='ocrx_word' id='word_1_590' title='bbox 2728 3057 2873 3112; x_wconf 91' lang='lat' dir='ltr'><strong>Deus</strong></span> <span class='ocrx_word' id='word_1_591' title='bbox 2922 3058 3029 3111; x_wconf 80' lang='lat' dir='ltr'><strong>fuit</strong></span> <span class='ocrx_word' id='word_1_592' title='bbox 3080 3059 3263 3125; x_wconf 81' lang='lat' dir='ltr'><strong>Jesus,</strong></span> <span class='ocrx_word' id='word_1_593' title='bbox 3298 3076 3424 3114; x_wconf 91' lang='lat' dir='ltr'><strong>cum</strong></span> <span class='ocrx_word' id='word_1_594' title='bbox 3454 3076 3565 3115; x_wconf 89' lang='lat' dir='ltr'><strong>non</strong></span> <span class='ocrx_word' id='word_1_595' title='bbox 3603 3065 3677 3118; x_wconf 89' lang='lat' dir='ltr'><strong>sit</strong></span> 
     </span>
    </p>
   </div>
   <div class='ocr_carea' id='block_1_75' title="bbox 2088 3143 3678 3214">
    <p class='ocr_par' dir='ltr' id='par_1_75' title="bbox 2088 3143 3678 3214">
     <span class='ocr_line' id='line_1_75' title="bbox 2088 3143 3678 3214; baseline 0.008 -20"><span class='ocrx_word' id='word_1_596' title='bbox 2088 3143 2369 3196; x_wconf 87' lang='lat' dir='ltr'><strong>Dominus.</strong></span> <span class='ocrx_word' id='word_1_597' title='bbox 2402 3143 2457 3197; x_wconf 91' lang='lat' dir='ltr'><strong>Si</strong></span> <span class='ocrx_word' id='word_1_598' title='bbox 2502 3161 2746 3214; x_wconf 84' lang='lat' dir='ltr'><strong>veroque</strong></span> <span class='ocrx_word' id='word_1_599' title='bbox 2809 3148 2972 3204; x_wconf 87' lang='lat' dir='ltr'><strong>Jcsus</strong></span> <span class='ocrx_word' id='word_1_600' title='bbox 3018 3148 3186 3202; x_wconf 92' lang='lat' dir='ltr'><strong>homo</strong></span> <span class='ocrx_word' id='word_1_601' title='bbox 3239 3150 3383 3204; x_wconf 89' lang='lat' dir='ltr'><strong>idem</strong></span> <span class='ocrx_word' id='word_1_602' title='bbox 3420 3151 3678 3207; x_wconf 89' lang='lat' dir='ltr'><strong>Christus</strong></span> 
     </span>
    </p>
   </div>
   <div class='ocr_carea' id='block_1_76' title="bbox 2088 3230 3676 3309">
    <p class='ocr_par' dir='ltr' id='par_1_76' title="bbox 2088 3230 3676 3309">
     <span class='ocr_line' id='line_1_76' title="bbox 2088 3230 3676 3309; baseline 0.008 -25"><span class='ocrx_word' id='word_1_603' title='bbox 2088 3230 2234 3285; x_wconf 90' lang='lat' dir='ltr'><strong>Deus</strong></span> <span class='ocrx_word' id='word_1_604' title='bbox 2272 3232 2434 3286; x_wconf 86' lang='lat' dir='ltr'><strong>vobis</strong></span> <span class='ocrx_word' id='word_1_605' title='bbox 2481 3244 2652 3289; x_wconf 92' lang='lat' dir='ltr'><strong>notus</strong></span> <span class='ocrx_word' id='word_1_606' title='bbox 2682 3243 2769 3288; x_wconf 90' lang='lat' dir='ltr'><strong>est</strong></span> <span class='ocrx_word' id='word_1_607' title='bbox 2796 3277 2810 3299; x_wconf 93' lang='lat'><strong>,</strong></span> <span class='ocrx_word' id='word_1_608' title='bbox 2836 3237 2925 3291; x_wconf 89' lang='lat' dir='ltr'><strong>vel</strong></span> <span class='ocrx_word' id='word_1_609' title='bbox 2969 3238 3147 3292; x_wconf 88' lang='lat' dir='ltr'><strong>solum</strong></span> <span class='ocrx_word' id='word_1_610' title='bbox 3174 3240 3317 3293; x_wconf 91' lang='lat' dir='ltr'><strong>Deus</strong></span> <span class='ocrx_word' id='word_1_611' title='bbox 3342 3240 3451 3294; x_wconf 89' lang='lat' dir='ltr'><strong>erit</strong></span> <span class='ocrx_word' id='word_1_612' title='bbox 3477 3251 3676 3309; x_wconf 89' lang='lat' dir='ltr'><strong>utpote</strong></span> 
     </span>
    </p>
   </div>
   <div class='ocr_carea' id='block_1_77' title="bbox 2091 3321 3687 3401">
    <p class='ocr_par' dir='ltr' id='par_1_77' title="bbox 2091 3321 3687 3401">
     <span class='ocr_line' id='line_1_77' title="bbox 2091 3321 3687 3401; baseline 0.006 -23"><span class='ocrx_word' id='word_1_613' title='bbox 2091 3321 2417 3387; x_wconf 83' lang='lat' dir='ltr'><strong>Verbum,et</strong></span> <span class='ocrx_word' id='word_1_614' title='bbox 2445 3323 2683 3379; x_wconf 80' lang='lat' dir='ltr'><strong>Verbum</strong></span> <span class='ocrx_word' id='word_1_615' title='bbox 2701 3326 2956 3381; x_wconf 82' lang='lat' dir='ltr'><strong>Christus</strong></span> <span class='ocrx_word' id='word_1_616' title='bbox 2981 3338 3037 3383; x_wconf 88' lang='lat' dir='ltr'><strong>et</strong></span> <span class='ocrx_word' id='word_1_617' title='bbox 3066 3339 3194 3385; x_wconf 87' lang='lat' dir='ltr'><strong>ante</strong></span> <span class='ocrx_word' id='word_1_618' title='bbox 3218 3332 3687 3401; x_wconf 87' lang='lat' dir='ltr'><strong>incarnationem,-</strong></span> 
     </span>
    </p>
   </div>
   <div class='ocr_carea' id='block_1_78' title="bbox 2096 3413 3678 3489">
    <p class='ocr_par' dir='ltr' id='par_1_78' title="bbox 2096 3413 3678 3489">
     <span class='ocr_line' id='line_1_78' title="bbox 2096 3413 3678 3489; baseline 0.008 -24"><span class='ocrx_word' id='word_1_619' title='bbox 2096 3413 2183 3466; x_wconf 87' lang='lat' dir='ltr'><strong>vel</strong></span> <span class='ocrx_word' id='word_1_620' title='bbox 2213 3413 2378 3477; x_wconf 90' lang='lat' dir='ltr'><strong>Deus,</strong></span> <span class='ocrx_word' id='word_1_621' title='bbox 2418 3425 2477 3468; x_wconf 87' lang='lat' dir='ltr'><strong>et</strong></span> <span class='ocrx_word' id='word_1_622' title='bbox 2498 3415 2663 3471; x_wconf 87' lang='lat' dir='ltr'><strong>homo</strong></span> <span class='ocrx_word' id='word_1_623' title='bbox 2689 3417 2815 3485; x_wconf 85' lang='lat' dir='ltr'><strong>quis</strong></span> <span class='ocrx_word' id='word_1_624' title='bbox 2842 3418 2983 3472; x_wconf 91' lang='lat' dir='ltr'><strong>alius</strong></span> <span class='ocrx_word' id='word_1_625' title='bbox 3004 3435 3176 3489; x_wconf 87' lang='lat' dir='ltr'><strong>prope</strong></span> <span class='ocrx_word' id='word_1_626' title='bbox 3196 3421 3405 3485; x_wconf 85' lang='lat' dir='ltr'><strong>Jesum,</strong></span> <span class='ocrx_word' id='word_1_627' title='bbox 3432 3432 3486 3476; x_wconf 91' lang='lat' dir='ltr'><strong>et</strong></span> <span class='ocrx_word' id='word_1_628' title='bbox 3512 3437 3678 3478; x_wconf 86' lang='lat' dir='ltr'><strong>erunt</strong></span> 
     </span>
    </p>
   </div>
   <div class='ocr_carea' id='block_1_79' title="bbox 2098 3503 3676 3581">
    <p class='ocr_par' dir='ltr' id='par_1_79' title="bbox 2098 3503 3676 3581">
     <span class='ocr_line' id='line_1_79' title="bbox 2098 3503 3676 3581; baseline 0.008 -24"><span class='ocrx_word' id='word_1_629' title='bbox 2098 3503 2208 3557; x_wconf 88' lang='lat' dir='ltr'><strong>duo</strong></span> <span class='ocrx_word' id='word_1_630' title='bbox 2252 3504 2526 3569; x_wconf 85' lang='lat' dir='ltr'><strong>homines,</strong></span> <span class='ocrx_word' id='word_1_631' title='bbox 2559 3519 2887 3576; x_wconf 85' lang='lat' dir='ltr'><strong>apparentes</strong></span> <span class='ocrx_word' id='word_1_632' title='bbox 2916 3511 2973 3564; x_wconf 89' lang='lat' dir='ltr'><strong>in</strong></span> <span class='ocrx_word' id='word_1_633' title='bbox 3026 3512 3119 3565; x_wconf 91' lang='lat' dir='ltr'><strong>illo</strong></span> <span class='ocrx_word' id='word_1_634' title='bbox 3158 3524 3282 3581; x_wconf 89' lang='lat' dir='ltr'><strong>post</strong></span> <span class='ocrx_word' id='word_1_635' title='bbox 3311 3516 3676 3571; x_wconf 86' lang='lat' dir='ltr'><strong>mutationem</strong></span> 
     </span>
    </p>
   </div>
   <div class='ocr_carea' id='block_1_80' title="bbox 2095 3593 3679 3677">
    <p class='ocr_par' dir='ltr' id='par_1_80' title="bbox 2095 3593 3679 3677">
     <span class='ocr_line' id='line_1_80' title="bbox 2095 3593 3679 3677; baseline 0.01 -30"><span class='ocrx_word' id='word_1_636' title='bbox 2095 3593 2253 3649; x_wconf 87' lang='lat' dir='ltr'><strong>Jesus</strong></span> <span class='ocrx_word' id='word_1_637' title='bbox 2288 3595 2345 3650; x_wconf 85' lang='lat' dir='ltr'><strong>in</strong></span> <span class='ocrx_word' id='word_1_638' title='bbox 2380 3597 2660 3651; x_wconf 86' lang='lat' dir='ltr'><strong>Christum</strong></span> <span class='ocrx_word' id='word_1_639' title='bbox 2687 3616 2920 3667; x_wconf 88' lang='lat' dir='ltr'><strong>quorum</strong></span> <span class='ocrx_word' id='word_1_640' title='bbox 2948 3605 3301 3673; x_wconf 90' lang='lat' dir='ltr'><strong>componitur</strong></span> <span class='ocrx_word' id='word_1_641' title='bbox 3348 3607 3679 3677; x_wconf 65' lang='lat' dir='ltr'><strong>hypostasis,</strong></span> 
     </span>
    </p>
   </div>
   <div class='ocr_carea' id='block_1_81' title="bbox 2099 3687 3690 3755">
    <p class='ocr_par' dir='ltr' id='par_1_81' title="bbox 2099 3687 3690 3755">
     <span class='ocr_line' id='line_1_81' title="bbox 2099 3687 3690 3755; baseline 0.01 -16"><span class='ocrx_word' id='word_1_642' title='bbox 2099 3695 2159 3740; x_wconf 94' lang='lat' dir='ltr'><strong>ut</strong></span> <span class='ocrx_word' id='word_1_643' title='bbox 2208 3687 2411 3755; x_wconf 86' lang='lat' dir='ltr'><strong>dicitis,</strong></span> <span class='ocrx_word' id='word_1_644' title='bbox 2458 3690 2620 3746; x_wconf 84' lang='lat' dir='ltr'><strong>Jesus</strong></span> <span class='ocrx_word' id='word_1_645' title='bbox 2654 3694 2830 3745; x_wconf 76' lang='lat' dir='ltr'><strong>lactus</strong></span> <span class='ocrx_word' id='word_1_646' title='bbox 2859 3694 3117 3749; x_wconf 80' lang='lat' dir='ltr'><strong>Christus</strong></span> <span class='ocrx_word' id='word_1_647' title='bbox 3150 3697 3197 3751; x_wconf 89' lang='lat' dir='ltr'><strong>si</strong></span> <span class='ocrx_word' id='word_1_648' title='bbox 3250 3715 3385 3753; x_wconf 89' lang='lat' dir='ltr'><strong>vero</strong></span> <span class='ocrx_word' id='word_1_649' title='bbox 3423 3699 3690 3755; x_wconf 73' lang='lat' dir='ltr'><strong>Christus</strong></span> 
     </span>
    </p>
   </div>
   <div class='ocr_carea' id='block_1_82' title="bbox 2097 3778 3687 3847">
    <p class='ocr_par' dir='ltr' id='par_1_82' title="bbox 2097 3778 3687 3847">
     <span class='ocr_line' id='line_1_82' title="bbox 2097 3778 3687 3847; baseline 0.009 -15"><span class='ocrx_word' id='word_1_650' title='bbox 2097 3778 2242 3833; x_wconf 89' lang='lat' dir='ltr'><strong>Deus</strong></span> <span class='ocrx_word' id='word_1_651' title='bbox 2266 3791 2322 3835; x_wconf 89' lang='lat' dir='ltr'><strong>et</strong></span> <span class='ocrx_word' id='word_1_652' title='bbox 2344 3782 2511 3836; x_wconf 86' lang='lat' dir='ltr'><strong>homo</strong></span> <span class='ocrx_word' id='word_1_653' title='bbox 2539 3797 2671 3837; x_wconf 89' lang='lat' dir='ltr'><strong>vero</strong></span> <span class='ocrx_word' id='word_1_654' title='bbox 2702 3787 2972 3839; x_wconf 86' lang='lat' dir='ltr'><strong>noscitur.</strong></span> <span class='ocrx_word' id='word_1_655' title='bbox 3007 3787 3074 3840; x_wconf 79' lang='lat' dir='ltr'><strong>Et</strong></span> <span class='ocrx_word' id='word_1_656' title='bbox 3117 3789 3163 3843; x_wconf 87' lang='lat' dir='ltr'><strong>si</strong></span> <span class='ocrx_word' id='word_1_657' title='bbox 3186 3790 3347 3844; x_wconf 83' lang='lat' dir='ltr'><strong>Jesus</strong></span> <span class='ocrx_word' id='word_1_658' title='bbox 3388 3806 3687 3847; x_wconf 70' lang='lat' dir='ltr'><strong>assumens</strong></span> 
     </span>
    </p>
   </div>
   <div class='ocr_carea' id='block_1_83' title="bbox 2096 3866 3687 3947">
    <p class='ocr_par' dir='ltr' id='par_1_83' title="bbox 2096 3866 3687 3947">
     <span class='ocr_line' id='line_1_83' title="bbox 2096 3866 3687 3947; baseline 0.009 -22"><span class='ocrx_word' id='word_1_659' title='bbox 2096 3870 2497 3927; x_wconf 82' lang='lat' dir='ltr'><strong>humanitatem</strong></span> <span class='ocrx_word' id='word_1_660' title='bbox 2536 3874 2771 3927; x_wconf 88' lang='lat' dir='ltr'><strong>alienam</strong></span> <span class='ocrx_word' id='word_1_661' title='bbox 2794 3916 2809 3939; x_wconf 91' lang='lat'><strong>,</strong></span> <span class='ocrx_word' id='word_1_662' title='bbox 2834 3884 2890 3930; x_wconf 90' lang='lat' dir='ltr'><strong>et</strong></span> <span class='ocrx_word' id='word_1_663' title='bbox 2920 3866 3267 3934; x_wconf 81' lang='lat' dir='ltr'><strong>divinitatem</strong></span> <span class='ocrx_word' id='word_1_664' title='bbox 3299 3880 3531 3947; x_wconf 88' lang='lat' dir='ltr'><strong>Christi,</strong></span> <span class='ocrx_word' id='word_1_665' title='bbox 3564 3893 3687 3939; x_wconf 82' lang='lat' dir='ltr'><strong>tres-</strong></span> 
     </span>
    </p>
   </div>
   <div class='ocr_carea' id='block_1_84' title="bbox 2096 3963 3683 4043">
    <p class='ocr_par' dir='ltr' id='par_1_84' title="bbox 2096 3963 3683 4043">
     <span class='ocr_line' id='line_1_84' title="bbox 2096 3963 3683 4043; baseline 0.008 -26"><span class='ocrx_word' id='word_1_666' title='bbox 2096 3963 2348 4018; x_wconf 88' lang='lat' dir='ltr'><strong>homines</strong></span> <span class='ocrx_word' id='word_1_667' title='bbox 2372 3973 2576 4020; x_wconf 87' lang='lat' dir='ltr'><strong>essent.</strong></span> <span class='ocrx_word' id='word_1_668' title='bbox 2624 3965 2878 4021; x_wconf 86' lang='lat' dir='ltr'><strong>Christus</strong></span> <span class='ocrx_word' id='word_1_669' title='bbox 2938 3969 3117 4024; x_wconf 80' lang='lat' dir='ltr'><strong>faetus</strong></span> <span class='ocrx_word' id='word_1_670' title='bbox 3153 3975 3407 4027; x_wconf 85' lang='lat' dir='ltr'><strong>ostendet</strong></span> <span class='ocrx_word' id='word_1_671' title='bbox 3435 3975 3683 4043; x_wconf 40' lang='lat' dir='ltr'><strong>seipsum.</strong></span> 
     </span>
    </p>
   </div>
   <div class='ocr_carea' id='block_1_85' title="bbox 2096 4056 3681 4130">
    <p class='ocr_par' dir='ltr' id='par_1_85' title="bbox 2096 4056 3681 4130">
     <span class='ocr_line' id='line_1_85' title="bbox 2096 4056 3681 4130; baseline 0.007 -20"><span class='ocrx_word' id='word_1_672' title='bbox 2096 4071 2219 4110; x_wconf 88' lang='lat' dir='ltr'><strong>esse</strong></span> <span class='ocrx_word' id='word_1_673' title='bbox 2246 4056 2394 4110; x_wconf 91' lang='lat' dir='ltr'><strong>duos</strong></span> <span class='ocrx_word' id='word_1_674' title='bbox 2422 4059 2577 4121; x_wconf 85' lang='lat' dir='ltr'><strong>deos,</strong></span> <span class='ocrx_word' id='word_1_675' title='bbox 2606 4059 2690 4111; x_wconf 88' lang='lat' dir='ltr'><strong>vel</strong></span> <span class='ocrx_word' id='word_1_676' title='bbox 2725 4058 2885 4113; x_wconf 85' lang='lat' dir='ltr'><strong>Jesus</strong></span> <span class='ocrx_word' id='word_1_677' title='bbox 2908 4064 3380 4130; x_wconf 81' lang='lat' dir='ltr'><strong>argumentatione</strong></span> <span class='ocrx_word' id='word_1_678' title='bbox 3407 4064 3462 4118; x_wconf 90' lang='lat' dir='ltr'><strong>in</strong></span> <span class='ocrx_word' id='word_1_679' title='bbox 3497 4065 3681 4121; x_wconf 76' lang='lat' dir='ltr'><strong>Deuur</strong></span> 
     </span>
    </p>
   </div>
   <div class='ocr_carea' id='block_1_86' title="bbox 2095 4152 3298 4221">
    <p class='ocr_par' dir='ltr' id='par_1_86' title="bbox 2095 4152 3298 4221">
     <span class='ocr_line' id='line_1_86' title="bbox 2095 4152 3298 4221; baseline 0.003 -16"><span class='ocrx_word' id='word_1_680' title='bbox 2095 4160 2151 4205; x_wconf 88' lang='lat' dir='ltr'><strong>et</strong></span> <span class='ocrx_word' id='word_1_681' title='bbox 2173 4152 2455 4206; x_wconf 84' lang='lat' dir='ltr'><strong>hominem</strong></span> <span class='ocrx_word' id='word_1_682' title='bbox 2485 4153 2778 4221; x_wconf 87' lang='lat' dir='ltr'><strong>partietur,</strong></span> <span class='ocrx_word' id='word_1_683' title='bbox 2808 4153 2992 4208; x_wconf 77' lang='lat' dir='ltr'><strong>factus</strong></span> <span class='ocrx_word' id='word_1_684' title='bbox 3015 4154 3298 4209; x_wconf 88' lang='lat' dir='ltr'><strong>Christus.</strong></span> 
     </span>
    </p>
   </div>
   <div class='ocr_carea' id='block_1_87' title="bbox 2166 4336 3684 4411">
    <p class='ocr_par' dir='ltr' id='par_1_87' title="bbox 2166 4336 3684 4411">
     <span class='ocr_line' id='line_1_87' title="bbox 2166 4336 3684 4411; baseline 0.003 -19"><span class='ocrx_word' id='word_1_685' title='bbox 2166 4336 2413 4392; x_wconf 88' lang='lat' dir='ltr'><strong>Dicimus</strong></span> <span class='ocrx_word' id='word_1_686' title='bbox 2427 4352 2559 4393; x_wconf 89' lang='lat' dir='ltr'><strong>vero</strong></span> <span class='ocrx_word' id='word_1_687' title='bbox 2595 4352 2721 4394; x_wconf 92' lang='lat' dir='ltr'><strong>cum</strong></span> <span class='ocrx_word' id='word_1_688' title='bbox 2755 4338 3012 4409; x_wconf 84' lang='lat' dir='ltr'><strong>theologo</strong></span> <span class='ocrx_word' id='word_1_689' title='bbox 3036 4338 3106 4395; x_wconf 93' lang='lat' dir='ltr'><strong>de</strong></span> <span class='ocrx_word' id='word_1_690' title='bbox 3138 4339 3282 4407; x_wconf 85' lang='lat' dir='ltr'><strong>istis,</strong></span> <span class='ocrx_word' id='word_1_691' title='bbox 3316 4341 3463 4411; x_wconf 91' lang='lat' dir='ltr'><strong>quod</strong></span> <span class='ocrx_word' id='word_1_692' title='bbox 3487 4343 3684 4398; x_wconf 65' lang='lat' dir='ltr'><strong>omnis</strong></span> 
     </span>
    </p>
   </div>
   <div class='ocr_carea' id='block_1_88' title="bbox 2092 4430 3679 4503">
    <p class='ocr_par' dir='ltr' id='par_1_88' title="bbox 2092 4430 3679 4503">
     <span class='ocr_line' id='line_1_88' title="bbox 2092 4430 3679 4503; baseline 0.004 -19"><span class='ocrx_word' id='word_1_693' title='bbox 2092 4432 2321 4499; x_wconf 79' lang='lat' dir='ltr'><strong>Spiritus</strong></span> <span class='ocrx_word' id='word_1_694' title='bbox 2341 4431 2434 4500; x_wconf 88' lang='lat' dir='ltr'><strong>qui</strong></span> <span class='ocrx_word' id='word_1_695' title='bbox 2455 4446 2565 4485; x_wconf 91' lang='lat' dir='ltr'><strong>non</strong></span> <span class='ocrx_word' id='word_1_696' title='bbox 2583 4430 2878 4485; x_wconf 87' lang='lat' dir='ltr'><strong>conﬁtetur</strong></span> <span class='ocrx_word' id='word_1_697' title='bbox 2902 4432 2959 4484; x_wconf 91' lang='lat' dir='ltr'><strong>in</strong></span> <span class='ocrx_word' id='word_1_698' title='bbox 2980 4447 3202 4487; x_wconf 89' lang='lat' dir='ltr'><strong>carnem</strong></span> <span class='ocrx_word' id='word_1_699' title='bbox 3217 4432 3402 4488; x_wconf 87' lang='lat' dir='ltr'><strong>Jesum</strong></span> <span class='ocrx_word' id='word_1_700' title='bbox 3427 4436 3679 4503; x_wconf 73' lang='lat' dir='ltr'><strong>venisse,</strong></span> 
     </span>
    </p>
   </div>
   <div class='ocr_carea' id='block_1_89' title="bbox 2093 4524 3683 4588">
    <p class='ocr_par' dir='ltr' id='par_1_89' title="bbox 2093 4524 3683 4588">
     <span class='ocr_line' id='line_1_89' title="bbox 2093 4524 3683 4588; baseline 0.003 -11"><span class='ocrx_word' id='word_1_701' title='bbox 2093 4531 2311 4579; x_wconf 83' lang='lat' dir='ltr'><strong>nonest</strong></span> <span class='ocrx_word' id='word_1_702' title='bbox 2341 4532 2369 4577; x_wconf 80' lang='lat' dir='ltr'><strong>a</strong></span> <span class='ocrx_word' id='word_1_703' title='bbox 2402 4524 2635 4588; x_wconf 90' lang='lat' dir='ltr'><strong>De0,sed</strong></span> <span class='ocrx_word' id='word_1_704' title='bbox 2664 4525 2711 4578; x_wconf 89' lang='lat' dir='ltr'><strong>si</strong></span> <span class='ocrx_word' id='word_1_705' title='bbox 2741 4525 2880 4578; x_wconf 86' lang='lat' dir='ltr'><strong>nihil</strong></span> <span class='ocrx_word' id='word_1_706' title='bbox 2902 4524 3053 4578; x_wconf 90' lang='lat' dir='ltr'><strong>aliud</strong></span> <span class='ocrx_word' id='word_1_707' title='bbox 3076 4526 3294 4579; x_wconf 86' lang='lat' dir='ltr'><strong>nuntiat</strong></span> <span class='ocrx_word' id='word_1_708' title='bbox 3314 4525 3419 4580; x_wconf 92' lang='lat' dir='ltr'><strong>nisi</strong></span> <span class='ocrx_word' id='word_1_709' title='bbox 3440 4527 3683 4581; x_wconf 66' lang='lat' dir='ltr'><strong>verbum</strong></span> 
     </span>
    </p>
   </div>
   <div class='ocr_carea' id='block_1_90' title="bbox 2093 4618 3682 4683">
    <p class='ocr_par' dir='ltr' id='par_1_90' title="bbox 2093 4618 3682 4683">
     <span class='ocr_line' id='line_1_90' title="bbox 2093 4618 3682 4683; baseline 0.004 -11"><span class='ocrx_word' id='word_1_710' title='bbox 2093 4632 2313 4672; x_wconf 87' lang='lat' dir='ltr'><strong>carnem</strong></span> <span class='ocrx_word' id='word_1_711' title='bbox 2326 4618 2795 4673; x_wconf 71' lang='lat' dir='ltr'><strong>factumetlesum</strong></span> <span class='ocrx_word' id='word_1_712' title='bbox 2818 4618 2874 4672; x_wconf 89' lang='lat' dir='ltr'><strong>in</strong></span> <span class='ocrx_word' id='word_1_713' title='bbox 2896 4634 3061 4674; x_wconf 90' lang='lat' dir='ltr'><strong>carne</strong></span> <span class='ocrx_word' id='word_1_714' title='bbox 3085 4621 3321 4683; x_wconf 88' lang='lat' dir='ltr'><strong>venisse,</strong></span> <span class='ocrx_word' id='word_1_715' title='bbox 3344 4622 3571 4677; x_wconf 86' lang='lat' dir='ltr'><strong>evidens</strong></span> <span class='ocrx_word' id='word_1_716' title='bbox 3584 4630 3682 4678; x_wconf 59' lang='lat' dir='ltr'><strong>ese</strong></span> 
     </span>
    </p>
   </div>
   <div class='ocr_carea' id='block_1_91' title="bbox 410 4707 1987 4787">
    <p class='ocr_par' dir='ltr' id='par_1_91' title="bbox 410 4707 1987 4787">
     <span class='ocr_line' id='line_1_91' title="bbox 410 4707 1987 4787; baseline -0.003 -17"><span class='ocrx_word' id='word_1_717' title='bbox 410 4716 621 4787; x_wconf 88' lang='grc' dir='ltr'>Ἰησοῦν</span> <span class='ocrx_word' id='word_1_718' title='bbox 647 4718 705 4768; x_wconf 89' lang='grc' dir='ltr'><strong>ἐν</strong></span> <span class='ocrx_word' id='word_1_719' title='bbox 729 4716 893 4785; x_wconf 77' lang='grc' dir='ltr'>σαρκὶ</span> <span class='ocrx_word' id='word_1_720' title='bbox 914 4715 1231 4786; x_wconf 79' lang='grc' dir='ltr'>ἐληλυθότα,</span> <span class='ocrx_word' id='word_1_721' title='bbox 1263 4713 1423 4784; x_wconf 81' lang='grc' dir='ltr'>δῆλον</span> <span class='ocrx_word' id='word_1_722' title='bbox 1445 4713 1521 4777; x_wconf 87' lang='grc' dir='ltr'>ὡς</span> <span class='ocrx_word' id='word_1_723' title='bbox 1537 4714 1628 4766; x_wconf 87' lang='grc' dir='ltr'><strong>τὸν</strong></span> <span class='ocrx_word' id='word_1_724' title='bbox 1659 4713 1820 4765; x_wconf 80' lang='grc' dir='ltr'>αὐτὸν</span> <span class='ocrx_word' id='word_1_725' title='bbox 1848 4707 1987 4766; x_wconf 84' lang='grc' dir='ltr'>οἶδεν</span> 
     </span>
    </p>
   </div>
   <div class='ocr_carea' id='block_1_92' title="bbox 2088 4707 3683 4787">
    <p class='ocr_par' dir='ltr' id='par_1_92' title="bbox 2094 4711 3683 4787">
     <span class='ocr_line' id='line_1_92' title="bbox 2094 4711 3683 4787; baseline 0.005 -23"><span class='ocrx_word' id='word_1_726' title='bbox 2094 4711 2239 4781; x_wconf 89' lang='lat' dir='ltr'><strong>quod</strong></span> <span class='ocrx_word' id='word_1_727' title='bbox 2258 4712 2413 4766; x_wconf 89' lang='lat' dir='ltr'><strong>novit</strong></span> <span class='ocrx_word' id='word_1_728' title='bbox 2428 4712 2605 4781; x_wconf 89' lang='lat' dir='ltr'><strong>ipsum</strong></span> <span class='ocrx_word' id='word_1_729' title='bbox 2619 4713 2804 4768; x_wconf 88' lang='lat' dir='ltr'><strong>Jesum</strong></span> <span class='ocrx_word' id='word_1_730' title='bbox 2821 4713 2876 4767; x_wconf 92' lang='lat' dir='ltr'><strong>in</strong></span> <span class='ocrx_word' id='word_1_731' title='bbox 2890 4713 3110 4769; x_wconf 87' lang='lat' dir='ltr'><strong>Christo</strong></span> <span class='ocrx_word' id='word_1_732' title='bbox 3124 4714 3473 4783; x_wconf 23' lang='lat' dir='ltr'><strong>et‘Christum</strong></span> <span class='ocrx_word' id='word_1_733' title='bbox 3489 4716 3683 4787; x_wconf 67' lang='lat' dir='ltr'><strong>ipsum</strong></span> 
     </span>
    </p>
   </div>
   <div class='ocr_carea' id='block_1_93' title="bbox 408 4802 1987 4880">
    <p class='ocr_par' dir='ltr' id='par_1_93' title="bbox 408 4802 1987 4880">
     <span class='ocr_line' id='line_1_93' title="bbox 408 4802 1987 4880; baseline -0.004 -19"><span class='ocrx_word' id='word_1_734' title='bbox 408 4806 618 4880; x_wconf 86' lang='grc' dir='ltr'>Ἰησοῦν</span> <span class='ocrx_word' id='word_1_735' title='bbox 644 4806 722 4878; x_wconf 84' lang='grc' dir='ltr'>τῷ</span> <span class='ocrx_word' id='word_1_736' title='bbox 750 4805 992 4879; x_wconf 83' lang='grc' dir='ltr'>Χριστῷ,</span> <span class='ocrx_word' id='word_1_737' title='bbox 1013 4807 1108 4859; x_wconf 78' lang='grc' dir='ltr'><strong>καὶ</strong></span> <span class='ocrx_word' id='word_1_738' title='bbox 1131 4805 1365 4876; x_wconf 86' lang='grc' dir='ltr'>Χριστὸν</span> <span class='ocrx_word' id='word_1_739' title='bbox 1398 4805 1488 4858; x_wconf 86' lang='grc' dir='ltr'><strong>τὸν</strong></span> <span class='ocrx_word' id='word_1_740' title='bbox 1518 4803 1679 4857; x_wconf 88' lang='grc' dir='ltr'>αὐτὸν</span> <span class='ocrx_word' id='word_1_741' title='bbox 1698 4802 1773 4873; x_wconf 82' lang='grc' dir='ltr'><strong>τῷ</strong></span> <span class='ocrx_word' id='word_1_742' title='bbox 1794 4804 1955 4874; x_wconf 87' lang='grc' dir='ltr'>Λόγῳ</span> <span class='ocrx_word' id='word_1_743' title='bbox 1975 4819 1987 4832; x_wconf 75' lang='grc' dir='ltr'><strong>ο</strong></span> 
     </span>
    </p>
   </div>
   <div class='ocr_carea' id='block_1_94' title="bbox 408 4896 1990 4971">
    <p class='ocr_par' dir='ltr' id='par_1_94' title="bbox 408 4896 1990 4971">
     <span class='ocr_line' id='line_1_94' title="bbox 408 4896 1990 4971; baseline -0.003 -18"><span class='ocrx_word' id='word_1_744' title='bbox 408 4900 647 4971; x_wconf 80' lang='grc' dir='ltr'>Χριστός</span> <span class='ocrx_word' id='word_1_745' title='bbox 674 4916 739 4952; x_wconf 89' lang='grc' dir='ltr'><strong>τε</strong></span> <span class='ocrx_word' id='word_1_746' title='bbox 770 4900 880 4971; x_wconf 85' lang='grc' dir='ltr'><strong>γὰρ</strong></span> <span class='ocrx_word' id='word_1_747' title='bbox 910 4900 1012 4951; x_wconf 86' lang='grc' dir='ltr'>οὐκ</span> <span class='ocrx_word' id='word_1_748' title='bbox 1051 4897 1277 4952; x_wconf 79' lang='grc' dir='ltr'>ἄλλοθεν</span> <span class='ocrx_word' id='word_1_749' title='bbox 1317 4897 1561 4965; x_wconf 83' lang='grc' dir='ltr'>λέγεται,</span> <span class='ocrx_word' id='word_1_750' title='bbox 1597 4896 1630 4967; x_wconf 83' lang='grc' dir='ltr'>ἢ</span> <span class='ocrx_word' id='word_1_751' title='bbox 1663 4897 1753 4949; x_wconf 85' lang='grc' dir='ltr'>διὰ</span> <span class='ocrx_word' id='word_1_752' title='bbox 1794 4897 1855 4949; x_wconf 89' lang='grc' dir='ltr'><strong>τὸ</strong></span> <span class='ocrx_word' id='word_1_753' title='bbox 1895 4912 1990 4949; x_wconf 85' lang='grc' dir='ltr'>κε-</span> 
     </span>
    </p>
   </div>
   <div class='ocr_carea' id='block_1_95' title="bbox 408 4988 1987 5064">
    <p class='ocr_par' dir='ltr' id='par_1_95' title="bbox 408 4988 1987 5064">
     <span class='ocr_line' id='line_1_95' title="bbox 408 4988 1987 5064; baseline -0.004 -19"><span class='ocrx_word' id='word_1_754' title='bbox 408 4993 652 5064; x_wconf 80' lang='grc' dir='ltr'>χρίσθαι,</span> <span class='ocrx_word' id='word_1_755' title='bbox 711 4993 805 5046; x_wconf 73' lang='grc' dir='ltr'>καὶ</span> <span class='ocrx_word' id='word_1_756' title='bbox 857 4990 1174 5044; x_wconf 87' lang='grc' dir='ltr'>πιαίνεσθαι</span> <span class='ocrx_word' id='word_1_757' title='bbox 1220 4992 1286 5061; x_wconf 79' lang='grc' dir='ltr'>τῇ</span> <span class='ocrx_word' id='word_1_758' title='bbox 1324 4989 1545 5057; x_wconf 81' lang='grc' dir='ltr'>θεότητι</span> <span class='ocrx_word' id='word_1_759' title='bbox 1599 4988 1694 5040; x_wconf 90' lang='grc' dir='ltr'><strong>τοῦ</strong></span> <span class='ocrx_word' id='word_1_760' title='bbox 1744 4988 1987 5058; x_wconf 80' lang='grc' dir='ltr'>Λόγουή</span> 
     </span>
    </p>
   </div>
   <div class='ocr_carea' id='block_1_96' title="bbox 409 5081 1988 5159">
    <p class='ocr_par' dir='ltr' id='par_1_96' title="bbox 409 5081 1988 5159">
     <span class='ocr_line' id='line_1_96' title="bbox 409 5081 1988 5159; baseline -0.005 -18"><span class='ocrx_word' id='word_1_761' title='bbox 409 5088 584 5159; x_wconf 80' lang='grc' dir='ltr'>σάρξ·</span> <span class='ocrx_word' id='word_1_762' title='bbox 620 5089 717 5140; x_wconf 81' lang='grc' dir='ltr'>καὶ</span> <span class='ocrx_word' id='word_1_763' title='bbox 747 5085 993 5157; x_wconf 86' lang='grc' dir='ltr'>Ἰησοῦς,</span> <span class='ocrx_word' id='word_1_764' title='bbox 1032 5086 1061 5138; x_wconf 85' lang='grc' dir='ltr'>ὅ</span> <span class='ocrx_word' id='word_1_765' title='bbox 1107 5086 1223 5137; x_wconf 85' lang='grc' dir='ltr'>ἐστι</span> <span class='ocrx_word' id='word_1_766' title='bbox 1294 5083 1483 5154; x_wconf 87' lang='grc' dir='ltr'>Σωτὴρ</span> <span class='ocrx_word' id='word_1_767' title='bbox 1508 5121 1524 5146; x_wconf 89' lang='grc'><strong>,</strong></span> <span class='ocrx_word' id='word_1_768' title='bbox 1578 5083 1676 5152; x_wconf 88' lang='grc' dir='ltr'>ούχ</span> <span class='ocrx_word' id='word_1_769' title='bbox 1721 5081 1988 5152; x_wconf 77' lang='grc' dir='ltr'>ἑτέρωθεν</span> 
     </span>
    </p>
   </div>
   <div class='ocr_carea' id='block_1_97' title="bbox 408 5172 1985 5249">
    <p class='ocr_par' dir='ltr' id='par_1_97' title="bbox 408 5172 1985 5249">
     <span class='ocr_line' id='line_1_97' title="bbox 408 5172 1985 5249; baseline -0.004 -17"><span class='ocrx_word' id='word_1_770' title='bbox 408 5181 693 5248; x_wconf 81' lang='grc' dir='ltr'>κέκληται,</span> <span class='ocrx_word' id='word_1_771' title='bbox 724 5178 756 5249; x_wconf 79' lang='grc' dir='ltr'>ἢ</span> <span class='ocrx_word' id='word_1_772' title='bbox 786 5177 875 5230; x_wconf 86' lang='grc' dir='ltr'>διὰ</span> <span class='ocrx_word' id='word_1_773' title='bbox 903 5176 964 5229; x_wconf 90' lang='grc' dir='ltr'><strong>τὸ</strong></span> <span class='ocrx_word' id='word_1_774' title='bbox 995 5177 1264 5246; x_wconf 88' lang='grc' dir='ltr'>σωτήριον</span> <span class='ocrx_word' id='word_1_775' title='bbox 1296 5174 1441 5243; x_wconf 75' lang='grc' dir='ltr'>ἔχειν</span> <span class='ocrx_word' id='word_1_776' title='bbox 1467 5175 1707 5242; x_wconf 78' lang='grc' dir='ltr'>φυσικὴν</span> <span class='ocrx_word' id='word_1_777' title='bbox 1736 5172 1985 5242; x_wconf 88' lang='grc' dir='ltr'>δύναμιν·</span> 
     </span>
    </p>
   </div>
   <div class='ocr_carea' id='block_1_98' title="bbox 404 5260 1987 5335">
    <p class='ocr_par' dir='ltr' id='par_1_98' title="bbox 404 5260 1987 5335">
     <span class='ocr_line' id='line_1_98' title="bbox 404 5260 1987 5335; baseline 0.008 -18"><span class='ocrx_word' id='word_1_778' title='bbox 404 5265 579 5328; x_wconf 76' lang='grc' dir='ltr'>οὕτως</span> <span class='ocrx_word' id='word_1_779' title='bbox 611 5266 721 5335; x_wconf 80' lang='grc' dir='ltr'>γὰρ</span> <span class='ocrx_word' id='word_1_780' title='bbox 750 5262 916 5317; x_wconf 81' lang='grc' dir='ltr'>αὑτοῦ</span> <span class='ocrx_word' id='word_1_781' title='bbox 948 5264 1043 5317; x_wconf 71' lang='grc' dir='ltr'><strong>καὶ</strong></span> <span class='ocrx_word' id='word_1_782' title='bbox 1074 5265 1102 5316; x_wconf 89' lang='lat'><strong>6</strong></span> <span class='ocrx_word' id='word_1_783' title='bbox 1132 5263 1364 5330; x_wconf 78' lang='grc' dir='ltr'>ἄγγελος</span> <span class='ocrx_word' id='word_1_784' title='bbox 1380 5261 1480 5332; x_wconf 76' lang='grc' dir='ltr'><strong>τὴν</strong></span> <span class='ocrx_word' id='word_1_785' title='bbox 1502 5263 1827 5332; x_wconf 74' lang='grc' dir='ltr'>φερώνυμον</span> <span class='ocrx_word' id='word_1_786' title='bbox 1852 5260 1987 5332; x_wconf 81' lang='grc' dir='ltr'><strong>κλῆ·</strong></span> 
     </span>
    </p>
   </div>
   <div class='ocr_carea' id='block_1_99' title="bbox 407 5353 1988 5428">
    <p class='ocr_par' dir='ltr' id='par_1_99' title="bbox 407 5353 1988 5428">
     <span class='ocr_line' id='line_1_99' title="bbox 407 5353 1988 5428; baseline -0.003 -17"><span class='ocrx_word' id='word_1_787' title='bbox 407 5374 493 5411; x_wconf 84' lang='grc' dir='ltr'><strong>σιν</strong></span> <span class='ocrx_word' id='word_1_788' title='bbox 511 5355 823 5428; x_wconf 83' lang='grc' dir='ltr'>ἐξηγήσατο</span> <span class='ocrx_word' id='word_1_789' title='bbox 843 5356 1020 5424; x_wconf 81' lang='grc' dir='ltr'>λέγων</span> <span class='ocrx_word' id='word_1_790' title='bbox 1037 5370 1049 5383; x_wconf 85' lang='lat'><strong>&#39;</strong></span> <span class='ocrx_word' id='word_1_791' title='bbox 1066 5374 1085 5407; x_wconf 72' lang='grc' dir='ltr'><strong>ι</strong></span> <span class='ocrx_word' id='word_1_792' title='bbox 1108 5356 1219 5407; x_wconf 69' lang='grc' dir='ltr'><strong>Καὶ</strong></span> <span class='ocrx_word' id='word_1_793' title='bbox 1242 5354 1527 5407; x_wconf 83' lang='grc' dir='ltr'>καλέσουσι</span> <span class='ocrx_word' id='word_1_794' title='bbox 1546 5354 1608 5406; x_wconf 86' lang='grc' dir='ltr'><strong>τὸ</strong></span> <span class='ocrx_word' id='word_1_795' title='bbox 1632 5353 1802 5424; x_wconf 81' lang='grc' dir='ltr'>ὄνομα</span> <span class='ocrx_word' id='word_1_796' title='bbox 1825 5353 1988 5406; x_wconf 85' lang='grc' dir='ltr'>αὑτοῦ</span> 
     </span>
    </p>
   </div>
   <div class='ocr_carea' id='block_1_100' title="bbox 406 5444 1989 5531">
    <p class='ocr_par' dir='ltr' id='par_1_100' title="bbox 406 5444 1989 5531">
     <span class='ocr_line' id='line_1_100' title="bbox 406 5444 1989 5531; baseline -0.004 -28"><span class='ocrx_word' id='word_1_797' title='bbox 406 5449 639 5521; x_wconf 76' lang='grc' dir='ltr'>Ἰησοῦν-</span> <span class='ocrx_word' id='word_1_798' title='bbox 675 5448 840 5510; x_wconf 80' lang='grc' dir='ltr'>αὐτὸς</span> <span class='ocrx_word' id='word_1_799' title='bbox 882 5449 993 5518; x_wconf 86' lang='grc' dir='ltr'>γὰρ</span> <span class='ocrx_word' id='word_1_800' title='bbox 1042 5446 1206 5531; x_wconf 68' lang='grc' dir='ltr'>σώσει</span> <span class='ocrx_word' id='word_1_801' title='bbox 1250 5445 1340 5497; x_wconf 84' lang='grc' dir='ltr'><strong>τὸν</strong></span> <span class='ocrx_word' id='word_1_802' title='bbox 1378 5444 1506 5497; x_wconf 89' lang='grc' dir='ltr'>λαὸν</span> <span class='ocrx_word' id='word_1_803' title='bbox 1536 5444 1701 5498; x_wconf 82' lang='grc' dir='ltr'>αὐτοῦ</span> <span class='ocrx_word' id='word_1_804' title='bbox 1738 5446 1845 5497; x_wconf 86' lang='grc' dir='ltr'>ἀπὸ</span> <span class='ocrx_word' id='word_1_805' title='bbox 1881 5444 1989 5498; x_wconf 82' lang='grc' dir='ltr'><strong>τῶν</strong></span> 
     </span>
    </p>
   </div>
   <div class='ocr_carea' id='block_1_101' title="bbox 405 5533 1985 5611">
    <p class='ocr_par' dir='ltr' id='par_1_101' title="bbox 405 5533 1985 5611">
     <span class='ocr_line' id='line_1_101' title="bbox 405 5533 1985 5611; baseline -0.005 -16"><span class='ocrx_word' id='word_1_806' title='bbox 405 5539 693 5611; x_wconf 80' lang='grc' dir='ltr'>ἁμαρτιῶν</span> <span class='ocrx_word' id='word_1_807' title='bbox 714 5538 913 5593; x_wconf 82' lang='grc' dir='ltr'>αὐτῶν.</span> <span class='ocrx_word' id='word_1_808' title='bbox 949 5557 967 5588; x_wconf 75' lang='grc' dir='ltr'><strong>ι</strong></span> <span class='ocrx_word' id='word_1_809' title='bbox 1032 5537 1091 5590; x_wconf 82' lang='lat'><strong>&#39;0</strong></span> <span class='ocrx_word' id='word_1_810' title='bbox 1114 5535 1205 5589; x_wconf 75' lang='grc' dir='ltr'><strong>οὖν</strong></span> <span class='ocrx_word' id='word_1_811' title='bbox 1240 5535 1379 5605; x_wconf 78' lang='grc' dir='ltr'>ἔχων</span> <span class='ocrx_word' id='word_1_812' title='bbox 1408 5533 1660 5605; x_wconf 86' lang='grc' dir='ltr'>δύναμιν,</span> <span class='ocrx_word' id='word_1_813' title='bbox 1712 5535 1775 5587; x_wconf 81' lang='grc' dir='ltr'><strong>οὐ</strong></span> <span class='ocrx_word' id='word_1_814' title='bbox 1824 5534 1985 5604; x_wconf 86' lang='grc' dir='ltr'>μόνον</span> 
     </span>
    </p>
   </div>
   <div class='ocr_carea' id='block_1_102' title="bbox 404 5627 1984 5703">
    <p class='ocr_par' dir='ltr' id='par_1_102' title="bbox 404 5627 1984 5703">
     <span class='ocr_line' id='line_1_102' title="bbox 404 5627 1984 5703; baseline -0.006 -17"><span class='ocrx_word' id='word_1_815' title='bbox 404 5633 500 5687; x_wconf 90' lang='grc' dir='ltr'><strong>τοῦ</strong></span> <span class='ocrx_word' id='word_1_816' title='bbox 536 5633 611 5703; x_wconf 86' lang='grc' dir='ltr'>μὴ</span> <span class='ocrx_word' id='word_1_817' title='bbox 649 5628 1171 5703; x_wconf 79' lang='grc' dir='ltr'>ἁμαρτάνειν,’ἀλλὰ</span> <span class='ocrx_word' id='word_1_818' title='bbox 1191 5631 1286 5683; x_wconf 72' lang='grc' dir='ltr'>καὶ</span> <span class='ocrx_word' id='word_1_819' title='bbox 1310 5628 1634 5700; x_wconf 83' lang='grc' dir='ltr'>λυτροῦσθαι</span> <span class='ocrx_word' id='word_1_820' title='bbox 1663 5627 1774 5680; x_wconf 83' lang='grc' dir='ltr'><strong>τῶν</strong></span> <span class='ocrx_word' id='word_1_821' title='bbox 1803 5628 1984 5697; x_wconf 86' lang='grc' dir='ltr'>ἁμαρ-</span> 
     </span>
    </p>
   </div>
   <div class='ocr_carea' id='block_1_103' title="bbox 403 5721 1980 5794">
    <p class='ocr_par' dir='ltr' id='par_1_103' title="bbox 403 5721 1980 5794">
     <span class='ocr_line' id='line_1_103' title="bbox 403 5721 1980 5794; baseline -0.004 -15"><span class='ocrx_word' id='word_1_822' title='bbox 403 5726 556 5792; x_wconf 85' lang='grc' dir='ltr'>τιῶν,</span> <span class='ocrx_word' id='word_1_823' title='bbox 589 5726 675 5789; x_wconf 86' lang='grc' dir='ltr'><strong>τίς</strong></span> <span class='ocrx_word' id='word_1_824' title='bbox 704 5726 770 5778; x_wconf 90' lang='grc' dir='ltr'><strong>ἂν</strong></span> <span class='ocrx_word' id='word_1_825' title='bbox 810 5723 895 5794; x_wconf 77' lang='grc' dir='ltr'>εἴη</span> <span class='ocrx_word' id='word_1_826' title='bbox 931 5725 1030 5793; x_wconf 84' lang='grc' dir='ltr'><strong>τὴν</strong></span> <span class='ocrx_word' id='word_1_827' title='bbox 1063 5722 1247 5793; x_wconf 79' lang='grc' dir='ltr'>φύσιν,</span> <span class='ocrx_word' id='word_1_828' title='bbox 1278 5726 1326 5776; x_wconf 84' lang='grc' dir='ltr'>εἰ</span> <span class='ocrx_word' id='word_1_829' title='bbox 1369 5723 1444 5794; x_wconf 83' lang='grc' dir='ltr'><strong>μὴ</strong></span> <span class='ocrx_word' id='word_1_830' title='bbox 1476 5722 1645 5787; x_wconf 86' lang='grc' dir='ltr'>Θεός;</span> <span class='ocrx_word' id='word_1_831' title='bbox 1680 5721 1851 5774; x_wconf 89' lang='grc' dir='ltr'>Τοῦτο</span> <span class='ocrx_word' id='word_1_832' title='bbox 1872 5722 1980 5790; x_wconf 77' lang='grc' dir='ltr'><strong>γὰρ</strong></span> 
     </span>
    </p>
   </div>
   <div class='ocr_carea' id='block_1_104' title="bbox 404 5811 1981 5887">
    <p class='ocr_par' dir='ltr' id='par_1_104' title="bbox 404 5811 1981 5887">
     <span class='ocr_line' id='line_1_104' title="bbox 404 5811 1981 5887; baseline -0.003 -16"><span class='ocrx_word' id='word_1_833' title='bbox 404 5816 772 5872; x_wconf 80' lang='grc' dir='ltr'>ούδέἸουδαῖοι</span> <span class='ocrx_word' id='word_1_834' title='bbox 800 5815 1099 5887; x_wconf 58' lang='grc' dir='ltr'>ἢγνόησαν,</span> <span class='ocrx_word' id='word_1_835' title='bbox 1118 5815 1366 5880; x_wconf 80' lang='grc' dir='ltr'>εἰπόντες</span> <span class='ocrx_word' id='word_1_836' title='bbox 1398 5816 1480 5869; x_wconf 82' lang='grc' dir='ltr'>ὅτι</span> <span class='ocrx_word' id='word_1_837' title='bbox 1513 5813 1730 5878; x_wconf 74' lang='grc' dir='ltr'>ιΟύδεὶς</span> <span class='ocrx_word' id='word_1_838' title='bbox 1753 5811 1981 5867; x_wconf 86' lang='grc' dir='ltr'>δύναται</span> 
     </span>
    </p>
   </div>
   <div class='ocr_carea' id='block_1_105' title="bbox 481 5951 879 6015">
    <p class='ocr_par' dir='ltr' id='par_1_105' title="bbox 481 5951 879 6015">
     <span class='ocr_line' id='line_1_105' title="bbox 481 5951 879 6015; baseline -0.005 -8"><span class='ocrx_word' id='word_1_839' title='bbox 481 5963 518 5990; x_wconf 71' lang='grc' dir='ltr'><strong>οι</strong></span> <span class='ocrx_word' id='word_1_840' title='bbox 547 5953 679 6007; x_wconf 84' lang='lat' dir='ltr'><strong>Luc.</strong></span> <span class='ocrx_word' id='word_1_841' title='bbox 706 5968 759 6015; x_wconf 89' lang='lat' dir='ltr'><strong>v,</strong></span> <span class='ocrx_word' id='word_1_842' title='bbox 789 5951 879 6005; x_wconf 66' lang='grc'><strong>21.</strong></span> 
     </span>
    </p>
   </div>
   <div class='ocr_carea' id='block_1_106' title="bbox 2092 4804 3639 4873">
    <p class='ocr_par' dir='ltr' id='par_1_106' title="bbox 2092 4804 3639 4873">
     <span class='ocr_line' id='line_1_106' title="bbox 2092 4804 3639 4873; baseline 0.005 -16"><span class='ocrx_word' id='word_1_843' title='bbox 2092 4804 2149 4858; x_wconf 89' lang='lat' dir='ltr'><strong>in</strong></span> <span class='ocrx_word' id='word_1_844' title='bbox 2176 4804 2378 4859; x_wconf 75' lang='lat' dir='ltr'><strong>Verbo.</strong></span> <span class='ocrx_word' id='word_1_845' title='bbox 2406 4805 2543 4859; x_wconf 88' lang='lat' dir='ltr'><strong>Nam</strong></span> <span class='ocrx_word' id='word_1_846' title='bbox 2590 4804 2849 4861; x_wconf 87' lang='lat' dir='ltr'><strong>Christus</strong></span> <span class='ocrx_word' id='word_1_847' title='bbox 2894 4823 3006 4861; x_wconf 90' lang='lat' dir='ltr'><strong>non</strong></span> <span class='ocrx_word' id='word_1_848' title='bbox 3028 4807 3252 4863; x_wconf 88' lang='lat' dir='ltr'><strong>aliunde</strong></span> <span class='ocrx_word' id='word_1_849' title='bbox 3279 4808 3505 4873; x_wconf 89' lang='lat' dir='ltr'><strong>dicitur,</strong></span> <span class='ocrx_word' id='word_1_850' title='bbox 3533 4811 3639 4864; x_wconf 90' lang='lat' dir='ltr'><strong>nisi</strong></span> 
     </span>
    </p>
   </div>
   <div class='ocr_carea' id='block_1_107' title="bbox 2089 4896 3681 4965">
    <p class='ocr_par' dir='ltr' id='par_1_107' title="bbox 2089 4896 3681 4965">
     <span class='ocr_line' id='line_1_107' title="bbox 2089 4896 3681 4965; baseline 0.004 -18"><span class='ocrx_word' id='word_1_851' title='bbox 2089 4896 2219 4965; x_wconf 87' lang='lat' dir='ltr'><strong>quia</strong></span> <span class='ocrx_word' id='word_1_852' title='bbox 2241 4911 2368 4950; x_wconf 86' lang='lat' dir='ltr'><strong>caro</strong></span> <span class='ocrx_word' id='word_1_853' title='bbox 2383 4897 2549 4952; x_wconf 76' lang='lat' dir='ltr'><strong>Verbi</strong></span> <span class='ocrx_word' id='word_1_854' title='bbox 2567 4908 2734 4954; x_wconf 86' lang='lat' dir='ltr'><strong>uncta</strong></span> <span class='ocrx_word' id='word_1_855' title='bbox 2752 4898 2852 4953; x_wconf 84' lang='lat' dir='ltr'><strong>fuit</strong></span> <span class='ocrx_word' id='word_1_856' title='bbox 2873 4908 2933 4952; x_wconf 91' lang='lat' dir='ltr'><strong>ut</strong></span> <span class='ocrx_word' id='word_1_857' title='bbox 2949 4908 3107 4954; x_wconf 87' lang='lat' dir='ltr'><strong>aucta</strong></span> <span class='ocrx_word' id='word_1_858' title='bbox 3125 4900 3494 4964; x_wconf 85' lang='lat' dir='ltr'><strong>divinitate,et</strong></span> <span class='ocrx_word' id='word_1_859' title='bbox 3507 4900 3681 4955; x_wconf 77' lang='lat' dir='ltr'><strong>Jesus</strong></span> 
     </span>
    </p>
   </div>
   <div class='ocr_carea' id='block_1_108' title="bbox 2089 4988 3681 5060">
    <p class='ocr_par' dir='ltr' id='par_1_108' title="bbox 2089 4988 3681 5060">
     <span class='ocr_line' id='line_1_108' title="bbox 2089 4988 3681 5060; baseline 0.003 -20"><span class='ocrx_word' id='word_1_860' title='bbox 2089 4988 2183 5056; x_wconf 92' lang='lat' dir='ltr'><strong>qui</strong></span> <span class='ocrx_word' id='word_1_861' title='bbox 2215 4997 2299 5042; x_wconf 88' lang='lat' dir='ltr'><strong>est</strong></span> <span class='ocrx_word' id='word_1_862' title='bbox 2325 4989 2596 5054; x_wconf 84' lang='lat' dir='ltr'><strong>Salvator,</strong></span> <span class='ocrx_word' id='word_1_863' title='bbox 2622 5006 2734 5044; x_wconf 92' lang='lat' dir='ltr'><strong>non</strong></span> <span class='ocrx_word' id='word_1_864' title='bbox 2759 4990 2982 5045; x_wconf 83' lang='lat' dir='ltr'><strong>aliunde</strong></span> <span class='ocrx_word' id='word_1_865' title='bbox 3021 4993 3360 5053; x_wconf 87' lang='lat' dir='ltr'><strong>nominatur,</strong></span> <span class='ocrx_word' id='word_1_866' title='bbox 3408 4992 3513 5045; x_wconf 91' lang='lat' dir='ltr'><strong>nisi</strong></span> <span class='ocrx_word' id='word_1_867' title='bbox 3536 4992 3681 5060; x_wconf 31' lang='lat' dir='ltr'><strong>quia.</strong></span> 
     </span>
    </p>
   </div>
   <div class='ocr_carea' id='block_1_109' title="bbox 2090 5083 3673 5153">
    <p class='ocr_par' dir='ltr' id='par_1_109' title="bbox 2090 5083 3673 5153">
     <span class='ocr_line' id='line_1_109' title="bbox 2090 5083 3673 5153; baseline 0.002 -19"><span class='ocrx_word' id='word_1_868' title='bbox 2090 5090 2317 5151; x_wconf 91' lang='lat' dir='ltr'><strong>propter</strong></span> <span class='ocrx_word' id='word_1_869' title='bbox 2362 5084 2594 5137; x_wconf 72' lang='lat' dir='ltr'><strong>salutem</strong></span> <span class='ocrx_word' id='word_1_870' title='bbox 2631 5083 2799 5137; x_wconf 86' lang='lat' dir='ltr'><strong>habet</strong></span> <span class='ocrx_word' id='word_1_871' title='bbox 2820 5085 3084 5137; x_wconf 82' lang='lat' dir='ltr'><strong>virtutem</strong></span> <span class='ocrx_word' id='word_1_872' title='bbox 3116 5083 3422 5153; x_wconf 89' lang='lat' dir='ltr'><strong>physicam.</strong></span> <span class='ocrx_word' id='word_1_873' title='bbox 3454 5083 3545 5137; x_wconf 92' lang='lat' dir='ltr'><strong>Sic</strong></span> <span class='ocrx_word' id='word_1_874' title='bbox 3572 5099 3673 5137; x_wconf 50' lang='lat' dir='ltr'><strong>and</strong></span> 
     </span>
    </p>
   </div>
   <div class='ocr_carea' id='block_1_110' title="bbox 2087 5166 3667 5244">
    <p class='ocr_par' dir='ltr' id='par_1_110' title="bbox 2087 5166 3667 5244">
     <span class='ocr_line' id='line_1_110' title="bbox 2087 5166 3667 5244; baseline 0.001 -17"><span class='ocrx_word' id='word_1_875' title='bbox 2087 5166 2244 5243; x_wconf 81' lang='lat' dir='ltr'><strong>gelus</strong></span> <span class='ocrx_word' id='word_1_876' title='bbox 2266 5174 2387 5244; x_wconf 90' lang='lat' dir='ltr'><strong>ejus</strong></span> <span class='ocrx_word' id='word_1_877' title='bbox 2416 5174 2607 5229; x_wconf 92' lang='lat' dir='ltr'><strong>docuit</strong></span> <span class='ocrx_word' id='word_1_878' title='bbox 2634 5175 2780 5229; x_wconf 91' lang='lat' dir='ltr'><strong>hanc</strong></span> <span class='ocrx_word' id='word_1_879' title='bbox 2804 5174 3310 5228; x_wconf 88' lang='lat' dir='ltr'><strong>denominationem</strong></span> <span class='ocrx_word' id='word_1_880' title='bbox 3342 5174 3667 5244; x_wconf 80' lang='lat' dir='ltr'><strong>signiﬁcati-</strong></span> 
     </span>
    </p>
   </div>
   <div class='ocr_carea' id='block_1_111' title="bbox 2088 5268 3665 5340">
    <p class='ocr_par' dir='ltr' id='par_1_111' title="bbox 2088 5268 3665 5340">
     <span class='ocr_line' id='line_1_111' title="bbox 2088 5268 3665 5340; baseline 0.002 -19"><span class='ocrx_word' id='word_1_881' title='bbox 2088 5280 2211 5322; x_wconf 79' lang='lat' dir='ltr'><strong>vam</strong></span> <span class='ocrx_word' id='word_1_882' title='bbox 2224 5284 2366 5335; x_wconf 85' lang='lat' dir='ltr'><strong>esse,</strong></span> <span class='ocrx_word' id='word_1_883' title='bbox 2390 5270 2629 5335; x_wconf 74' lang='lat' dir='ltr'><strong>dicens,«</strong></span> <span class='ocrx_word' id='word_1_884' title='bbox 2650 5269 2958 5338; x_wconf 70' lang='lat' dir='ltr'><strong>Etlvocabis</strong></span> <span class='ocrx_word' id='word_1_885' title='bbox 2976 5284 3177 5324; x_wconf 91' lang='lat' dir='ltr'><strong>nomen</strong></span> <span class='ocrx_word' id='word_1_886' title='bbox 3201 5270 3319 5340; x_wconf 86' lang='lat' dir='ltr'><strong>ejus</strong></span> <span class='ocrx_word' id='word_1_887' title='bbox 3331 5268 3665 5338; x_wconf 84' lang='lat' dir='ltr'><strong>Jesum,ipse</strong></span> 
     </span>
    </p>
   </div>
   <div class='ocr_carea' id='block_1_112' title="bbox 2088 5360 3665 5430">
    <p class='ocr_par' dir='ltr' id='par_1_112' title="bbox 2088 5360 3665 5430">
     <span class='ocr_line' id='line_1_112' title="bbox 2088 5360 3665 5430; baseline -0.001 -18"><span class='ocrx_word' id='word_1_888' title='bbox 2088 5360 2237 5413; x_wconf 88' lang='lat' dir='ltr'><strong>enim</strong></span> <span class='ocrx_word' id='word_1_889' title='bbox 2272 5362 2482 5414; x_wconf 86' lang='lat' dir='ltr'><strong>salvum</strong></span> <span class='ocrx_word' id='word_1_890' title='bbox 2510 5361 2679 5415; x_wconf 81' lang='lat' dir='ltr'><strong>faciet</strong></span> <span class='ocrx_word' id='word_1_891' title='bbox 2726 5361 2991 5430; x_wconf 90' lang='lat' dir='ltr'><strong>populum</strong></span> <span class='ocrx_word' id='word_1_892' title='bbox 3039 5374 3199 5413; x_wconf 90' lang='lat' dir='ltr'><strong>suum</strong></span> <span class='ocrx_word' id='word_1_893' title='bbox 3229 5374 3259 5413; x_wconf 88' lang='lat' dir='ltr'><strong>a</strong></span> <span class='ocrx_word' id='word_1_894' title='bbox 3302 5360 3542 5428; x_wconf 86' lang='lat' dir='ltr'><strong>peccatis</strong></span> <span class='ocrx_word' id='word_1_895' title='bbox 3570 5374 3665 5412; x_wconf 88' lang='lat' dir='ltr'><strong>eo-</strong></span> 
     </span>
    </p>
   </div>
   <div class='ocr_carea' id='block_1_113' title="bbox 2088 5450 3665 5521">
    <p class='ocr_par' dir='ltr' id='par_1_113' title="bbox 2088 5450 3665 5521">
     <span class='ocr_line' id='line_1_113' title="bbox 2088 5450 3665 5521; baseline 0.001 -20"><span class='ocrx_word' id='word_1_896' title='bbox 2088 5464 2232 5502; x_wconf 90' lang='lat' dir='ltr'><strong>rum.</strong></span> <span class='ocrx_word' id='word_1_897' title='bbox 2256 5469 2273 5501; x_wconf 83' lang='grc'><strong>›</strong></span> <span class='ocrx_word' id='word_1_898' title='bbox 2301 5450 2403 5516; x_wconf 84' lang='lat' dir='ltr'><strong>Qui</strong></span> <span class='ocrx_word' id='word_1_899' title='bbox 2423 5467 2555 5521; x_wconf 87' lang='lat' dir='ltr'><strong>ergo</strong></span> <span class='ocrx_word' id='word_1_900' title='bbox 2580 5452 2749 5506; x_wconf 90' lang='lat' dir='ltr'><strong>habet</strong></span> <span class='ocrx_word' id='word_1_901' title='bbox 2779 5452 3041 5505; x_wconf 88' lang='lat' dir='ltr'><strong>virtutem</strong></span> <span class='ocrx_word' id='word_1_902' title='bbox 3063 5467 3174 5505; x_wconf 89' lang='lat' dir='ltr'><strong>non</strong></span> <span class='ocrx_word' id='word_1_903' title='bbox 3202 5451 3379 5505; x_wconf 90' lang='lat' dir='ltr'><strong>solum</strong></span> <span class='ocrx_word' id='word_1_904' title='bbox 3403 5465 3511 5503; x_wconf 87' lang='lat' dir='ltr'><strong>non</strong></span> <span class='ocrx_word' id='word_1_905' title='bbox 3538 5465 3665 5519; x_wconf 83' lang='lat' dir='ltr'><strong>pec-</strong></span> 
     </span>
    </p>
   </div>
   <div class='ocr_carea' id='block_1_114' title="bbox 2090 5541 3662 5612">
    <p class='ocr_par' dir='ltr' id='par_1_114' title="bbox 2090 5541 3662 5612">
     <span class='ocr_line' id='line_1_114' title="bbox 2090 5541 3662 5612; baseline 0.001 -19"><span class='ocrx_word' id='word_1_906' title='bbox 2090 5541 2275 5603; x_wconf 89' lang='lat' dir='ltr'><strong>candi,</strong></span> <span class='ocrx_word' id='word_1_907' title='bbox 2304 5542 2400 5596; x_wconf 90' lang='lat' dir='ltr'><strong>sed</strong></span> <span class='ocrx_word' id='word_1_908' title='bbox 2433 5542 2709 5597; x_wconf 90' lang='lat' dir='ltr'><strong>liberandi</strong></span> <span class='ocrx_word' id='word_1_909' title='bbox 2734 5558 2765 5597; x_wconf 89' lang='lat' dir='ltr'><strong>a</strong></span> <span class='ocrx_word' id='word_1_910' title='bbox 2813 5543 3078 5612; x_wconf 90' lang='lat' dir='ltr'><strong>peccatis,</strong></span> <span class='ocrx_word' id='word_1_911' title='bbox 3134 5542 3314 5612; x_wconf 87' lang='lat' dir='ltr'><strong>qualis</strong></span> <span class='ocrx_word' id='word_1_912' title='bbox 3334 5542 3441 5596; x_wconf 89' lang='lat' dir='ltr'><strong>erit</strong></span> <span class='ocrx_word' id='word_1_913' title='bbox 3462 5550 3662 5595; x_wconf 89' lang='lat' dir='ltr'><strong>natura</strong></span> 
     </span>
    </p>
   </div>
   <div class='ocr_carea' id='block_1_115' title="bbox 2086 5628 3663 5702">
    <p class='ocr_par' dir='ltr' id='par_1_115' title="bbox 2086 5628 3663 5702">
     <span class='ocr_line' id='line_1_115' title="bbox 2086 5628 3663 5702; baseline 0.001 -21"><span class='ocrx_word' id='word_1_914' title='bbox 2086 5628 2195 5683; x_wconf 89' lang='lat' dir='ltr'><strong>nisi</strong></span> <span class='ocrx_word' id='word_1_915' title='bbox 2221 5630 2407 5684; x_wconf 87' lang='lat' dir='ltr'><strong>Deus?</strong></span> <span class='ocrx_word' id='word_1_916' title='bbox 2447 5630 2563 5684; x_wconf 84' lang='lat' dir='ltr'><strong>Hoc</strong></span> <span class='ocrx_word' id='word_1_917' title='bbox 2602 5632 2750 5685; x_wconf 89' lang='lat' dir='ltr'><strong>enim</strong></span> <span class='ocrx_word' id='word_1_918' title='bbox 2776 5632 2948 5686; x_wconf 65' lang='lat' dir='ltr'><strong>Judaei</strong></span> <span class='ocrx_word' id='word_1_919' title='bbox 2972 5638 3369 5702; x_wconf 83' lang='lat' dir='ltr'><strong>cognoverunt,</strong></span> <span class='ocrx_word' id='word_1_920' title='bbox 3394 5629 3663 5691; x_wconf 85' lang='lat' dir='ltr'><strong>dicentes,</strong></span> 
     </span>
    </p>
   </div>
   <div class='ocr_carea' id='block_1_116' title="bbox 2087 5721 3671 5793">
    <p class='ocr_par' dir='ltr' id='par_1_116' title="bbox 2087 5721 3671 5793">
     <span class='ocr_line' id='line_1_116' title="bbox 2087 5721 3671 5793; baseline -0.001 -18"><span class='ocrx_word' id='word_1_921' title='bbox 2087 5722 2235 5791; x_wconf 90' lang='lat' dir='ltr'><strong>quod</strong></span> <span class='ocrx_word' id='word_1_922' title='bbox 2286 5740 2303 5772; x_wconf 76' lang='grc' dir='ltr'><strong>ι</strong></span> <span class='ocrx_word' id='word_1_923' title='bbox 2338 5722 2511 5776; x_wconf 87' lang='lat' dir='ltr'><strong>Nemo</strong></span> <span class='ocrx_word' id='word_1_924' title='bbox 2534 5731 2717 5793; x_wconf 83' lang='lat' dir='ltr'><strong>potest</strong></span> <span class='ocrx_word' id='word_1_925' title='bbox 2763 5727 3051 5778; x_wconf 88' lang='lat' dir='ltr'><strong>remittere</strong></span> <span class='ocrx_word' id='word_1_926' title='bbox 3080 5732 3302 5793; x_wconf 82' lang='lat' dir='ltr'><strong>peccata</strong></span> <span class='ocrx_word' id='word_1_927' title='bbox 3358 5721 3463 5775; x_wconf 91' lang='lat' dir='ltr'><strong>nisi</strong></span> <span class='ocrx_word' id='word_1_928' title='bbox 3513 5722 3671 5775; x_wconf 83' lang='lat' dir='ltr'><strong>solus</strong></span> 
     </span>
    </p>
   </div>
   <div class='ocr_carea' id='block_1_117' title="bbox 2087 5810 3667 5883">
    <p class='ocr_par' dir='ltr' id='par_1_117' title="bbox 2087 5810 3667 5883">
     <span class='ocr_line' id='line_1_117' title="bbox 2087 5810 3667 5883; baseline -0.002 -17"><span class='ocrx_word' id='word_1_929' title='bbox 2087 5810 2234 5867; x_wconf 88' lang='lat' dir='ltr'><strong>Deus</strong></span> <span class='ocrx_word' id='word_1_930' title='bbox 2268 5821 2337 5864; x_wconf 66' lang='grc' dir='ltr'><strong>π’»</strong></span> <span class='ocrx_word' id='word_1_931' title='bbox 2371 5820 2430 5867; x_wconf 92' lang='lat' dir='ltr'><strong>et</strong></span> <span class='ocrx_word' id='word_1_932' title='bbox 2460 5811 2620 5869; x_wconf 84' lang='lat' dir='ltr'><strong>Jesus</strong></span> <span class='ocrx_word' id='word_1_933' title='bbox 2645 5824 2899 5879; x_wconf 87' lang='lat' dir='ltr'><strong>vocatur,</strong></span> <span class='ocrx_word' id='word_1_934' title='bbox 2928 5823 2985 5867; x_wconf 87' lang='lat' dir='ltr'><strong>ut</strong></span> <span class='ocrx_word' id='word_1_935' title='bbox 3004 5814 3118 5883; x_wconf 85' lang='lat' dir='ltr'><strong>ipse</strong></span> <span class='ocrx_word' id='word_1_936' title='bbox 3145 5814 3289 5868; x_wconf 89' lang='lat' dir='ltr'><strong>Deus</strong></span> <span class='ocrx_word' id='word_1_937' title='bbox 3309 5826 3428 5867; x_wconf 80' lang='lat' dir='ltr'><strong>esse</strong></span> <span class='ocrx_word' id='word_1_938' title='bbox 3449 5810 3667 5867; x_wconf 65' lang='lat' dir='ltr'><strong>dicens:</strong></span> 
     </span>
    </p>
   </div>
  </div>
