4116 6470
427 563 560 634 1721
618 606 627 614 -

1707 560 2018 626 LEONTII
2051 555 2462 619 BYZANTINI

3570 547 3706 610 1732

427 681 577 734 .Non
617 678 1233 750 estpraitermejustus
1255 686 1311 733 et
1342 676 1616 740 Salvator,
1659 673 1790 744 quia
1855 671 2005 725 solus

2112 664 2337 734 ἀφιέναι
2369 659 2666 733 ἁμαρτίας,
2695 659 2743 712 εί
2777 658 2854 730 μὴ
2883 656 3045 728 μόνος
3075 659 3103 712 6
3130 656 3284 723 Θεόςο
3318 675 3338 712 ι
3365 657 3462 712 καὶ
3487 658 3702 732 Ἰησοῦς

417 790 447 824 a
476 772 709 826 Domino
733 779 761 806 ιι
790 788 836 837 ς»
867 778 923 825 et
953 789 966 823 :
1009 789 1027 821 ι
1054 770 1166 824 Nec
1184 783 1484 833 senex,nec
1511 764 1864 838 angelus,sed
1892 762 2010 832 ipse

419 863 567 916 Deus
594 861 950 925 salvavitnos
989 869 1067 914 ο.»
1106 861 1164 916 Si
1195 877 1329 915 vero
1369 859 1567 928 aliquis
1613 856 1757 912 alius
1805 854 2012 910 dicitur

413 951 594 1016 .lesus,
623 952 768 1004 sicut
800 950 945 1005 filius
969 951 1083 1006 Noe
1117 961 1174 1005 et
1211 951 1306 1020 qui
1338 949 1764 1019 cognominatus
1805 955 1890 1001 est
1912 946 2011 1001 Ju-

414 1051 535 1096 stus
559 1079 572 1104 ,
605 1041 895 1096 evidenter
917 1042 1064 1112 quod
1081 1041 1152 1096 sit
1176 1042 1258 1096 vel
1286 1057 1354 1096 ex
1380 1048 1537 1111 parte
1567 1038 1872 1108 spiritualis
1894 1052 2012 1091 me-

416 1132 666 1202 talepsis,
698 1133 786 1186 vel
826 1143 1053 1202 propter
1091 1134 1377 1197 virtutem,
1413 1132 1500 1187 vel
1551 1140 1713 1202 typus
1742 1131 1826 1184 vel
1859 1143 2011 1183 omo-

415 1223 638 1291 rymia.
703 1221 860 1277 Sicut
906 1223 975 1278 de
1013 1223 1197 1279 Verbo
1245 1222 1455 1278 Christi
1508 1236 1618 1292 quo
1649 1218 2011 1274 nominantur

415 1312 717 1382 prophetae,
747 1314 1064 1370 sacerdotes
1113 1325 1169 1369 et
1225 1329 1384 1385 reges
1434 1313 1582 1381 quod
1637 1327 1744 1365 non
1795 1325 2013 1379 semper

416 1403 587 1458 fuisse
614 1403 898 1459 Christum
926 1405 1138 1468 .Iesum,
1167 1405 1474 1460 secundum
1517 1403 1685 1457 verba
1739 1400 1913 1466 Petri,
1954 1407 2011 1453 et

417 1496 711 1550 Dominum
755 1505 811 1550 et
837 1495 1122 1552 Christum
1154 1496 1352 1551 fecisse
1383 1496 1571 1551 Jesum
1613 1495 1788 1549 Deum
1815 1491 2010 1547 admo-

417 1588 550 1640 dum
585 1588 846 1657 ingenue;
883 1589 927 1643 si
960 1605 1094 1644 vero
1127 1589 1275 1659 quod
1307 1589 1460 1653 fecit,
1495 1589 1722 1659 dignum
1751 1595 1836 1641 est
1862 1583 2008 1655 quod

419 1689 534 1742 prae
551 1675 852 1729 exsistebat
885 1687 1014 1731 ante
1041 1693 1262 1731 omnem
1294 1678 1660 1731 mutationem
1693 1684 2012 1746 etprogres-

417 1779 566 1819 sum.
597 1764 770 1831 Igitur
793 1766 888 1835 qui
919 1766 1054 1822 dicit
1083 1783 1193 1821 non
1225 1767 1469 1836 seipsum
1493 1767 1588 1822 sed
1611 1767 1831 1821 Patrem
1848 1779 2008 1819 suum

415 1868 686 1919 Servasse,
704 1855 899 1910 fecisse
924 1866 980 1910 et
1003 1856 1271 1911 formasse
1291 1864 1418 1910 ante
1442 1856 1676 1926 primam
1701 1862 2008 1909 creaturam

417 1944 515 1999 Dei
552 1944 754 1999 deinde
791 1961 932 2016 opus
961 1947 1084 2017 ejus
1112 1946 1232 2000 fieri
1275 1947 1492 2016 signum
1530 1946 1718 2015 populi
1751 1947 1892 2016 ejus,
1955 1953 2011 1999 et

2111 750 2202 810 οὖν
2231 755 2567 825 ὠνόμασται,
2597 755 2673 815 ὼς
2696 749 2858 814 αὐτὸς
2883 749 2960 803 ὢν
2984 753 3012 804 ὁ
3041 750 3172 814 Θεὸς
3201 754 3230 804 6
3257 751 3432 820 λέγων
3462 769 3476 784 ο
3531 772 3548 804 ι
3589 754 3706 807 Οὐκ

2111 845 2229 900 ἔστι
2263 845 2443 916 πάρεξ
2473 843 2608 915 ἐμοῦ
2640 843 2851 905 δίκαιος
2872 842 2967 895 καὶ⁵
2996 841 3186 906 σώζων
3214 858 3230 873 ο
3262 843 3345 895 ὃτι
3371 845 3465 896 τοῦ
3495 845 3701 916 Κυρίου

2113 939 2147 1008 η
2176 938 2419 1010 σωτηρία
2445 956 2462 989 ι
2501 952 2515 967 ο
2546 937 2641 989 καὶ
2675 956 2693 987 ι
2726 935 2800 989 Οὐ
2833 935 3098 1007 πρεσδὺς,
3129 933 3236 987 οὐδ’
3275 933 3529 1003 ἄγγελος,
3586 937 3701 990 ἀλλ’

2112 1032 2274 1096 αὐτὸς
2313 1034 2343 1085 6
2363 1031 2566 1102 Κύριος
2588 1030 2794 1083 ἔσωσεν
2821 1031 2969 1098 ημᾶς
3001 1044 3016 1058 ο
3058 1047 3076 1078 ι
3113 1029 3162 1081 εί
3195 1029 3251 1081 δὲ
3281 1029 3377 1082 καὶ
3407 1029 3594 1101 ἕτερός
3618 1047 3704 1094 τις

2112 1125 2333 1194 λέγεται
2352 1124 2588 1194 Ἰησοῦς,
2619 1122 2809 1190 ὥσπερ
2839 1119 2934 1173 οῦν
2958 1123 2986 1174 ό
3013 1120 3109 1174 τοῦ
3149 1119 3328 1192 Ναυῆ,
3375 1123 3470 1175 καὶ
3503 1125 3532 1176 6
3578 1123 3701 1175 ἐπι-

2112 1214 2408 1286 λεγόμενος
2435 1212 2690 1279 Ἰοῦστος,
2730 1212 2889 1281 δῆλον
2918 1211 2994 1274 ὡς
3019 1211 3051 1282 ἢ
3079 1210 3187 1264 ἀπὸ
3223 1213 3425 1282 μέρους
3453 1227 3703 1283 πνευμα-

2110 1307 2271 1376 τικῆς
2301 1305 2678 1377 μεταλήψεως,
2711 1303 2743 1374 ἢ
2772 1302 2916 1356 κατὰ
2940 1303 3133 1373 τύχην,
3168 1303 3201 1372 ἦ
3243 1302 3414 1356 τύπον
3461 1305 3610 1356 ἐστὶν
3662 1305 3696 1375 ή

2111 1397 2401 1467 ὁμωνυμία
2426 1413 2440 1427 ·
2465 1395 2656 1464 ὥσπερ
2691 1395 2788 1449 καὶ
2827 1397 2920 1447 ἐπὶ
2963 1393 3072 1446 τῶν
3117 1393 3357 1464 χριστῶν
3391 1393 3702 1464 λεγομένων

2117 1487 2417 1558 προφητῶν
2448 1489 2542 1539 καὶ
2571 1486 2767 1554 ἱερέων
2797 1486 2892 1539 καὶ
2922 1485 3190 1556 βασιλέων
3216 1502 3230 1516 °
3273 1485 3336 1538 τὸ
3363 1485 3423 1539 δὲ
3450 1486 3526 1556 μὴ
3557 1482 3700 1542 εἶναι

2112 1583 2199 1634 ἀεὶ
2229 1579 2466 1650 Χριστὸν
2486 1578 2578 1632 τὸν
2607 1579 2819 1650 Ἰησοῦν
2847 1579 2937 1632 διὰ
2967 1577 3028 1631 τὸ
3056 1577 3338 1649 εἰρηκέναι
3357 1578 3446 1630 τὸν
3467 1578 3700 1648 Πέτρον,

2113 1673 2210 1726 καὶ
2241 1669 2446 1741 Κύριον
2475 1671 2568 1724 καὶ
2596 1670 2830 1742 Χριστὸν
2865 1670 3222 1740 πεποιηκέναι
3255 1671 3346 1723 τὸν
3377 1669 3584 1742 Ἰησοῦν
3608 1671 3700 1724 τὸν

2113 1761 2268 1828 Θεὸν,
2288 1761 2484 1832 εὔηθες
2507 1761 2628 1816 λίαν
2656 1779 2668 1791 ·
2704 1764 2754 1816 εί
2787 1762 2894 1833 γὰρ
2923 1761 3139 1824 πάντως
3173 1761 3477 1833 μεταϐολὴν
3504 1762 3538 1834 ἦ
3565 1779 3702 1833 προ-

2116 1853 2293 1921 κοπὴν
2323 1851 2798 1922 προῦποκειμὲνου
2834 1853 3090 1922 σημαίνει
3117 1853 3178 1906 τὸ
3204 1851 3482 1921 ἐποίησεν,
3507 1853 3699 1921 ἄραγε

2115 1947 2260 2000 καϊὸ
2282 1945 2459 2014 λέγων
2485 1944 2586 1997 οὐκ
2613 1944 2776 2007 αὐτὸς
2807 1938 2962 2008 οὗτός
2991 1961 3085 1997 σου
3116 1944 3304 2015 Πατὴρ
3335 1944 3608 2014 ὲκτήσατό
3635 1959 3699 1999 σε

418 2037 647 2092 dicens:
682 2038 836 2091 «Tibi
862 2038 963 2094 soli
985 2039 1208 2108 peccavi
1232 2047 1289 2093 et
1313 2040 1516 2096 malum
1531 2053 1717 2092 coram
1747 2027 1797 2093 te
1812 2037 1916 2092 feci
1951 2047 2005 2089 ρο

2115 2038 2208 2090 καὶ
2255 2035 2479 2106 ἐποίησέ
2534 2052 2593 2093 σε
2628 2036 2722 2091 καὶ
2756 2035 2962 2091 έπλασέ
2994 2053 3053 2091 σε
3085 2035 3304 2106 πρῶτον
3339 2035 3524 2106 κτῆμα
3554 2029 3698 2088 εἶναι

418 2127 476 2180 Si
533 2117 662 2183 non
714 2129 922 2183 malum
976 2129 1194 2195 fecerit,
1237 2130 1399 2185 simul
1463 2137 1584 2185 erat
1628 2138 1686 2184 et
1743 2143 1999 2199 peccans,

417 2220 510 2273 scd
537 2223 788 2290 peccavit
815 2221 1019 2292 primo,
1039 2222 1240 2280 deinde
1267 2223 1636 2289 malumfecit,
1663 2232 1718 2277 et
1737 2222 1862 2292 quis
1887 2222 2003 2276 lucc

415 2310 684 2376 dedisset,
715 2328 824 2367 non
850 2329 948 2383 per
980 2322 1147 2368 totam
1180 2328 1394 2368 sacram
1427 2313 1769 2383 Scripturam
1815 2311 2004 2380 sophi-

416 2401 555 2460 stice
583 2404 742 2473 nugis
765 2404 1054 2460 convictus
1077 2407 1203 2471 erit,
1222 2415 1279 2461 et
1306 2405 1403 2476 qui
1429 2405 1565 2459 dicit
1598 2405 1770 2459 Deum
1804 2402 2004 2457 fecisse

417 2490 698 2547 hominem
723 2494 790 2547 ad
818 2495 1108 2565 imaginem
1131 2495 1253 2560 Dei,
1280 2511 1351 2550 an
1373 2496 1554 2564 primo
1583 2492 2002 2558 hominem,der

420 2583 549 2638 inde
575 2584 869 2655 imaginem
897 2586 994 2641 Dei
1048 2587 1393 2642 factumesse
1425 2585 1823 2656 intelligemus.

2101 2128 2263 2193 Θεοῦ,
2296 2123 2418 2182 εἶτα
2448 2128 2662 2198 ποίημα
2685 2126 2854 2182 αὐτοῦ
2884 2128 3141 2197 γενέσθαι
3170 2128 3426 2198 σημαίνει
3453 2127 3544 2181 τὸν
3560 2127 3694 2181 λαὸν

2101 2219 2266 2274 αὐτοῦ
2325 2220 2420 2275 καὶ
2447 2222 2475 2275 6
2503 2219 2697 2281 εἰπὼν,
2749 2239 2768 2272 ι
2800 2221 2891 2276 Σοὶ
2925 2221 3071 2292 μόνῳ
3104 2221 3353 2291 ἥμαρτον
3382 2221 3478 2274 καὶ
3506 2219 3567 2273 τὸ
3591 2235 3698 2274 πο-

2101 2312 2268 2384 νηρὸν
2291 2312 2527 2366 ἐνώπιόν
2551 2329 2644 2367 σου
2665 2313 2922 2384 ἐποίησα,
2959 2331 2978 2365 ι
3022 2313 3084 2366 οὑ
3103 2314 3165 2366 τὸ
3193 2310 3428 2384 πονηρὸν
3459 2313 3696 2381 ποιήσας

2110 2405 2226 2475 ἅμα
2248 2401 2317 2476 ἦν
2342 2405 2440 2458 καὶ
2471 2403 2758 2476 ἁμαρτὼν,
2790 2403 2907 2460 ἀλλ’
2928 2404 3146 2476 ἥμαρτε
3183 2404 3399 2474 πρῶτον
3418 2441 3433 2466 ,
3474 2398 3594 2457 εἷτα
3635 2403 3699 2456 τὸ

2111 2495 2354 2567 πονηρὸν
2389 2495 2614 2567 ἐποίησε
2637 2512 2650 2526 ·
2680 2497 2777 2550 καὶ
2804 2496 2888 2560 τίς
2907 2495 3080 2550 ταῦτα
3107 2495 3231 2560 δοὺς
3252 2535 3270 2562 ,
3303 2495 3364 2548 οὐ
3392 2495 3481 2549 διὰ
3514 2494 3698 2564 πάσης

2109 2589 2210 2658 τῆς
2243 2589 2400 2659 ἱερᾶς
2435 2589 2660 2658 Γραφῆς
2691 2589 3018 2657 σοφιστικῶς
3050 2589 3232 2660 ληρῶν
3261 2587 3652 2659 ἐλεγχθήσεται
3678 2609 3693 2656 ;

426 2679 524 2736 καὶ
548 2680 607 2732 ὲν
633 2679 713 2749 τῷ
745 2679 1003 2748 λέγεσθαι
1037 2681 1094 2734 δὲ
1126 2681 1352 2752 ποιῆσαι
1379 2680 1472 2734 τὸν
1499 2679 1635 2734 Θεὸν
1661 2679 1754 2732 τὸν
1793 2677 2083 2749 ἄνθρωπον
2103 2679 2223 2738 κατ’
2252 2681 2438 2736 εἰκόνα
2460 2679 2620 2747 Θεοῦ,
2650 2681 2870 2753 πρῶτον
2939 2679 3229 2752 ἄνθρωπον
3254 2720 3270 2747 ,
3332 2675 3454 2734 εἶτα
3508 2679 3698 2733 εικόνα

418 2770 557 2824 Θεοῦ
592 2771 848 2839 γενέσθαι
877 2772 1041 2826 αὑτὸν
1069 2774 1358 2843 νοήσομεν.

1075 2866 1229 2922 CAP.
1274 2867 1363 2923 VI.

489 2956 699 3012 Divina:
714 2957 1014 3028 Scriptura:
1032 2959 1314 3016 Christum
1336 2967 1556 3025 vocant,
1575 2959 1812 3029 etjunum
1833 2959 2004 3014 Deum

416 3061 476 3105 et
499 3066 668 3104 unum
696 3051 998 3119 hominem,
1027 3062 1085 3108 ct
1113 3069 1283 3108 unum
1308 3053 1618 3116 Christum,
1639 3051 1736 3107 sed
1779 3051 1872 3106 ille
1908 3050 2003 3121 qui

2720 2866 2970 2921 ΚΕΦΑΛ.
3009 2866 3084 2920 Z'.

2184 2960 2249 3012 Αἱ
2280 2959 2421 3013 θεῖαι
2460 2959 2678 3029 Γραφαὶ
2733 2960 2822 3013 τὸν
2879 2959 3112 3027 Χριστὸν
3167 2958 3411 3024 καλοῦσι,
3455 2960 3548 3014 καὶ
3593 2960 3695 3015 ενα

2112 3051 2270 3116 Θεὸν,
2323 3053 2420 3106 καὶ
2458 3052 2554 3105 ἕνα
2578 3050 2885 3122 ἄνθρωπον,
2947 3051 3042 3104 καὶ
3093 3051 3189 3103 ἕνα
3226 3051 3484 3120 Χριστόν·
3516 3052 3632 3106 ἀλλ’
3668 3057 3696 3106 ὁ

422 3159 564 3198 unus
594 3144 738 3199 Deus
768 3147 1070 3201 secundum
1097 3156 1348 3202 naturam
1379 3153 1463 3202 est
1490 3146 1745 3201 similiter
1765 3153 1822 3200 et
1861 3158 2005 3198 unus

2116 3145 2216 3214 μὲν
2240 3139 2319 3205 εἷς
2354 3142 2505 3207 Θεὸς,
2548 3144 2690 3197 κατὰ
2735 3141 2896 3211 φύσιν
2949 3143 3096 3196 ἐστὶν
3127 3135 3208 3205 εἷς
3245 3158 3260 3173 ο
3287 3141 3550 3207 ὡσαύτως
3599 3147 3698 3197 καί

420 3233 608 3296 homo,
649 3233 743 3302 qui
771 3243 830 3289 et
886 3252 1032 3291 unus
1081 3237 1307 3292 Christo
1356 3252 1456 3307 per
1501 3235 1872 3292 substantiam
1906 3234 2003 3290 Dei

2108 3238 2135 3290 6
2160 3231 2238 3298 εἷς
2272 3235 2578 3304 ἄνθρωπος’
2604 3236 2634 3288 6
2672 3235 2730 3288 δὲ
2761 3228 2842 3297 εἷς
2864 3233 3121 3306 Χριστὸς,
3147 3234 3290 3288 κατὰ
3311 3235 3410 3306 τὴν
3449 3235 3698 3291 ἑκούσιον

421 3325 627 3379 unitam
676 3325 887 3380 homini
913 3335 998 3381 est
1023 3343 1170 3382 unus
1187 3327 1441 3384 Christus
1468 3327 1657 3382 differt
1679 3342 1832 3397 ergo,
1861 3340 2005 3380 unus

2108 3327 2301 3381 ἕνωσιν
2327 3326 2463 3380 Θεοῦ
2496 3327 2632 3397 πρὸς
2665 3327 2952 3398 ἄνθρωπόν
2985 3329 3130 3380 ἐστιν
3164 3320 3242 3390 εἷς
3287 3328 3548 3398 Χριστός·
3577 3329 3698 3383 δια⁹

421 3414 569 3469 Deus
595 3415 664 3468 ab
703 3431 812 3470 uno
836 3416 1060 3472 Christo
1085 3416 1181 3471 sed
1203 3433 1314 3472 non
1341 3415 1529 3470 differt
1557 3415 1610 3469 in
1635 3430 1702 3469 eo
1724 3412 1868 3484 quod
1894 3427 2004 3466 non

2108 3415 2264 3486 φέρει
2293 3414 2401 3484 ἄρα
2431 3416 2458 3467 6
2487 3411 2566 3478 εἷς
2615 3417 2769 3481 Θεὸς,
2803 3415 2896 3468 τοῦ
2961 3416 3079 3480 ἐνὸς
3131 3415 3396 3488 Χριστοῦ.
3436 3418 3600 3473 Ἀλλὰ
3632 3421 3695 3472 οὐ

420 3516 493 3571 sit
521 3517 687 3574 Deus,
719 3508 814 3562 sed
839 3509 893 3562 in
929 3525 994 3563 eo
1017 3509 1166 3579 quod
1193 3509 1267 3562 sit
1299 3508 1488 3571 homo,
1517 3505 1774 3561 Christus
1818 3502 2005 3558 differt

2108 3506 2186 3578 τῷ
2223 3506 2297 3578 μὴ
2327 3503 2464 3559 εἶναι
2490 3507 2728 3578 Θεὸς,τῷ
2761 3507 2816 3562 δὲ
2855 3503 2998 3561 εἶναι
3034 3508 3131 3562 καὶ
3161 3509 3477 3583 ἄνθρωπος,
3505 3512 3696 3579 διαφέ.

419 3609 490 3667 ub
519 3621 586 3661 eo
608 3605 702 3674 qui
731 3611 816 3657 est
839 3601 1016 3657 solum
1041 3601 1187 3655 Deus
1204 3608 1260 3655 et
1286 3599 1601 3656 secundum
1628 3596 2004 3668 syllogismum

2109 3617 2194 3670 ρει
2233 3598 2328 3653 τοῦ
2361 3596 2499 3653 εἶναι
2561 3601 2720 3670 μόνον
2771 3601 2924 3666 Θεὸς,
2973 3603 3227 3674 Χριστός·
3282 3603 3425 3658 κατὰ
3455 3604 3512 3657 δὲ
3541 3605 3696 3658 τόνδε

422 3716 490 3759 an
519 3697 706 3753 diﬂ‘ert
740 3695 810 3750 ab
837 3694 1060 3749 homine
1105 3701 1303 3746 natura
1329 3691 1608 3756 Christus,
1648 3689 1784 3759 quid
1814 3686 2004 3742 dicitis

421 3805 546 3847 esse
566 3805 665 3858 per
690 3797 964 3850 naturam,
993 3785 1040 3840 si
1083 3800 1218 3840 vero
1247 3799 1345 3854 per
1361 3784 1478 3838 haec
1518 3799 1630 3837 non
1661 3789 1863 3835 natura
1887 3794 2005 3832 om-

423 3880 1035 3952 ninooportetdiﬂerre
1089 3879 1158 3933 ab
1200 3879 1424 3933 homine
1480 3876 1762 3931 Christum
1794 3872 2000 3940 dicitis,

423 3990 527 4034 nec
550 3973 719 4030 etiam
749 3987 977 4029 necesse
1012 3979 1073 4026 ut
1111 3969 1307 4026 iisdem
1327 3967 1551 4024 differat
1574 3981 1606 4022 a
1632 3966 1766 4022 Deo.

1149 4256 1211 4310 P.
1250 4253 1364 4310 VII.

497 4349 790 4406 Dominum
833 4357 889 4403 et
938 4254 1222 4403 Chrgﬁﬁn
1250 4254 1409 4402 traicit
1452 4346 1596 4401 Deus
1631 4343 1842 4408 Iesum,
1902 4339 1999 4396 ubi

425 4442 584 4514 ponis
602 4441 770 4495 Deum
791 4441 1054 4504 Verbum,
1075 4455 1108 4493 ο
1123 4438 1373 4510 Egypte,
1392 4453 1460 4492 an
1481 4436 1773 4492 Dominum
1792 4433 2000 4488 facien-

2104 3693 2194 3746 τὸν
2234 3693 2615 3764 συλλογισμὸν,
2673 3695 2766 3748 καὶ
2819 3695 3109 3766 ἀνθρώπου
3158 3696 3266 3763 ἄρα
3322 3697 3569 3768 διαφέροι
3621 3699 3690 3752 ἂν

2104 3784 2204 3856 τὴν
2257 3783 2438 3854 φύσιν,
2479 3785 2734 3855 Χριστός
2789 3786 2924 3839 εἰδὲ
2955 3786 3051 3840 καὶ
3098 3786 3234 3840 Θεοῦ
3275 3787 3370 3841 καὶ
3401 3788 3695 3858 ἀνθρώπου

2103 3876 2346 3947 διαφέρει
2379 3879 2443 3947 τῇ
2469 3875 2630 3946 φύσει
2657 3877 2913 3952 Χριστὸς,
2944 3879 2996 3931 τί
3025 3879 3090 3933 ἂν
3122 3879 3206 3951 εἴη
3234 3881 3425 3934 εἴπατε
3466 3881 3564 3950 τὴν
3588 3883 3694 3951 φῦ⁸

2107 3987 2210 4023 σιν’
2234 3971 2282 4023 εἰ
2314 3970 2371 4023 δὲ
2401 3969 2488 4022 διὰ
2514 3969 2641 4024 τάδε
2666 3971 2741 4040 μὴ
2863 3970 3023 4039 φύσει
3053 3971 3267 4034 πάντως
3289 3971 3397 4026 δεῖν
3417 3972 3697 4044 διαφέρειν

2103 4060 2198 4115 τοῦ
2229 4059 2514 4132 ἀνθρώπου
2572 4061 2807 4132 Χριστόν
2864 4079 3022 4130 φατε,
3077 4062 3190 4120 οὐδ’
3247 4063 3360 4134 ἄρα
3408 4064 3503 4118 τοῦ
3551 4065 3690 4119 Θεοῦ

2104 4151 2436 4222 ἀναγκαίως,
2466 4153 2531 4207 ὲκ
2551 4152 2720 4207 τῶνδε
2746 4153 3013 4225 διαφέρει.

2728 4267 2980 4321 ΚΕΦΑΛ.
3013 4267 3124 4320 Ζ’.ο

2173 4357 2384 4429 Κύριον
2417 4357 2512 4413 καὶ
2542 4339 2786 4430 Χριστὸν
2817 4358 3077 4425 ἐποίησεν
3108 4359 3136 4410 ὁ
3165 4357 3299 4422 Θεὸς
3325 4357 3419 4412 τὸν
3459 4358 3693 4428 Ἰησοῦν·

2101 4450 2205 4501 ποῦ
2232 4451 2454 4513 τάσσεις
2483 4451 2573 4504 τὸν
2601 4449 2735 4504 Θεὸν
2771 4451 2966 4519 Λόγον,
3001 4443 3047 4504 ὦ
3083 4450 3351 4517 Αἰγύπτιε
3390 4467 3405 4517 ;
3436 4451 3699 4511 ποιοῦντα

425 4547 536 4592 tem
600 4549 668 4588 an
709 4533 1000 4588 Dominum
1061 4533 1288 4595 factum,
1326 4547 1435 4584 non
1480 4529 1691 4584 faciens
1729 4527 1995 4597 speciales

2108 4539 2305 4612 Κύριον
2335 4559 2348 4607 ;
2379 4540 2411 4611 ἢ
2445 4541 2772 4612 ποιούμενον
2800 4541 3046 4613 Κύριον;
3081 4541 3157 4613 μὴ
3177 4542 3344 4595 ποιῶν
3375 4543 3551 4608 ίδικὰς
3577 4544 3700 4598 δια-

425 4622 870 4687 distributiones,
907 4620 1354 4690 respondendum
1389 4619 1456 4674 ad
1493 4619 1855 4688 quaestionem
1898 4634 1996 4687 pa-

428 4715 661 4768 rientem
681 4728 832 4778 vere,
855 4712 950 4766 sed
970 4713 1222 4766 cessione
1249 4713 1486 4782 propria:
1512 4720 1726 4765 natura:
1749 4709 1814 4764 ad
1838 4717 2000 4763 natu-

427 4821 543 4861 ram
595 4804 838 4857 hominis
881 4812 938 4858 et
982 4803 1188 4857 unione
1229 4803 1286 4857 in
1315 4817 1480 4857 unam
1523 4800 2000 4881 specialcm_olim

426 4897 774 4970 h-ypostasin.

1055 5008 1208 5065 CAP.
1253 5009 1388 5066 VIII.

496 5100 767 5157 Similiter
798 5100 843 5155 si
877 5101 1166 5156 nobiscum
1205 5102 1480 5172 particeps
1525 5100 1704 5157 factus
1737 5108 1824 5157 est
1879 5115 2002 5156 car-

426 5196 516 5250 nis
541 5202 597 5248 et
644 5194 926 5264 sanguinis
963 5194 1250 5262 Christus,
1287 5194 1574 5250 evidentes
1613 5201 1810 5248 natura
1834 5208 2001 5262 quam

427 5285 597 5339 habet
624 5285 771 5341 inter
802 5301 904 5338 nos
939 5294 1025 5340 est
1063 5285 1228 5339 homo
1255 5283 1530 5340 Christus.
1556 5284 1753 5354 Siquid
1798 5284 1998 5338 horum

429 5393 529 5430 seu
559 5376 725 5430 etiam
762 5377 1050 5446 aequaliter
1080 5378 1396 5447 participat,
1434 5377 1661 5432 omnino
1692 5384 1777 5431 est
1805 5376 2002 5431 eadem

427 5477 626 5524 natura
669 5469 906 5538 integre,
942 5478 999 5523 et
1042 5469 1215 5525 solius
1263 5477 1475 5524 naturae
1513 5469 1750 5524 aliorum
1782 5485 1908 5524 cum
1937 5484 2005 5524 eo

425 5559 1024 5628 comparticipantium.
1084 5559 1256 5630 Igitur
1300 5569 1425 5629 post
1479 5569 1717 5629 quatuor
1763 5559 2006 5614 elemen—

429 5658 634 5715 torum,
663 5649 917 5712 formica,
957 5657 1014 5704 et
1041 5650 1258 5719 perdix,
1283 5660 1341 5706 et
1370 5650 1590 5719 squilla,
1646 5659 1703 5705 et
1727 5650 2001 5721 panthera

429 5738 786 5808 participant,
811 5754 880 5793 an
909 5742 1252 5798 suntomnia
1290 5742 1539 5812 ejusdem
1571 5741 1821 5796 natura?
1851 5739 2002 5809 aspi-

429 5842 494 5881 ce
528 5842 684 5897 ergo,
733 5844 767 5882 o
808 5838 890 5895 tu,
938 5831 1088 5900 quod
1131 5831 1454 5887 eorumdem
1499 5832 1687 5902 pueris
1722 5843 1780 5886 et
1830 5831 1997 5887 simili

505 5969 535 6002 ³
565 5962 673 6019 Isa.
712 5965 801 6032 4'5,
835 5967 923 6033 11,
954 5966 1039 6023 12.
1117 5977 1137 5998 °
1180 5969 1284 6025 Isa.
1311 5986 1457 6037 Lxm,
1489 5973 1542 6036 9,
1623 5983 1644 6011 ι
1685 5971 1828 6027 Psal.
1858 5991 1904 6039 L,
1941 5974 1992 6029 6.

2103 4635 2294 4704 νομάςο
2326 4634 2618 4704 ἀπόκριναι
2650 4634 2788 4705 πρὸς
2817 4635 2918 4706 τὴν
2949 4633 3237 4705 ἐρώτησιν.
3273 4634 3539 4689 Ποιοῦντα
3595 4637 3697 4708 μὲν

2103 4728 2295 4794 ὅντως,
2325 4728 2464 4782 ἀλλὰ
2493 4731 2560 4800 τῇ
2620 4728 2720 4798 τῆς
2757 4728 2892 4791 ιδίας
2945 4732 3164 4796 φύσεως
3197 4728 3428 4783 ένδόσει¹
3459 4731 3538 4792 είς
3591 4730 3697 4799 ’τὴν

2105 4818 2200 4872 τοῦ
2227 4817 2517 4888 ἀνθρώπου
2556 4817 2738 4889 φύσιν,
2774 4820 2868 4872 καὶ
2915 4819 3164 4891 ἐμπλοκῇ
3217 4817 3363 4872 κατά
3414 4821 3545 4890 μίαν
3595 4821 3698 4891 τὴν

2113 4906 2284 4978 ἱδικὴν
2309 4907 2478 4962 αὑτοῦ
2515 4909 2684 4963 πάλαι
2706 4909 3029 4965 ὑπόστασιν.

2720 5022 2975 5076 ΚΕΦΑΛ.
3004 5024 3087 5078 Η’.

2178 5111 2242 5164 Εἰ
2289 5111 2691 5182 παραπλησίως
2745 5114 2878 5188 ημῖν
2929 5113 3297 5186 κεκοινώνηκε
3346 5116 3550 5187 σαρκὸς
3597 5118 3697 5168 καὶ

2108 5200 2337 5270 αἵματος
2366 5205 2394 5256 6
2419 5203 2653 5272 Χριστὸς
2674 5245 2689 5270 ,
2743 5205 2902 5279 δῆλον
2933 5205 3016 5258 ὅτι
3072 5204 3234 5275 φύσει
3265 5208 3333 5276 τῇ
3365 5205 3491 5259 καθ’
3543 5208 3697 5276 ἡμᾶς

2109 5292 2256 5344 ἐστιν
2288 5291 2578 5363 ἄνθρωπος
2608 5296 2636 5348 6
2659 5295 2915 5364 Χριστός.
2951 5297 3015 5349 Et
3043 5312 3096 5348 τι
3125 5291 3219 5348 οὖν
3249 5296 3359 5348 τῶν
3386 5296 3567 5350 αὐτῶν
3599 5299 3696 5348 καὶ

2107 5381 2370 5447 ὡσαύτως
2400 5387 2664 5448 κοινωνεῖ,
2698 5385 2916 5449 πάντως
2945 5387 3039 5439 καὶ
3068 5387 3166 5456 τῆς
3195 5387 3366 5456 αὐτῆς
3393 5389 3510 5439 ἐστι
3557 5387 3700 5439 πάν-

2109 5491 2176 5544 τη
2208 5475 2448 5543 φύσεως,
2479 5478 2574 5529 καὶ
2608 5479 2775 5548 μόνης
2803 5477 2912 5531 τῶν
2967 5479 3172 5553 ἐτέρων
3223 5478 3334 5532 τῶν
3397 5479 3490 5532 τοῦ
3525 5480 3697 5532 αὑτοῦ

2109 5565 2625 5634 συμμετασχόντων·
2659 5561 2769 5636 ἆρα
2797 5562 2891 5620 οῦν
2919 5566 3044 5618 ἐπεὶ
3071 5566 3179 5620 τῶν
3207 5567 3493 5636 τεσσάρων
3543 5585 3695 5620 στοι-

2103 5655 2287 5724 χείων,
2321 5655 2547 5726 μύρμηξ
2579 5673 2639 5710 τε
2675 5657 2772 5710 καὶ
2802 5657 2995 5728 πέρδιξ
3022 5657 3117 5710 καὶ
3147 5657 3311 5733 καρὶς
3352 5659 3448 5711 καὶ
3479 5658 3695 5730 πάρδα-

2101 5745 2184 5810 λις
2215 5748 2455 5818 μετέχει,
2487 5752 2587 5820 τῆς
2639 5749 2814 5819 αὐτῆς
2861 5751 2967 5805 είσι
3018 5751 3147 5804 τάδε
3197 5749 3416 5818 φύσεως
3464 5752 3692 5830 πάντη;

2103 5837 2303 5890 Σκόπει
2333 5837 2413 5904 δὲ,
2448 5831 2493 5893 ὧ
2521 5833 2697 5902 οὗτος.
2729 5839 2812 5892 ὅτι
2838 5840 2947 5894 τῶν
2976 5839 3075 5911 μὲν
3107 5839 3291 5895 αὐτῶν
3317 5843 3430 5905 τοῖς
3453 5839 3693 5906 παιδίοις
