4116 6438
374 488 510 553 1ῗῖἷῖ

1319 479 1716 543 ADVERSUS
1754 477 2304 542 NESTORIANOS.
2329 503 2398 520 -
2419 477 2570 541 LIB.
2607 478 2677 541 V.

3506 484 3640 547 ῙΤῚ

369 599 466 652 xui
489 593 655 665 ὁμοίᾳ
688 587 947 660 κοινωνία
992 584 1129 659 φησὶ
1157 584 1220 639 τὸ
1262 586 1444 659 λόγιον
1496 583 1960 652 κεκοινωνηκέναι

2063 591 2455 647 communione
2474 592 2611 647 dicit
2627 590 2913 661 Scriptura
2936 591 3264 664 participem
3293 609 3415 652 esse
3441 596 3639 661 ﬁlium,

366 689 459 742 τὸν
494 687 641 751 Υίὸν,
669 685 839 756 ἦγουν
885 682 1118 752 αἵματος
1167 678 1265 732 xui
1319 678 1542 749 σαρκός·
1602 676 1663 729 οὐ
1702 674 1807 746 μὴν
1863 675 1959 728 xui

366 781 458 834 τὸν
503 777 920 847 κοινωνήσαντα
977 770 1153 825 τοῖσδε
1182 771 1320 825 καθ’
1348 770 1498 840 ἡμᾶς
1524 808 1538 833 ,
1586 767 1774 837 ὅμοιον
1827 765 1959 835 ἡμῖν

368 872 533 943 φησιν
564 869 768 931 ἁπλῶς
801 867 942 920 ὥστε
965 864 1023 931 ἐξ
1043 864 1232 934 ὁμοίου
1260 862 1355 916 xui
1382 858 1639 930 ἀνομοίου
1667 859 1796 927 ἡμῖν
1815 857 1960 909 ἐκεῖ·

366 982 456 1028 νος
488 956 794 1032 σύγκειταιο
830 959 947 1023 πῶς
975 957 1066 1011 οὖν
1098 956 1259 1028 μόνον
1308 953 1429 1009 καθ’
1461 953 1609 1024 ἡμᾶς
1661 949 1813 1004 ἔσται
1860 947 1958 1003 ἇν-

369 1057 586 1129 θρωπος
620 1071 637 1121 ;

964 1141 1211 1196 ΚΕΦΑΛ.
1240 1137 1321 1193 Θ¹.

438 1240 501 1293 Ei
531 1239 559 1291 6
594 1236 786 1307 Πατὴρ
818 1234 949 1288 ποτὲ
992 1233 1093 1304 μὲν
1123 1232 1217 1285 τοῦ
1250 1228 1385 1285 Θεοῦ
1422 1228 1597 1297 Λόγου
1636 1225 1798 1298 μόνου
1841 1225 1957 1276 Πα-

364 1332 494 1403 τὴρ,
526 1328 657 1381 ποτὲ
685 1328 742 1381 δὲ
776 1328 866 1380 καὶ
884 1324 1072 1395 Πατὴρ
1092 1324 1188 1380 xui
1212 1322 1368 1384 Θεὸς,
1394 1321 1428 1392 ἢ
1453 1320 1562 1390 ἀρα
1586 1319 1665 1381 είς
1688 1316 1749 1368 τὸ
1772 1313 1957 1385 μεῖζον

367 1421 677 1493 προέκοψεν
703 1421 731 1472 6
770 1419 983 1490 Πατὴρ,
1013 1418 1047 1487 ἢ
1084 1417 1167 1480 είς
1221 1414 1282 1470 τὸ
1315 1414 1536 1467 ἔλαττον
1586 1409 1957 1478 κατεὸιϐἁσθη

366 1514 566 1577 ὁΥἱός.
620 1509 781 1565 Ἀλλὰ
811 1510 999 1579 Πατὴρ
1052 1508 1151 1579 μὲν
1198 1504 1293 1559 τοῦ
1324 1505 1556 1575 ἀοράτου
1609 1500 1786 1569 Λόγου
1847 1498 1954 1565 ἀεὶ,

368 1607 500 1671 Θεὸς
550 1604 608 1658 δὲ
663 1604 834 1674 μόνης
881 1601 980 1672 τῆς
1028 1598 1313 1671 ὁρωμένης
1348 1594 1569 1667 σαρκὸς
1626 1592 1723 1648 τοῦ
1781 1591 1956 1660 Λόγου

367 1698 536 1753 ἐστίν.

993 1781 1245 1837 ΚΕΦΑΛ.
1274 1780 1331 1834 I'.

438 1880 501 1935 Εἰ
533 1878 670 1950 ὁμοῦ
702 1876 836 1940 Θεὸς
882 1876 977 1929 xui
1011 1874 1299 1945 ἄνθρωπος
1344 1870 1373 1923 6
1424 1867 1692 1939 Χριστὸς,
1732 1863 1829 1919 xui
1855 1861 1957 1916 οὐκ

2059 681 2272 736 scilicet
2302 684 2485 738 carnis
2520 692 2577 738 et
2602 683 2906 752 sanguinis,
2951 700 3062 738 non
3095 700 3228 740 vero
3256 687 3351 757 qui
3384 703 3642 745 commu-

2059 771 2247 827 nicant
2283 772 2351 828 de
2386 773 2472 829 his
2511 774 2655 829 inter
2711 790 2812 829 nos
2845 776 2980 830 dicit
3026 778 3353 847 simpliciter
3400 782 3643 837 similt-m

2060 864 2240 931 nobis,
2268 865 2343 921 ita
2368 874 2429 921 ut
2458 866 2549 921 ille
2578 868 2845 923 consistat
2875 884 2941 925 ex
2980 870 3146 925 simili
3175 883 3231 927 et
3254 873 3510 929 dissimili
3542 894 3643 932 no-

2059 951 2191 1018 bis;
2247 954 2527 1022 quomodo
2581 971 2713 1026 ergo
2770 957 3117 1017 solummodo
3171 962 3318 1019 inter
3374 981 3475 1022 nos
3534 968 3644 1023 erit

2060 1044 2228 1101 homo
2246 1046 2270 1099 ’ἒ

2706 1136 2860 1192 CAP.
2900 1138 2994 1195 IX.

2129 1224 2187 1280 Si
2232 1227 2397 1283 Pater
2432 1228 2731 1300 aliquando
2763 1229 2867 1285 fuit
2902 1231 3064 1286 Pater
3097 1232 3195 1289 Dei
3249 1233 3415 1293 Verbi
3442 1239 3640 1304 solius,

2058 1316 2358 1388 aliquando
2389 1329 2575 1375 autem
2610 1332 2665 1375 et
2720 1322 2880 1377 Pater
2907 1332 2963 1378 et
2994 1325 3160 1391 Deus,
3189 1343 3320 1383 sane
3355 1329 3411 1383 in
3442 1333 3642 1388 melius

2058 1411 2331 1479 processit
2384 1412 2567 1478 Pater,
2608 1413 2739 1469 etin
2800 1416 2957 1485 pejus
2997 1416 3286 1475 descendit
3327 1421 3492 1477 ﬁlius.
3532 1424 3641 1477 Sed

2060 1497 2221 1553 Pater
2255 1508 2342 1554 est
2385 1516 2604 1571 semper
2635 1503 2933 1561 invisibilis
2959 1507 3126 1563 Verbi
3152 1527 3167 1577 ;
3198 1509 3345 1566 Deus
3386 1528 3518 1568 vero
3548 1530 3640 1569 sov

2057 1586 2169 1643 lius
2194 1588 2435 1646 visibilis
2466 1592 2653 1648 carnis
2687 1594 2874 1650 Verbi.

2713 1766 2863 1824 CAP.
2904 1769 2973 1824 Χ.

2130 1850 2188 1908 Si
2209 1852 2371 1908 simul
2397 1854 2543 1911 Deus
2563 1866 2619 1912 et
2642 1858 2809 1915 homo
2835 1861 3113 1930 Christus,
3150 1874 3205 1919 et
3238 1882 3346 1920 non
3379 1878 3464 1923 est
3488 1870 3636 1929 Deus

367 1970 515 2023 ἔστιν
537 1934 721 2030 όιϐεὸς
750 1934 883 2029 Θεὸς
914 1964 1009 2019 τοῦ
1034 1934 1324 2034 ἀνθρώπου
1350 1999 1366 2026 ,
1395 1934 1556 2029 δῆλον
1577 1958 1660 2010 ὅτι
1688 1956 1789 2008 οὐκ
1814 1952 1952 2008 είσὶν

2060 1941 2295 1998 hominis
2320 1945 2487 2013 Deus,
2521 1948 2751 2005 evidens
2782 1960 2867 2005 est
2898 1954 3044 2021 quod
3089 1972 3197 2009 non
3259 1958 3371 2011 sint
3400 1960 3545 2014 inter
3575 1977 3636 2016 se

366 2062 618 2133 ἀλλήλοις
642 2061 779 2129 ὅπερ
816 2058 1087 2125 λέγονται’
1123 2051 1372 2107 τουτέστι
1405 2048 1528 2103 οὔτε
1581 2048 1715 2110 Θεὸς
1747 2045 1824 2117 τῷ
1854 2048 1952 2099 ἀνα

367 2154 573 2226 θρὼπῳ
601 2155 629 2207 6
666 2154 821 2216 Θεὸς,
852 2149 976 2203 οὔτε
1022 2146 1119 2200 ἄνθ
1130 2162 1311 2218 ρωπος
1335 2144 1414 2214 τῷ
1436 2142 1554 2213 Θεῷ
1581 2144 1609 2195 6
1642 2140 1950 2211 ἅνθρωπος.

377 2241 523 2297 Ἀλλ’
553 2242 608 2293 ui
644 2239 743 2308 μὲν
768 2241 828 2290 ὲν
857 2236 1047 2306 Κυρίῳ
1087 2234 1298 2304 φύσεις,
1333 2231 1508 2294 οὔτως
1569 2231 1751 2302 ἔχουσι
1814 2228 1953 2299 πρὸς

363 2331 601 2403 ἀλλήλας
631 2328 1137 2397 ἀντεξεταζόμεναι·
1194 2324 1401 2378 τούτων
1436 2323 1548 2392 γὰρ
1578 2324 1610 2392 ἡ
1653 2322 1751 2392 μὲν
1790 2320 1957 2373 ἐθέω⁸

365 2442 426 2481 σε
471 2421 714 2494 δηλονότι
740 2420 815 2484 ὡς
839 2419 979 2483 θεία,
1016 2419 1049 2487 ἡ
1077 2417 1135 2471 δὲ
1161 2414 1370 2486 ὲθεώθη
1403 2411 1849 2484 ὡμολογημέναις
1877 2410 1953 2474 ὡς

368 2515 444 2586 μὴ
485 2512 644 2582 φύσει
687 2510 807 2582 θείᾳ
861 2509 1051 2565 πάλαι·
1103 2506 1340 2578 Χριστὸς
1392 2505 1447 2560 δὲ
1503 2504 1685 2571 αὐτὸς,
1722 2502 1953 2573 ἧγουνὴ

366 2605 600 2676 ξυνωρὶς
633 2603 737 2673 τῆς
764 2602 1018 2671 θεότητος
1042 2601 1140 2653 xui
1158 2596 1256 2653 ἀνθ
1266 2596 1600 2669 ρωπότητος,
1618 2593 1742 2648 οὔτε
1766 2592 1956 2656 ἁπλῶς

363 2696 497 2759 Θεὸς
557 2690 849 2764 ἀνθρώπου
898 2690 996 2743 xui
1057 2689 1178 2742 ὅλου
1235 2685 1456 2752 ἑαυτοῦ,
1489 2684 1615 2739 οὗτε
1670 2683 1961 2755 ἄνθρωπος

364 2784 498 2838 Θεοῦ
517 2784 610 2838 xui
640 2781 836 2835 ἑαυτοῦ
872 2779 1021 2834 κατὰ
1052 2778 1151 2848 τὴν
1182 2777 1502 2833 ὑπόστασινο
1529 2774 1649 2829 ἀλλ’
1671 2774 1788 2843 ἅμα
1815 2773 1961 2836 Θεός

364 2893 423 2927 τε
462 2875 555 2927 xui
594 2872 878 2942 ἄνθρωπος
907 2872 934 2923 6
964 2870 1145 2932 αὐτός’
1204 2869 1342 2937 πρός
1397 2882 1457 2918 τε
1512 2864 1648 2917 Θεὸν
1676 2862 1958 2935 διαφέρων

364 2970 430 3037 τῇ
462 2964 743 3019 ὲπενδύσει
775 2961 870 3015 τοῦ
910 2961 1273 3032 ἀνθρωπίνου,
1318 2960 1412 3012 xui
1469 2956 1607 3029 πρὸς
1638 2953 1964 3026 ἀνθρώπους

365 3057 581 3115 διοίσων
606 3057 673 3127 τῇ
711 3056 984 3125 ἐνοικήσει
1032 3053 1128 3105 τοῦ
1175 3051 1355 3105 Θείου.

935 3168 1192 3223 ΚΕΦΑΛ.
1222 3167 1326 3225 1Α’.

437 3261 766 3332 Λειτουργὸν
815 3260 923 3314 τῶν
978 3259 1149 3327 ἁγίων
1187 3260 1277 3311 τὸν
1332 3256 1569 3328 Χριστὸν
1629 3254 1888 3328 ὀνομάζει
1925 3257 1957 3327 ἡ
1989 3284 2029 3343 C

369 3355 499 3424 ἁγία
528 3353 741 3424 Γραφή’
775 3352 871 3408 xui
907 3352 1015 3413 πᾶς
1046 3350 1379 3420 λειτουργὸς,
1409 3348 1503 3401 τοῦ
1526 3346 1663 3401 Θεοῦ
1693 3348 1959 3419 δηλονότι,

368 3444 447 3516 τῷ
479 3444 600 3514 Θεῷ
643 3442 809 3500 αὑτοῦ
837 3442 1167 3511 λειτουργεῖ’
1200 3441 1294 3496 καὶ
1322 3439 1372 3491 εί
1400 3439 1467 3492 τὰ
1493 3438 1586 3492 τοῦ
1627 3438 1796 3509 νόμου
1832 3440 1963 3493 σκιὰ

366 3532 436 3609 ἦν
465 3534 576 3589 τῶν
603 3534 661 3587 ὲν
692 3535 758 3604 τῇ
793 3531 997 3603 χάριτι,
1026 3531 1085 3583 ὲν
1133 3529 1189 3582 δὲ
1238 3531 1305 3600 τῇ
1348 3530 1480 3600 σκιᾷ
1516 3524 1668 3599 εἶχεν
1698 3530 1727 3581 6
1795 3528 1962 3598 νόμος

367 3626 699 3696 λειτουργὸν,
722 3623 879 3692 δῆλον
908 3622 989 3674 ὅτι
1024 3619 1119 3674 καὶ
1158 3621 1215 3673 ὲν
1240 3622 1307 3690 τῇ
1347 3619 1532 3690 χάριτι
1558 3620 1672 3688 ἔχει
1718 3619 1963 3690 λειτουρ-

369 3720 489 3789 γόν.
534 3717 691 3771 Ἐπεὶ
726 3715 821 3768 οὖν
859 3715 956 3767 xui
985 3712 1135 3783 θῦμα
1176 3706 1318 3781 εἶχεν
1353 3712 1386 3783 ή
1421 3712 1568 3776 σκιὰ,
1596 3711 1694 3765 xui
1722 3710 1967 3781 λειτουρ-

368 3811 469 3880 γοῦ
528 3804 835 3877 ὄντος-τοῦ
887 3804 1126 3876 Χριστοῦ
1180 3803 1255 3866 ὼς
1286 3802 1573 3873 ἀνθρώπου
1630 3800 1755 3855 καθ’
1796 3802 1962 3872 ὑμᾶς,

369 3904 474 3959 ποῦ
503 3901 775 3973 ζητοῦμεν
831 3898 925 3953 xui
955 3896 1016 3949 τὸ
1039 3896 1186 3967 θῦμα
1214 3895 1316 3965 τῆς
1368 3896 1529 3958 σκιᾶς
1564 3910 1579 3961 ;
1613 3895 1663 3947 εἰ
1692 3896 1962 3965 νοήσομεν

368 3996 465 4051 οὖν
490 3993 552 4047 τὸ
586 3987 942 4046 ἀποστολικὸν
981 3986 1063 4039 ὅτι
1090 3985 1179 4038 διὰ
1230 3984 1549 4053 Πνεύματος
1579 3982 1735 4051 ἁγίου
1763 3982 1962 4061 έαυτὸν

369 4089 601 4158 ἄμωμον
624 4083 966 4157 προσήνεγκε
998 4078 1078 4150 τῷ
1098 4077 1239 4148 Θεῷ,
1286 4075 1609 4144 γνωσόμεθα
1657 4073 1732 4158 ὡς
1755 4076 1783 4127 6
1800 4074 1961 4136 αὑτός

369 4157 432 4237 τε
463 4178 559 4232 xui
613 4171 854 4241 ἐφάπαξ·
883 4169 943 4224 οὐ
982 4170 1090 4240 γὰρ
1121 4168 1215 4221 xui
1247 4166 1527 4231 πολλάκις,
1557 4165 1651 4217 xui
1666 4157 1746 4226 εἷς
1776 4165 1871 4217 xui
1897 4163 1959 4217 οὐ

371 4268 593 4329 πλείους
653 4263 947 4335 ἱερατεύων
992 4260 1150 4321 ἐστὶ,
1185 4255 1500 4332 λειτουργός
1546 4271 1609 4313 τε
1658 4253 1815 4318 Θεοῦ,
1866 4255 1959 4307 καὶ

370 4361 521 4435 θῦμα
558 4356 678 4428 Θεῷ
734 4354 934 4424 ὁμοίως
961 4368 1022 4409 τε
1067 4349 1165 4403 xui
1193 4348 1325 4410 Θεὸς
1375 4344 1879 4417 λειτουργούμενος·
1907 4344 1958 4397 εί

369 4457 483 4529 γὰρ
525 4453 615 4509 διὰ
670 4450 992 4520 Πνεύματος
1046 4444 1206 4513 ἁγίου
1274 4440 1713 4512 προσφερόμενος
1762 4440 1957 4495 ἑαυτὸν

370 4547 759 4619 προσενεγκεῖν
814 4543 1070 4610 λέγεται,
1102 4537 1198 4591 xui
1227 4536 1338 4588 οὐδ’
1363 4535 1551 4604 ἐτέρου
1587 4531 1955 4604 προσενεχθῇ-

2052 2043 2113 2090 ut
2145 2034 2428 2093 dicuntur.
2475 2039 2535 2093 Id
2588 2048 2675 2096 est
2725 2043 2870 2098 Deus
2896 2060 3005 2099 non
3061 2056 3146 2101 est
3200 2049 3347 2104 Deus
3398 2052 3632 2119 homini,

2052 2142 2156 2181 nec
2180 2127 2347 2182 homo
2378 2130 2490 2185 Deo
2514 2131 2680 2186 homo
2707 2142 2919 2191 naturae
2960 2153 3079 2206 qua:
3126 2148 3255 2194 sunt
3284 2142 3337 2196 in
3376 2144 3632 2209 Domino,

2053 2220 2135 2273 sic
2162 2219 2309 2275 inter
2335 2236 2395 2276 se
2417 2234 2747 2293 pugnarent.
2782 2227 2927 2284 inter
2964 2246 3084 2299 qum
3118 2233 3291 2289 Deum
3321 2234 3471 2301 facit,
3501 2254 3635 2293 sane

2054 2320 2115 2364 ut
2143 2311 2349 2378 divina,
2377 2330 2500 2384 quae
2544 2316 2730 2372 divina
2760 2320 2902 2375 facta
2953 2330 3039 2377 est
3098 2326 3218 2379 sine
3261 2327 3430 2383 dubio
3476 2332 3635 2401 quasi

2054 2419 2164 2458 non
2194 2407 2526 2461 naturaliter
2562 2408 2751 2463 divina
2791 2426 2859 2465 ex
2894 2414 3144 2483 antiquo.
3182 2417 3435 2475 Christus
3491 2424 3637 2491 ipse,

2055 2493 2110 2547 id
2148 2502 2233 2549 est
2280 2496 2414 2549 unio
2446 2497 2754 2555 divinitatis
2788 2510 2844 2555 et
2893 2502 3283 2571 humanitatis,
3346 2524 3449 2563 nec
3498 2510 3636 2565 sim-

2056 2584 2276 2653 pliciter
2303 2587 2447 2641 Deus
2472 2587 2712 2643 hominis
2732 2600 2787 2643 et
2842 2592 2929 2645 sui
2962 2595 3157 2661 totius,
3199 2612 3302 2652 nec
3346 2598 3514 2655 homo
3539 2601 3638 2658 Dei

2058 2682 2115 2729 et
2138 2677 2223 2730 sui
2250 2674 2553 2733 secundum
2587 2680 2937 2750 hypostasin,
2965 2685 3061 2740 sed
3090 2687 3255 2742 simul
3280 2691 3425 2746 Deus
3451 2701 3508 2748 et
3538 2693 3639 2749 ho-

2059 2778 2151 2817 mo
2179 2764 2295 2833 ipse
2324 2782 2354 2819 a
2392 2766 2504 2821 Deo
2533 2768 2796 2825 diﬁ‘erens
2827 2772 3107 2829 induendo
3132 2776 3552 2848 humanitatem,
3578 2795 3641 2842 et

2062 2856 2315 2913 homines
2346 2875 2618 2930 superans
2660 2864 3043 2933 participando
3078 2866 3378 2929 divinitati.

2711 3147 2863 3204 CAP.
2906 3149 2999 3205 XI.

2135 3237 2487 3294 Sacerdotem
2520 3246 2833 3295 sanctorum
2858 3238 3139 3296 Christum
3170 3253 3329 3298 vocat
3356 3234 3644 3316 Scriptura

2067 3348 2239 3397 sacra,
2292 3340 2350 3386 et
2400 3334 2582 3387 onmis
2614 3333 2892 3399 sacerdos,
2954 3333 3048 3388 Dei
3090 3342 3178 3389 est
3215 3337 3519 3403 evidenter,
3553 3356 3648 3395 sa-

2066 3424 2276 3479 criﬁcat
2323 3425 2434 3479 Deo
2495 3439 2616 3484 suo.
2650 3432 2705 3478 et
2762 3425 2808 3479 si
2855 3425 3211 3483 insitutiones
3263 3430 3396 3500 legis
3448 3432 3644 3493 umbra

2064 3525 2222 3569 erant
2253 3514 2658 3570 institutionum
2687 3515 2825 3585 legis
2846 3516 3053 3586 gratim,
3095 3518 3153 3572 in
3186 3521 3382 3573 umbra
3414 3522 3504 3577 lex
3543 3524 3645 3578 hac

2064 3604 2188 3658 huit
2216 3604 2582 3668 sacerdotem,
2613 3603 2903 3658 evidenter
2928 3605 2983 3658 in
3009 3605 3127 3676 lege
3166 3608 3356 3676 gratia:
3385 3612 3647 3669 sacerdos

2065 3711 2186 3750 esse
2216 3696 2403 3750 debet.
2446 3695 2582 3751 Cum
2627 3710 2764 3749 vero
2801 3696 3135 3751 sacriﬁcium
3180 3698 3372 3755 habuit
3426 3704 3642 3769 umbra,

2065 3803 2191 3842 cum
2224 3787 2479 3843 Christus
2500 3797 2561 3841 ut
2594 3788 2760 3841 homo
2786 3788 2858 3842 sit
2905 3791 3167 3845 sacerdos
3198 3792 3343 3847 inter
3374 3810 3498 3870 nos,
3546 3797 3642 3855 ubi

2064 3895 2438 3950 quaereremus
2460 3880 2789 3935 sacriﬁcium
2823 3880 3052 3944 umbrae.
3084 3882 3129 3934 si
3153 3893 3475 3952 cooptamus
3494 3886 3644 3956 Apoc

2064 3972 2190 4028 stoli
2225 3972 2431 4026 dictum
2457 3970 2587 4039 quia
2617 3986 2715 4039 per
2747 3969 3018 4039 Spiritum
3081 3982 3332 4027 sanctum
3399 3977 3643 4047 seipsum

2062 4064 2317 4119 exhibuit
2361 4062 2908 4133 irreprehensihilem
2965 4062 3115 4129 Deo,
3189 4065 3434 4122 sciemus
3493 4068 3642 4139 quod

2062 4157 2179 4226 ipse
2211 4155 2529 4219 semel,non
2547 4162 2731 4208 autem
2760 4153 2986 4222 pluries,
3021 4164 3078 4208 et
3104 4172 3250 4209 unus
3270 4166 3355 4211 est
3384 4161 3644 4219 sacerdos

2059 4254 2117 4302 et
2157 4262 2268 4301 non
2300 4247 2489 4317 plures
2530 4246 2853 4302 ministrans
2897 4247 3031 4310 Deo,
3064 4254 3121 4301 et
3151 4248 3391 4306 victima:
3441 4253 3643 4312 similis

2058 4338 2194 4402 Deo,
2224 4345 2282 4391 et
2327 4338 2476 4394 Deus
2510 4337 2599 4391 cui
2638 4336 2901 4403 oﬂ‘ertur;
2960 4352 3087 4397 nam
3146 4338 3192 4393 si
3242 4355 3340 4409 per
3372 4340 3639 4412 Spiritum

2059 4439 2310 4491 sanctum
2349 4430 2550 4500 legitur
2593 4431 2835 4497 seipsum
2882 4428 2987 4485 sibi
3026 4429 3083 4483 in
3139 4431 3325 4488 cibum
3356 4432 3550 4502 fuisse,
3584 4448 3639 4497 et

2058 4539 2169 4577 non
2195 4524 2305 4576 alio
2341 4522 2527 4592 dirigi,
2581 4522 2810 4577 evidens
2844 4531 2928 4576 est
2975 4523 3122 4592 quod
3153 4525 3347 4580 eadem
3404 4536 3488 4582 est
3540 4545 3641 4590 na.

369 4613 478 4705 ναι,
524 4637 683 4706 δῆλον
713 4634 789 4697 ὡς
816 4634 913 4702 τῆς
954 4627 1120 4683 αὑτοῦ
1157 4625 1373 4697 φύσεώς
1406 4628 1522 4678 ἐστι
1550 4623 1612 4678 τὸ
1645 4622 1871 4695 Πνεῦμα
1894 4622 1955 4680 τὸ

2065 4624 2187 4670 tura
2218 4613 2460 4686 Spiritus
2485 4615 2663 4673 sancti
2712 4614 2805 4685 qui
2857 4623 2943 4671 est
2968 4616 3138 4675 etiam
3172 4619 3336 4675 Deus.

370 4730 545 4798 ἅγιον,
580 4728 609 4781 6
632 4728 749 4785 ἐστι
782 4724 878 4778 xui
909 4720 1061 4783 Θεός.

972 4810 1220 4864 ΚΕΦΑΑ.
1254 4808 1355 4865 1Β¹.

442 4910 506 4967 Et
531 4910 632 4981 τῆς
688 4903 1016 4974 κεφαλῆςοὺ
1054 4901 1307 4965 δεσπόζει
1346 4899 1374 4957 6
1416 4898 1548 4967 Θεὸς
1604 4897 1799 4966 Λόγος,
1847 4894 1957 4954 οὐδ⁹

372 5008 483 5073 ἄρα
509 5003 631 5059 ὅλου
662 5000 757 5055 τοῦ
793 4998 1045 5067 σώματος
1105 4994 1376 5058 δεσπόζει·
1411 4994 1460 5044 εί
1488 4992 1544 5047 δὲ
1575 4993 1673 5062 τῆς
1718 4991 1954 5060 Ἐκκλη-

375 5096 497 5156 σίας
526 5093 732 5163 Κύριος
764 5092 791 5142 6
822 5088 953 5150 Θεὸς
984 5088 1177 5154 Λόγος,
1240 5085 1300 5149 ἒξ
1328 5084 1576 5152 ἀνάγκης
1609 5085 1703 5136 καὶ
1737 5082 1836 5151 τῆς
1864 5098 1959 5134 κε-

374 5186 551 5256 φαλῆς
576 5185 677 5253 τῆς
726 5180 1055 5251 Ἐκκλησίας
1077 5179 1193 5231 ἐστὶ
1242 5176 1469 5247 Κύριος.
1505 5177 1564 5235 Εἰ
1603 5174 1745 5227 κατὰ
1798 5173 1959 5242 φύσιν

375 5276 552 5343 πάντη
604 5273 846 5342 ίσότιμος
898 5270 997 5343 τὴν
1045 5269 1200 5334 τάξιν
1252 5268 1347 5320 xui
1371 5264 1644 5335 όμοταγὴς
1676 5266 1709 5334 ἠ
1751 5264 1962 5335 κεφαλὴ

376 5366 512 5436 πρὸς
540 5365 600 5419 τὸ
628 5364 747 5419 ὅλον
805 5362 984 5432 σῶμα.
1044 5361 1154 5417 οὐδ’
1183 5361 1293 5429 ἄρα
1337 5357 1545 5428 κεφαλὴ
1598 5358 1767 5419 ὅντως
1814 5358 1962 5409 ἐστὶν

373 5458 495 5527 ἥτις
529 5457 604 5518 ὡς
630 5454 773 5526 ἀρχὴ
815 5454 909 5509 xui
929 5451 1275 5521 ἐπικείμενον
1305 5448 1469 5518 μέρος
1505 5446 1584 5517 τῷ
1618 5447 1966 5516 ὑποκειμένῳ

373 5549 545 5615 αὐτῆς
561 5546 668 5618 ὅλῳ
696 5544 907 5615 σώματι
940 5543 1148 5595 νόεταιο
1198 5541 1244 5592 εί
1272 5540 1327 5591 δὲ
1352 5539 1519 5601 ὅντως
1567 5536 1885 5609 ὕπέρκειταί
1905 5553 1965 5589 τε

371 5637 542 5695 αὑτοῦ
567 5639 769 5708 φυσικῇ
798 5635 963 5699 θέσει,
1000 5633 1096 5686 xui
1112 5631 1169 5698 ἐξ
1196 5631 1361 5693 αὐτῆς
1384 5633 1491 5683 πᾶν
1511 5630 1571 5683 τὸ
1595 5630 1751 5699 σῶμα
1774 5644 1968 5699 συναρ-

382 5730 693 5801 μολογεῖται
723 5728 816 5780 xui
870 5721 1268 5794 συμϐιϐἁξεται
1294 5721 1387 5773 xui
1408 5721 1825 5791 ὲπιχορηγείται
1866 5720 1964 5780 τὰς

381 5820 660 5885 δυνάμεις,
707 5817 865 5888 δῆλον
912 5815 987 5878 ὡς
1038 5812 1253 5884 μεθέξει
1299 5811 1445 5876 τινὸς
1495 5812 1832 5883 ἡγεμονικῆς
1866 5812 1961 5867 τοῦ

384 5911 636 5985 σώματος
668 5908 738 5981 φύ
752 5924 881 5973 τεως
913 5905 1063 5979 παρὰ
1108 5903 1206 5978 τὴν
1244 5903 1724 5977 ὴγεμονευομένην
1754 5903 1848 5959 ὑπ’
1870 5905 1968 5960 αὐ.

2693 4814 2844 4873 CAP.
2885 4816 3006 4878 XII.

2130 4901 2188 4958 Si
2215 4903 2383 4974 capiti
2429 4918 2542 4959 non
2572 4904 2809 4975 imperat
2844 4907 2991 4963 Deus
3040 4909 3312 4975 Verbum,
3358 4927 3461 4968 nec
3511 4927 3641 4969 sane

2063 4995 2164 5049 toti
2224 4997 2446 5067 corpori
2507 4998 2761 5066 imperat.
2822 4998 2879 5053 Si
2932 5001 3181 5056 ccclesize
3238 5002 3504 5057 Dominus
3556 5014 3641 5061 est

2062 5085 2209 5140 Deus
2260 5086 2524 5151 Verbum,
2573 5088 2889 5141 necessario
2918 5095 3086 5143 etiam
3137 5092 3641 5160 capitistcclesim

2063 5182 2146 5228 est
2177 5175 2465 5230 Dominus.
2502 5176 2557 5229 Si
2587 5177 2892 5231 secundum
2940 5189 3193 5234 naturam
3252 5198 3418 5238 omne
3476 5194 3642 5253 caput

2063 5272 2148 5318 est
2182 5265 2430 5335 ejusdem
2483 5266 2711 5325 valoris,
2745 5268 3052 5323 secundum
3093 5269 3346 5324 ordinem
3385 5282 3553 5342 caput
3583 5274 3640 5331 in

2062 5356 2255 5410 eodem
2285 5358 2479 5411 ordine
2509 5366 2594 5410 est
2619 5357 2685 5410 ad
2714 5366 2886 5413 totum
2917 5375 3142 5428 corpus,
3174 5377 3284 5414 non
3306 5377 3439 5416 vero
3479 5375 3644 5433 caput

2065 5463 2194 5501 vere
2226 5456 2313 5500 est
2354 5447 2502 5518 quod
2552 5457 2613 5502 ut
2660 5449 2993 5517 principium
3041 5460 3097 5505 et
3147 5450 3470 5522 principalis
3516 5468 3647 5523 pars

2065 5538 2334 5607 prospicit
2365 5547 2477 5592 toto
2503 5539 2724 5612 corpori
2749 5540 2853 5609 ipsi
2875 5541 3150 5612 subjecto.
3182 5540 3238 5597 Si
3271 5553 3456 5599 autem
3509 5561 3643 5603 vero

2066 5637 2321 5699 Superest
2351 5631 2578 5703 physico
2616 5632 2893 5702 principio
2952 5635 3095 5704 ejus,
3141 5649 3208 5689 ex
3252 5636 3434 5705 capite
3477 5652 3645 5693 omne

2067 5735 2268 5790 corpus
2332 5722 2555 5792 adoptat
2588 5724 3086 5793 et,apprepinquat
3114 5733 3169 5779 et
3198 5726 3351 5779 addit
3388 5727 3645 5798 virtutes,

2067 5812 2355 5867 evidenter
2385 5828 2514 5883 ergo
2544 5814 2821 5885 particeps
2865 5826 2950 5870 est
3000 5816 3235 5888 alicujus
3277 5828 3489 5875 naturae
3522 5837 3648 5877 cor—

2068 5902 2220 5977 poris
2272 5902 2557 5960 directivae
2608 5920 2780 5977 prope
2830 5905 3135 5976 subjectum
3168 5907 3237 5962 ab
3270 5909 3361 5965 illa
3407 5911 3642 5967 similem
