4116 6430
479 485 616 548 1735

1742 484 2048 545 LEONTII
2091 484 2494 546 BYZANTINI

3595 478 3729 544 1736

473 602 579 671 ipsi
610 611 865 657 naturam
900 604 1070 659 totius
1107 606 1380 675 corporis,
1407 607 1566 675 cujus
1595 608 1639 660 si
1690 622 1799 660 non
1825 606 1895 660 sit
1916 621 2043 674 par-

2151 604 2244 673 τῆς
2274 602 2557 673 ὀμοούσιον
2592 602 2727 672 αὐτῇ
2756 598 2918 668 φύσιν
2958 599 3120 653 αὐτοῦ
3162 596 3256 653 τοῦ
3305 599 3429 653 ὅλου
3476 600 3731 671 σώματός

472 692 673 762 ticeps,
706 710 810 750 nec
840 706 925 749 est
954 706 1121 766 caput
1156 712 1281 751 cum
1324 713 1433 751 non
1479 698 1679 767 dirigat
1704 697 1914 766 reliqua
1938 697 2046 750 cir-

475 800 537 838 ca
565 785 750 851 illam;
782 786 827 840 si
863 802 996 840 vero
1030 789 1311 857 particeps
1341 800 1427 844 est
1451 791 1571 860 ejus
1612 791 1707 859 qui
1758 799 1943 844 movet
1991 798 2048 845 et

471 878 583 948 agit
609 894 810 948 corpus
845 896 957 934 non
980 896 1110 934 vero
1146 882 1420 950 reliquum
1449 882 1857 952 dirigitur,'sed
1889 883 2046 950 prin-

474 970 701 1038 cipium.
731 970 904 1039 Igitur
931 981 991 1025 ut
1016 973 1250 1026 membri
1290 974 1464 1027 nostri
1489 981 1545 1027 et
1568 974 1754 1027 carnis
1785 989 1899 1026 suae
1938 973 2046 1026 Do-
2099 959 2102 963 ’

474 1069 658 1121 minus
688 1078 772 1122 est
798 1070 1049 1133 verbum,
1084 1069 1338 1139 quamvis
1369 1069 1475 1123 hoc
1505 1076 1667 1137 caput
1692 1077 1939 1120 nostrum
1968 1065 2049 1118 in-

475 1158 772 1228 telligatur,
810 1159 992 1214 adhuc
1036 1170 1092 1214 et
1125 1160 1259 1214 illud
1305 1177 1335 1214 a
1379 1160 1547 1213 verbo
1578 1159 1781 1213 dicitur
1814 1156 2043 1211 directa.

473 1247 592 1300 Non
616 1257 781 1317 caput
812 1248 1019 1304 Christi
1071 1250 1277 1304 dicitur
1310 1249 1490 1313 ‘Deus,
1542 1264 1654 1302 non
1698 1263 1832 1301 vero
1882 1245 2050 1298 totius

470 1339 701 1404 Christi,
737 1358 863 1395 nam
895 1344 1066 1397 totius
1099 1344 1246 1396 illius
1274 1342 1558 1412 proprium
1609 1348 1795 1409 caput,
1850 1337 1905 1392 id
1963 1344 2049 1391 est

474 1432 741 1499 Verbum,
783 1443 839 1489 et
879 1436 997 1505 ipse
1034 1453 1145 1491 non
1196 1436 1299 1491 sibi
1340 1436 1591 1506 imperat.
1644 1433 1699 1488 Si
1752 1447 1883 1486 vero
1908 1431 2051 1484 sicut

476 1524 617 1579 dicis
657 1527 801 1595 quod
852 1528 1089 1597 imperat
1120 1528 1353 1597 reliquo,
1389 1528 1621 1596 imperat
1673 1524 1870 1593 capiti,
1924 1538 2049 1576 cum

475 1616 685 1670 Christi
714 1628 881 1685 caput
907 1619 1052 1672 Deus
1077 1633 1199 1673 esse
1225 1618 1462 1681 dicatur,
1488 1617 1655 1686 igitur
1676 1615 1789 1669 Deo
1818 1614 2051 1681 imperat

477 1706 642 1769 Deus,
696 1719 822 1759 nam
882 1708 1101 1776 corpori
1154 1707 1404 1777 subjecto
1450 1707 1587 1770 Deo,
1621 1704 1675 1758 id
1723 1712 1810 1758 es‘.
1830 1702 2050 1757 Christo

479 1797 601 1862 toti,
634 1804 695 1849 ut
724 1797 931 1863 dicitis,
960 1806 1016 1853 et
1046 1806 1210 1869 caput
1238 1797 1581 1869 ipsius,idest
1604 1797 1797 1859 Deum,
1832 1801 2050 1864 oportet

478 1887 753 1959 subjicere
777 1889 889 1943 Deo
924 1888 1065 1960 ipso.

1102 2160 1253 2216 CAP.
1293 2159 1435 2215 XIII.

549 2248 607 2305 Si
636 2249 777 2305 Deus
793 2249 1037 2305 Verbum
1060 2266 1171 2304 non
1192 2259 1273 2305 est
1298 2251 1439 2304 Deus
1464 2258 1519 2303 et
1540 2249 1805 2304 Dominus
1823 2248 2049 2314 Christi,

476 2346 706 2400 evidens
720 2356 800 2399 est
822 2345 968 2415 quod
988 2361 1093 2399 non
1109 2355 1193 2399 est
1207 2345 1469 2413 templum
1484 2344 1577 2397 Dei
1592 2343 2049 2399 VerbiChristus.

478 2436 534 2490 Si
570 2452 703 2490 vero
740 2437 1004 2506 templum
1041 2437 1137 2490 Dei
1168 2437 1322 2491 verbi
1373 2444 1459 2490 est
1502 2435 1682 2500 Jesus,
1739 2437 2051 2491 necessario

477 2528 627 2581 Deus
655 2528 778 2596 ejus
812 2536 867 2580 et
895 2527 1161 2581 Dominus
1183 2537 1269 2581 est
1297 2528 1441 2580 Deus
1470 2526 1733 2581 Verbum.
1765 2527 1905 2581 Caro
1936 2528 2052 2581 sola

478 2614 857 2668 habitaculum
891 2614 1079 2679 Verbi,
1114 2631 1239 2668 nam
1288 2616 1542 2671 Christus
1584 2617 1846 2685 templum
1872 2626 1951 2671 est
1973 2617 2052 2669 si-

476 2707 591 2761 mul
614 2716 669 2759 et
688 2706 1156 2761 Deushabitansin
1177 2708 1380 2776 templo
1400 2724 1414 2773 ;
1435 2724 1558 2762 nam
1579 2725 1685 2762 non
1701 2710 1815 2762 sola
1839 2710 2049 2775 unctio,

476 2813 581 2851 nec
614 2807 815 2851 unctus
872 2814 1000 2852 vere
1043 2797 1325 2861 Christus,
1366 2800 1461 2853 sed
1498 2801 1686 2854 unctio
1730 2810 1787 2854 et
1817 2816 2048 2870 ungens,

473 2897 749 2943 eratvero
783 2904 997 2959 ungens
1050 2890 1364 2945 humanitas
1411 2876 1650 2957 Domini,
1696 2893 1884 2947 unctio
1918 2908 2052 2947 vero

478 2997 588 3035 non
626 2998 757 3035 sane
785 2991 867 3036 est
891 2982 1098 3051 aliquid
1134 2983 1397 3037 sensibile
1432 2985 1675 3054 pr0prie,
1709 2985 1806 3039 sed
1848 2985 2051 3039 divini-

477 3074 607 3127 tatis
646 3075 785 3145 ejus.
836 3074 984 3129 Deus
1012 3074 1182 3143 igitur
1210 3083 1265 3129 et
1303 3075 1468 3130 homo
1496 3076 1641 3131 idem
1669 3076 1941 3133 Christus.

1105 3258 1258 3315 CAP.
1294 3259 1435 3316 XIV.

550 3351 606 3405 Si
658 3351 842 3405 omnia
883 3367 983 3421 per
1041 3352 1282 3406 Verbum
1339 3369 1449 3407 non
1489 3353 1665 3407 solum
1716 3352 1857 3407 facta
1890 3361 2039 3415 sunt,

478 3440 572 3495 sed
639 3441 798 3506 ﬁunt,
852 3443 1083 3496 evidens
1110 3444 1365 3512 estquod
1400 3444 1560 3498 Jesus
1582 3452 1635 3498 et
1685 3444 1951 3497 Dominus
1996 3452 2051 3497 et

470 3532 730 3587 Christus
749 3550 847 3603 per
866 3535 1037 3589 Deum
1059 3535 1301 3589 Verbum
1321 3536 1558 3591 effectus
1579 3546 1684 3600 est,
1716 3546 1772 3591 et
1800 3537 2046 3591 omnium

475 3638 600 3691 quae
640 3640 740 3693 per
766 3624 1006 3693 seipsum
1037 3624 1168 3679 facit
1223 3627 1369 3680 Deus
1403 3636 1459 3679 et
1488 3627 1753 3681 Dominus
1792 3638 1877 3681 est
1916 3629 2051 3683 Ver-

479 3715 633 3769 bum.
669 3715 725 3769 Si
779 3716 946 3784 igitur
1001 3717 1268 3771 Dominus
1299 3716 2047 3782 etChristus,sicutdieitur,

474 3806 656 3861 factus
677 3817 761 3861 est
782 3824 810 3860 a
832 3810 962 3868 Deo.
986 3808 1166 3872 Jesus,
1189 3810 1465 3877 quomodo
1489 3810 1669 3864 adhuc
1686 3827 1715 3864 a
1739 3812 1850 3864 Deo
1869 3809 2048 3863 domi-

477 3901 685 3953 natur?
712 3901 831 3955 Non
852 3901 995 3954 enim
1034 3902 1302 3955 eatholice
1349 3902 1512 3971 potiri
1553 3903 1699 3956 omni
1741 3902 2050 3956 substantia

472 3990 546 4043 ad
588 4001 839 4045 naturain
890 4008 1045 4045 suam
1099 4002 1385 4063 spectante
1414 4032 1428 4057 ,
1475 3992 1697 4047 videtur
1742 3994 2051 4064 signiﬁcare

474 4085 629 4138 aliud
680 4085 824 4139 sicut
882 4085 1242 4155 intelligimus
1297 4086 1523 4156 proprie
1561 4086 1629 4141 de
1668 4080 1917 4141 Domino
1948 4088 2053 4140 Do-

476 4175 638 4240 mini,
696 4175 763 4228 ad
820 4191 983 4245 quem
1050 4175 1292 4240 dicitur,
1344 4174 1491 4245 quod
1547 4176 1731 4230 omnia
1795 4175 1873 4229 illi
1941 4175 2055 4230 sint

474 4262 764 4333 subjecta;
798 4266 844 4317 si
888 4279 1020 4316 vero
1074 4264 1201 4332 quia
1258 4263 1590 4331 quibusdam
1642 4264 1885 4333 potitur,
1940 4279 2052 4317 non

477 4352 647 4421 igitur
680 4352 938 4406 omnibus
973 4353 1118 4406 circa
1173 4353 1351 4422 ipsum
1392 4360 1451 4406 ut
1500 4354 1666 4417 Deus,
1699 4355 1802 4408 hoc
1845 4354 2050 4409 dicitur

475 4440 657 4512 ipsum
686 4444 889 4497 factum
915 4459 1037 4498 esse
1064 4452 1123 4498 et
1154 4445 1363 4499 Pilatus
1404 4452 1459 4498 et
1510 4445 1755 4499 llerodes
1794 4455 1941 4499 certe
1995 4454 2054 4499 ut

469 4548 543 4587 ex
573 4543 726 4604 parte
758 4534 891 4588 tales
922 4542 1082 4588 erant
1119 4534 1357 4597 Domini,
1399 4545 1454 4589 et
1478 4534 1606 4589 facti
1664 4547 1793 4591 sunt
1826 4554 1856 4591 a
1895 4538 2005 4591 Deo
2034 4555 2047 4603 ;

2148 698 2316 749 ἐστιν’
2347 690 2415 767 ἦς
2458 696 2507 748 εἰ
2547 694 2621 765 μὴ
2656 696 2895 765 μετέχει,
2929 694 3037 747 οὐδ’
3073 693 3179 765 ἄρα
3212 692 3422 763 κεφαλή
3453 695 3621 755 ἐστιν.
3653 695 3730 757 ὼς

2152 788 2287 858 μηδὲ
2319 786 2662 857 ήγεμονοῦσα
2718 786 2903 839 λοιπὸν
2950 786 3071 839 καθ’
3100 786 3291 855 αὑτήψ
3330 786 3379 838 εἰ
3406 785 3462 837 δὲ
3512 785 3733 854 μετέχει

2147 878 2242 931 τοῦ
2296 878 2571 939 κινοῦντος
2594 878 2689 931 καὶ
2714 879 2939 945 ἄγοντος
2984 878 3046 929 τὸ
3103 879 3284 946 σῶμα,
3317 876 3425 930 οὐδ’
3457 876 3565 945 ἄρα
3615 878 3729 929 λοι-

2150 969 2252 1021 πὸν
2288 970 2752 1039 ἤγεμονευόμενον
2801 968 2936 1021 ἀλλὰ
2966 968 3130 1039 ἄρχον
3179 969 3348 1021 ἐστίν’
3404 968 3601 1021 οὐκοῦν
3659 969 3734 1031 ὡς

2152 1061 2347 1131 μέλους
2381 1062 2477 1130 μὲν
2505 1060 2661 1131 ἡμῶν
2699 1058 2867 1130 οὔσης
2899 1062 2987 1113 καὶ
3015 1063 3114 1131 τῆς
3158 1062 3362 1132 σαρκὸς
3394 1062 3587 1114 ἑαυτοῦ
3616 1062 3732 1114 Κύ-

2152 1170 2265 1223 ριος
2299 1154 2327 1205 6
2372 1152 2575 1219 Λόγος,
2630 1152 2677 1203 εἰ
2728 1154 2821 1205 καὶ
2872 1154 3075 1222 ταύτης
3125 1156 3225 1224 τῆς
3286 1154 3530 1223 κεφαλῆς
3578 1154 3735 1222 ἡμῶν

2150 1242 2465 1313 νοουμένης,
2497 1244 2589 1295 ἐπὶ
2614 1244 2707 1295 καὶ
2735 1244 2874 1312 αὑτὴ
2935 1242 3027 1297 ὑπ’
3050 1244 3215 1298 αὑτοῦ
3254 1243 3493 1313 λέγεται·
3525 1245 3736 1315 κεφαλὴ

2152 1335 2260 1407 γὰρ
2308 1336 2402 1388 καὶ
2438 1336 2677 1406 Χριστοῦ
2735 1338 2763 1389 6
2788 1336 2920 1400 Θεὸς
2973 1338 3211 1407 εἴρηταιο
3246 1338 3305 1390 ού
3338 1338 3441 1406 μὴν
3469 1338 3563 1390 καὶ
3610 1338 3736 1390 ὅλου

2152 1427 2410 1497 Χριστοῦ·
2440 1428 2533 1481 τοῦ
2572 1428 2680 1498 γὰρ
2708 1428 2830 1480 ὅλου
2858 1429 2951 1481 καὶ
2988 1430 3021 1498 ἡ
3053 1428 3263 1498 κεφαλὴ
3306 1429 3467 1499 αὑτὴ,
3507 1430 3679 1499 ἤγουν
3709 1431 3739 1482 6

2153 1517 2345 1584 Λόγος·
2391 1518 2485 1570 καὶ
2534 1517 2696 1580 αὐτὸς
2757 1517 2954 1571 ἑαυτοῦ
3000 1521 3060 1571 o6
3096 1518 3367 1581 δεσπόζει·
3401 1518 3537 1571 εἰδὲ
3594 1518 3741 1572 καθὰ

2155 1607 2259 1676 φὴς
2287 1608 2347 1660 τὸ
2372 1608 2632 1671 δεσπόζον
2681 1608 2775 1661 τοῦ
2806 1608 3021 1668 λοιποῦ,
3074 1609 3170 1662 καὶ
3215 1612 3313 1680 τῆς
3353 1609 3741 1695 κεφαλῆςβε-

2156 1699 2365 1765 σπόζει,
2409 1701 2532 1753 ἐπεὶ
2568 1700 2805 1770 Χριστοῦ
2841 1702 3050 1771 κεφαλὴ
3081 1704 3108 1754 6
3140 1701 3272 1764 Θεὸς
3314 1698 3454 1755 εἶναι
3499 1702 3738 1773 ἐρρήθη,

2153 1789 2261 1859 ἄρα
2290 1792 2505 1845 καὶτοῦ
2541 1793 2675 1845 Θεοῦ
2725 1794 2975 1858 ὅεσπόζει
3018 1796 3045 1847 ό
3080 1794 3232 1857 Θεός·
3268 1794 3363 1847 τοῦ
3390 1794 3501 1865 γὰρ
3543 1794 3739 1865 σώμαι

2153 1897 2245 1944 τος
2273 1883 2713 1955 ύποτεταγμένου
2754 1884 2830 1954 τῷ
2852 1884 2972 1955 Θεῴ
3006 1887 3172 1955 ἤγουν
3209 1886 3450 1956 Χριστοῦ
3478 1887 3624 1952 ὅλου,
3661 1886 3743 1949 ὥς

2086 1962 2127 2017 Β
2161 1995 2321 2047 φατε,
2360 1979 2455 2031 καὶ
2487 1978 2585 2047 τὴν
2630 1977 2873 2047 κεφαλὴν
2905 1976 3093 2043 «6:06,
3122 1980 3291 2050 ἤγουν
3321 1978 3412 2032 τὸν
3448 1978 3600 2046 Θεὸν,
3657 1979 3745 2033 δεῖ

2157 2069 2475 2125 ὑποκεῖσθαι
2501 2068 2579 2139 τῷ
2623 2068 2772 2140 αὐτῷ
2802 2070 2943 2140 Θεῷ.

2784 2159 3037 2215 ΚΕΦΑΛ.
3063 2160 3162 2214 ll".

2232 2252 2295 2305 Et
2326 2252 2400 2323 μὴ
2425 2252 2555 2313 Θεὸς
2572 2251 2665 2304 καὶ
2687 2250 2954 2319 δεσπότης
2972 2250 3067 2303 τοῦ
3089 2248 3327 2320 Χριστοῦ
3349 2251 3377 2303 6
3392 2249 3522 2313 Θεὸς
3542 2251 3741 2319 Λόγος,

2155 2344 2314 2415 δῆλον
2339 2345 2421 2397 ὅτι
2471 2342 2593 2396 οὐδὲ
2621 2342 2749 2406 ναός
2782 2341 2876 2396 τοῦ
2904 2342 3042 2394 Θεοῦ
3070 2344 3244 2407 Λόγου
3273 2344 3303 2395 6
3325 2342 3581 2412 Χριστός’
3610 2343 3659 2395 ει
3685 2342 3745 2396 δὲ

2154 2439 2279 2500 ναὸς
2332 2436 2426 2489 τοῦ
2474 2435 2610 2488 Θεοῦ
2661 2435 2835 2503 Λόγου
2873 2430 2957 2506 ᾖό
3002 2433 3230 2503 Ἰησοῦς,
3257 2433 3314 2500 ἐξ
3361 2434 3607 2504 ἀνάγκης
3641 2435 3741 2489 καὶ

2153 2531 2283 2593 Θεὸς
2305 2527 2468 2582 αὐτοῦ
2500 2528 2595 2581 καὶ
2647 2527 2910 2597 δεσπότης
2937 2528 2965 2579 6
2996 2526 3128 2589 Θεὸς
3152 2527 3344 2594 Λόγος.
3374 2525 3439 2578 Ἦ
3470 2525 3608 2596 σὰρξ
3642 2528 3743 2594 μό.

2154 2634 2217 2685 νη
2253 2616 2377 2680 ναὸς
2436 2614 2528 2669 τοῦ
2569 2614 2765 2683 Λόγου’
2817 2618 2844 2669 ὁ
2877 2614 2986 2687 γὰρ
3035 2615 3270 2687 Χριστὸς
3310 2616 3434 2680 ναὸς
3470 2616 3588 2686 ἅμα
3647 2618 3746 2669 καὶ

2153 2709 2283 2769 Θεὸς
2310 2707 2531 2759 ὲνοικῶν
2558 2705 2637 2775 τῷ
2674 2705 2787 2776 ναῷ
2816 2708 2983 2759 ἐστιν·
3012 2706 3135 2758 οὔτε
3169 2708 3280 2775 γὰρ
3319 2708 3526 2779 χρίσμα
3558 2709 3743 2777 μόνον,

2152 2796 2276 2850 οὔτε
2327 2797 2756 2868 χρισθησόμενον
2808 2799 2836 2850 6
2874 2798 3111 2867 Χριστὸς
3171 2798 3410 2869 ἀληθῶς,
3452 2798 3588 2850 ἀλλὰ
3620 2800 3747 2869 χριῖ⁴

2157 2906 2265 2959 σμα
2326 2891 2420 2943 καὶ
2466 2891 2493 2941 6
2534 2889 2817 2960 χρισθείςο
2854 2883 2922 2960 ἦν
2942 2890 2997 2941 δὲ
3055 2889 3116 2941 τὸ
3150 2889 3247 2960 μὲν
3279 2890 3497 2961 χρισθὲν
3533 2890 3595 2943 τὸ
3630 2895 3745 2943 ἀν-

2155 2982 2424 3050 θρώπινον
2453 2982 2546 3033 τοῦ
2596 2982 2823 3052 Κυρίου’
2859 2983 2920 3034 τὸ
2950 2982 3006 3035 δὲ
3061 2982 3292 3053 χρίσμα,
3337 2984 3438 3036 οὐκ
3482 2982 3746 3051 αἰσθητὸν

2151 3072 2348 3143 δηλαδή
2379 3090 2432 3126 τι
2465 3074 2623 3140 ὅλως,
2654 3073 2792 3127 ἀλλὰ
2817 3074 2878 3127 τὸ
2908 3075 3064 3129 Θεῖον
3109 3075 3295 3130 αὐτοῦ⁸
3344 3077 3478 3139 Θεὸς
3502 3077 3612 3147 ἄρα
3644 3077 3745 3131 καὶ

2153 3164 2438 3233 ἄνθρωπος
2466 3167 2494 3219 6
2531 3165 2691 3227 αὐτὸς
2727 3167 2982 3235 Χριστός.

2716 3257 2972 3312 ΚΕΦΑΛ.
3002 3256 3098 3312 ΙΔ’.

2226 3346 2290 3401 El
2320 3346 2497 3401 πάντα
2548 3348 2634 3402 διὰ
2662 3348 2756 3402 τοῦ
2818 3350 2993 3417 Λόγου
3027 3350 3087 3403 o6
3138 3350 3298 3419 μόνον
3330 3351 3575 3419 γέγονεν,
3605 3352 3745 3409 ἀλλὰ

2154 3441 2252 3495 καὶ
2300 3442 2543 3511 γίνεται,
2593 3441 2751 3512 δῆλον
2787 3442 2868 3495 ὅτι
2930 3442 3023 3497 καὶ
3052 3444 3081 3495 6
3123 3443 3331 3512 Ἰησοῦς
3384 3444 3481 3497 καὶ
3532 3446 3744 3516 Κύριος

2155 3536 2250 3587 καὶ
2278 3535 2513 3606 Χριστὸς
2538 3534 2626 3587 διὰ
2658 3534 2750 3587 τοῦ
2782 3532 2919 3588 Θεοῦ
2948 3534 3122 3602 Λόγου
3171 3536 3406 3603 ἐγένετο·
3435 3537 3652 3590 πάντων
3682 3540 3742 3591 Et

2152 3627 2261 3680 τῶν
2294 3626 2361 3680 δι’
2386 3625 2571 3692 αὑτοῦ,
2601 3624 2736 3689 Θεὸς
2795 3626 2889 3679 καὶ
2921 3627 3199 3697 Δεσπότης
3228 3628 3255 3679 6
3303 3628 3495 3695 Λόγος.
3553 3630 3618 3681 Εἰ
3646 3627 3745 3682 οὖν

2153 3720 2218 3792 δὴ
2269 3720 2477 3790 Κύριος
2528 3721 2622 3771 καλ¹
2666 3720 2900 3790 Χριστὸς
2929 3758 2944 3782 ,
2999 3719 3181 3782 καθὼς
3217 3720 3451 3790 εἴρηται,
3507 3723 3743 3793 ἐποιήθη
3788 3752 3791 3755 ν

2155 3810 2259 3863 ὑπὸ
2280 3810 2372 3863 τοῦ
2402 3808 2561 3875 Θεοῦ,
2580 3811 2608 3862 6
2637 3807 2862 3878 Ἰησοῦς,
2889 3809 3004 3873 πῶς
3029 3809 3107 3862 ἔτι
3132 3810 3236 3863 ὑπὸ
3263 3811 3355 3863 τοῦ
3384 3810 3520 3868 Θεσξῦ
3543 3814 3744 3866 δεσπό-

2156 3902 2310 3966 ζεται
2339 3919 2353 3967 ;
2377 3901 2451 3953 O6
2474 3900 2583 3971 γὰρ
2611 3899 2914 3963 καθολικῶς
2942 3901 3001 3954 τὸ
3023 3901 3297 3970 κυριεύειν
3325 3901 3502 3973 πάσης
3518 3903 3615 3972 τῆς
3642 3921 3748 3956 πα·-

2158 3992 2226 4064 pit
2250 3993 2350 4062 τὴν
2375 3991 2535 4060 φύσιν
2583 3991 2748 4046 αὐτοῦ
2800 3991 2986 4054 οὐσίας
3014 3989 3150 4061 ἔχων
3172 3992 3363 4062 ὁρᾶται
3394 3992 3600 4056 λοιπὸν,
3629 3992 3745 4046 ὦσ-

2154 4102 2258 4156 περ
2287 4083 2514 4154 νοοῦμεν
2543 4083 2634 4137 ἐπὶ
2654 4083 2747 4136 τοῦ
2772 4083 2975 4155 κυρίως
3011 4084 3215 4153 Κυρίου
3252 4084 3386 4155 πρὸς
3406 4085 3465 4139 ὃν
3495 4085 3740 4157 εἴρηται,

2159 4176 2283 4229 Ὅτι
2316 4173 2387 4227 τὰ
2417 4174 2711 4245 σύμπαντα
2736 4173 2899 4227 δοῦλα
2914 4172 2999 4226 σά·
3028 4174 3149 4227 εἰδὲ
3172 4175 3255 4228 ὅτι
3280 4175 3441 4228 τινῶν
3471 4177 3745 4248 κυριεύει,

2155 4269 2215 4320 οὐ
2250 4268 2356 4338 μὴν
2390 4268 2487 4319 καὶ
2530 4265 2748 4319 πάντων
2777 4265 2887 4319 τῶν
2913 4268 3047 4337 παρ’
3082 4266 3248 4319 αὑτὸν
3304 4267 3498 4339 ὥσπερ
3520 4271 3547 4321 6
3582 4270 3747 4336 Θεὸς,

2155 4359 2311 4412 τοῦτο
2353 4358 2568 4430 εἴρηται
2604 4358 2699 4411 καὶ
2733 4357 2894 4420 αὐτὸς
2925 4358 3200 4426 γενέσθαι,
3237 4358 3334 4413 καὶ
3382 4360 3615 4424 Πιλᾶτος
3651 4364 3751 4415 καὶ

2167 4449 2413 4519 Ἡρώδης
2460 4450 2590 4518 ἄρα,
2636 4448 2710 4512 ὡς
2763 4449 2829 4501 ὲκ
2873 4448 3075 4519 μέρους
3115 4449 3309 4502 τοιοίδε
3358 4449 3556 4519 Κύριοι
3612 4453 3749 4515 εἱσι,

2156 4544 2250 4595 καὶ
2296 4542 2523 4610 γέγοναν
2573 4540 2677 4593 ὑπὸ
2710 4539 2868 4593 Θεοῦ’
2902 4541 2982 4594 ἔτι
3025 4541 3134 4612 μὴν
3190 4543 3237 4595 εἱ
3271 4542 3345 4612 μὴ
3377 4543 3521 4595 κατὰ
3552 4543 3754 4597 τούσδε

473 4626 661 4680 adhuc
698 4626 865 4695 igitur
911 4625 957 4679 si
996 4642 1104 4679 non
1143 4626 1448 4681 secundum
1501 4628 1602 4682 hos
1648 4629 1762 4698 ipse
1818 4631 2050 4700 quadam

2159 4634 2259 4685 καὶ
2295 4632 2459 4694 αὐτὸς
2487 4631 2616 4703 ἀξίᾳ
2648 4633 2759 4685 τινὶ
2798 4632 2894 4685 καὶ
2935 4633 3283 4697 κωδικέλλοις
3309 4633 3471 4686 ἔλασε
3516 4634 3617 4704 τὴν
3646 4654 3755 4688 xu-

472 4717 744 4786 dignitate
772 4724 827 4769 et
864 4716 1106 4786 glebulis
1132 4717 1347 4786 accepit
1391 4718 1821 4776 dominationem
1872 4724 2050 4779 factus

2156 4725 2381 4796 ριότητα
2412 4725 2657 4795 ποιηθεὶς
2707 4724 2934 4792 Κύριος,
2967 4726 3127 4797 δῆλον
3161 4726 3237 4789 ὡς
3264 4726 3405 4781 κατὰ
3452 4727 3553 4797 τὴν
3581 4729 3756 4797 ποίη-

476 4808 747 4864 Dominus
772 4808 1061 4863 evidenter
1098 4809 1403 4863 secundum
1438 4812 1715 4866 actionem
1756 4816 1875 4884 ejus
1897 4854 1912 4879 ,
1955 4832 2050 4870 na-

2159 4834 2245 4868 σιν
2276 4814 2467 4879 αὐτοῦ,
2520 4816 2620 4886 τὴν
2653 4815 2814 4885 φύσιν
2852 4817 3026 4887 αὐτὴν
3075 4817 3180 4870 ὑπὸ
3231 4818 3326 4871 τοῦ
3377 4818 3513 4871 Θεοῦ
3546 4837 3755 4891 κύρια-

475 4909 657 4955 turam
705 4901 877 4970 ipsam
909 4902 1070 4955 aDeo
1107 4910 1166 4954 ut
1213 4902 1451 4956 Domino
1509 4912 1571 4956 ut
1622 4903 1835 4959 dixerat
1872 4904 2050 4961 factus

2153 4907 2287 4972 κῶς,
2316 4906 2392 4971 ὡς
2444 4908 2638 4973 εἰπεῖν,
2675 4906 2920 4977 ποιηθεὶς
2947 4908 3004 4959 ὲν
3043 4908 3122 4979 τῷ
3178 4908 3479 4973 κτίζεσθαι,
3538 4911 3759 4982 Κύριός

477 4996 532 5048 in
582 4994 935 5049 institutione
979 4994 1245 5048 Dominus
1306 5004 1392 5049 est
1442 4996 1712 5063 omnium,
1762 4998 2050 5053 evidenter

2156 4999 2272 5052 ἐστι
2304 4999 2544 5066 πάντων,
2576 4999 2818 5069 δηλονότι
2850 5001 3016 5071 χωρὶς
3052 5000 3145 5055 τοῦ
3193 5001 3562 5068 ὑποτάξαντος
3594 5006 3760 5078 αύτῷ

476 5089 599 5141 sine
628 5088 721 5141 illo
741 5087 836 5155 qui
855 5086 904 5141 ei
930 5086 1115 5140 omnia
1142 5086 1386 5156 subjicit.
1411 5087 1467 5141 Si
1500 5103 1633 5142 vero
1668 5104 1778 5143 non
1811 5089 1939 5143 licet
1963 5090 2049 5142 in-

475 5180 724 5234 vincibili
748 5178 1109 5233 dominationi
1134 5180 1309 5234 creari
1333 5196 1609 5251 quemque
1643 5182 1697 5235 in
1726 5183 2045 5250 Dominum,

475 5274 704 5327 evidens
738 5281 823 5327 est
857 5273 1003 5341 quod
1032 5272 1336 5342 judicando
1379 5281 1629 5325 naturam
1671 5272 2047 5329 dominantem

375 5418 401 5433 θ
474 5366 655 5419 {actus
706 5372 792 5417 est
835 5364 890 5417 in
938 5372 1190 5416 naturam
1223 5364 1730 5433 supervenientem,
1784 5365 2048 5421 Dominus

472 5464 559 5509 est
586 5469 719 5509 vero
747 5455 852 5509 iste
907 5455 1088 5509 Jesus.
1127 5454 1258 5521 Qua:
1284 5471 1416 5525 ergo
1447 5456 1755 5511 substantia
1790 5468 1875 5511 est
1906 5458 2047 5528 phy-

474 5548 589 5602 sica
659 5547 953 5602 dominans
1020 5548 1246 5602 omnia?
1318 5548 1532 5613 Divina,
1612 5549 2046 5604 evidentissime.

470 5636 618 5701 Quid
680 5652 812 5706 ergo
858 5637 927 5691 de
976 5638 1109 5692 illo?
1140 5639 1201 5692 in
1237 5639 1425 5693 Jcsum
1475 5641 1778 5695 concilians
1827 5651 2049 5696 creatur

474 5725 597 5794 ejus
642 5727 909 5781 Verbum.
964 5727 1159 5797 Seipso
1212 5729 1380 5797 igitur
1440 5733 1735 5799 acquirens
1786 5733 1940 5785 illum
1994 5740 2049 5785 et

472 5819 855 5872 connaturalis
892 5820 943 5872 ei
972 5837 1040 5873 ex
1086 5820 1369 5873 creatione
1398 5821 1529 5876 fecit
1561 5824 1714 5877 illum
1754 5824 2045 5877 Dominum

476 5914 609 5959 vere
630 5921 727 5973 per
742 5906 1007 5975 seipsum;
1029 5908 1457 5977 participatione
1483 5911 1650 5980 igitur
1679 5912 1845 5968 Verbi
1871 5912 2045 5980 ipsius

2151 5093 2220 5145 τὰ
2263 5092 2464 5145 πάντα·
2520 5094 2568 5144 ει
2629 5093 2685 5146 δὲ
2739 5093 2799 5145 o6
2857 5093 3013 5163 θέμις
3058 5093 3417 5164 ἀνυποστάτῳ
3457 5097 3761 5166 κυριότητι

2150 5185 2446 5238 ούσιῶσθαί
2478 5201 2601 5238 τινα
2646 5187 2806 5254 φύσει
2854 5187 2933 5248 εἰς
2961 5184 3191 5255 Κύριον,
3223 5185 3381 5255 δῆλον
3413 5186 3491 5249 ὡς
3540 5188 3765 5256 ἐνδόσει

2152 5278 2512 5349 κυριευούσης
2554 5278 2773 5347 φύσεως
2822 5280 2901 5342 εἰς
2928 5279 3027 5349 τὴν
3058 5278 3359 5350 γενομένην
3390 5279 3553 5349 φύσιν
3581 5285 3761 5351 γεγέο

2152 5385 2309 5438 νηται
2366 5368 2487 5434 μὲν,
2534 5369 2741 5441 Κύριος
2786 5369 2843 5422 δέ
2880 5370 3028 5422 ἐστιν
3059 5371 3087 5421 6
3129 5370 3338 5439 Ἰησοῦς
3370 5364 3547 5435 οὗτος·
3576 5372 3661 5437 τίς
3696 5376 3763 5429 δὲ

2150 5462 2183 5530 ἤ
2214 5460 2545 5530 κυριεύουσα
2596 5462 2812 5514 πάντων
2848 5462 3096 5531 φυσικῶς
3149 5463 3309 5516 οὐσία
3337 5481 3351 5528 ;
3382 5466 3416 5535 ἤ
3445 5464 3563 5518 θεία
3604 5483 3765 5536 προ-

2151 5552 2347 5621 δήλως·
2392 5553 2594 5620 ταύτης
2639 5554 2697 5607 δέ
2720 5554 2773 5607 τί
2811 5572 2824 5619 ;
2875 5555 2948 5607 Τὸ
2997 5557 3076 5618 εἰς
3141 5557 3233 5608 τὸν
3281 5558 3490 5628 Ἰησοῦν
3537 5558 3763 5614 ἐνδόσι-

2156 5646 2253 5713 μόν
2277 5645 2393 5697 ἐστι
2416 5685 2431 5711 ,
2464 5649 2492 5699 6
2518 5648 2744 5718 κτίστης
2766 5645 2933 5701 αὐτοῦ
2986 5650 3180 5715 Λόγος·
3214 5649 3394 5720 ἑαυτῷ
3426 5649 3534 5721 γὰρ
3582 5667 3763 5721 περι-

2151 5736 2343 5799 κτίσας
2372 5737 2553 5806 αὑτὸν,
2584 5739 2679 5792 καὶ
2712 5740 2928 5809 συμφὸς
2977 5739 3112 5809 τῷδε
3144 5740 3239 5794 ἀπ’
3267 5742 3439 5812 αὐτῆς
3472 5744 3767 5812 ποιήσεως

2151 5824 2316 5877 αὐτοῦ
2352 5841 2365 5856 °
2403 5826 2608 5897 Κύριον
2662 5828 2827 5880 αὐτὸν
2881 5828 3049 5891 ὅντως
3115 5829 3181 5882 δι’
3234 5831 3429 5885 ἑαυτοῦ
3486 5834 3757 5902 ἐποιησεο

2152 5919 2214 5985 τῇ
2250 5917 2464 5986 μεθέξει
2497 5917 2588 5972 οὖν
2612 5918 2776 5973 αὐτοῦ
2799 5919 2891 5974 τοῦ
2913 5921 3087 5989 Λόγου
3119 5923 3210 5977 καὶ
3230 5924 3288 5977 ὲν
3315 5922 3467 5993 αὐτῷ
3493 5927 3758 5992 γεγονὼς
