4116 6424
334 402 339 407 ’
381 408 514 473 1737

1330 408 1730 471 ADVERSUS
1767 408 2314 474 NESTORIANOS.
2348 417 2580 478 -LIB.
2622 419 2689 479 V.

3516 421 3657 486 1733

376 514 471 576 καὶ
498 521 597 584 ὢν,
649 518 855 591 Κύριος
891 520 921 574 6
958 520 1189 591 Ἰησοῦς,
1222 520 1344 584 πῶς
1372 521 1439 574 ἂν
1490 520 1577 591 εὔη
1607 520 1685 585 ὠς
1732 522 1973 591 γεγοιὼς

2075 537 2130 581 et
2164 528 2341 583 factus
2364 538 2421 584 et
2447 530 2721 585 exsistens
2743 531 3010 586 Dominus
3033 532 3215 596 Iesus,
3250 536 3531 603 quomodo
3564 538 3648 591 tie

336 631 338 634 '
374 614 467 667 ὑπ’
524 614 712 675 αὐτου,
753 612 941 675 δοῦλος
1006 611 1103 665 τοῦ
1144 612 1509 682 πεποιηκότος
1553 612 1717 665 αὑτὸν
1767 612 1972 684 Κύριον

374 707 452 769 ὡς
500 706 719 775 ποίημα
760 705 947 759 λοιπόν
980 723 995 770 ς
1028 706 1089 757 Εἰ
1116 706 1224 776 γὰρ
1276 704 1338 756 τὸ
1399 703 1606 773 Κύριον
1636 700 1777 757 εἶναι
1810 705 1973 759 αὑτὸν

379 798 666 868 ἀναιρεθῇ.
706 798 804 855 καὶ
830 797 892 851 τὸ
943 797 1236 868 ποιηθῆναι
1282 794 1465 849 αὐτόν·
1500 794 1705 866 Κύριον
1737 795 1847 867 γὰρ
1876 797 1973 850 αύ·

373 890 467 941 τὸν
500 890 774 959 ἐποίησεν·
816 889 867 942 εί
918 888 976 943 δέ
1005 890 1122 942 ἐστι
1153 887 1368 958 ποίημά
1388 903 1449 940 τε
1486 889 1584 941 καὶ
1612 885 1841 957 Κύριος,
1869 888 1972 941 οὐκ

374 980 553 1045 ἄλλως
577 980 636 1035 δὲ
689 982 896 1054 Κύριος
926 982 1184 1054 ἐποιήθη,
1219 982 1361 1054 πλὴν
1401 984 1491 1038 διὰ
1534 984 1634 1054 τῆς
1679 981 1973 1047 οὐσιώδους

374 1074 544 1139 ἕξεως
599 1073 754 1128 τοῦδε
808 1070 979 1128 αὑτοῦ
1034 1076 1131 1129 τοῦ
1168 1076 1505 1147 ποιήσαντος
1558 1074 1817 1147 αύτὸν,ἢ
1875 1076 1973 1128 καὶ

374 1165 568 1219 ἑαυτοῦ
621 1164 876 1221 δεσπόσει
926 1170 956 1223 6
1004 1167 1164 1237 φύσει
1193 1167 1473 1239 Κύριος,ἢ
1505 1168 1599 1222 καὶ
1653 1168 1715 1221 τὸ
1747 1167 1971 1237 ποιητὸν

377 1255 580 1326 Κύριον
611 1256 783 1328 ἤγουν
824 1258 884 1312 τὸ
916 1258 1261 1331 ἀνθρώπινον
1289 1259 1457 1314 αὐτοῦ
1516 1258 1971 1331 συνελευθερώσει

376 1348 556 1420 ἑαυτῷ
583 1349 680 1403 καὶ
711 1350 931 1405 πάντων
964 1352 1403 1417 κατεξουσιάσει’
1451 1352 1562 1424 ἄρα
1589 1351 1633 1404 δ’
1663 1350 1755 1405 οῦν
1785 1353 1879 1406 καὶ
1912 1351 1971 1405 ἐν

374 1443 440 1512 τῇ
479 1439 738 1513 συνηθείᾳ
809 1443 1099 1515 ἐλεύθερον
1161 1444 1388 1515 ποιῆσαι
1424 1444 1578 1498 τόνδε
1612 1444 1803 1515 ἕτερόν
1845 1461 1971 1498 τινα

373 1531 645 1601 λέγοντες,
675 1530 741 1588 bc
772 1534 929 1589 τοῦδε
977 1535 1144 1590 αὐτοῦ
1180 1537 1275 1590 καὶ
1332 1535 1524 1590 δοῦλον
1550 1535 1827 1607 γενέσθαι,
1876 1535 1971 1592 τὸν

375 1624 669 1695 ποιηθέντα
706 1626 1019 1699 ἐλεύθερον,
1045 1627 1405 1698 λογισόμεθα.

988 1719 1240 1773 ΚΕΦΛΛ.
1272 1719 1379 1772 ῙΕ’.

445 1810 634 1882 Χωρὶς
662 1810 818 1864 τοῦδε
850 1810 1209 1877 δεσπόζεσθαι
1244 1812 1349 1866 ὑπὸ
1378 1810 1475 1865 τοῦ
1528 1810 1666 1866 Θεοῦ
1714 1811 1815 1884 τὴν
1863 1814 1971 1867 ὑπ-

372 1904 546 1974 ακοὴν
583 1904 895 1975 πληρῶσαι,
926 1905 961 1975 ἢ
1000 1904 1390 1977 ἀναμάρτητον
1462 1904 1722 1975 γενέσθαι
1777 1908 1845 1975 τῇ
1875 1905 1969 1960 τοῦ
2004 1887 2045 1941 Β

372 1997 539 2066 νόμον
566 1996 804 2067 φυλακῇ,
843 1995 1102 2050 ἀδύνατον
1151 1995 1445 2068 ἀνθρώπῳ.
1508 1996 1573 2051 El
1619 1993 1712 2051 οῦν
1750 1996 1813 2051 τὸ
1886 1996 1974 2050 δε-

374 2086 671 2152 σπόζεσθαι
703 2088 893 2152 ἁπλῶς
939 2089 1057 2142 ἐστι
1121 2088 1331 2142 τούτων
1394 2090 1591 2156 αῐτιον,
1648 2091 1819 2161 μόνης
1862 2091 1972 2143 ὑπ-

372 2181 548 2250 ακοῆς
591 2181 748 2254 χρεία
788 2176 857 2252 ἦν
918 2180 1119 2252 ⁴ἡμῶν,
1173 2182 1269 2235 καὶ
1319 2180 1420 2235 ούκ
1468 2182 1782 2252 οἰκονομίας
1836 2182 1972 2251 Χρι-

373 2272 502 2326 στοῦ
534 2274 614 2337 είς
659 2272 944 2327 δικαίωσιν
978 2273 1155 2343 ἡμῶν·
1194 2273 1319 2326 ἐπεὶ
1368 2273 1572 2336 πάντες
1632 2274 1793 2343 ἡμεῖς
1824 2272 1918 2326 καὶ
1941 2273 1970 2326 6

369 2365 617 2429 διάϐολος
642 2365 828 2431 αὐτὸς,
857 2364 1241 2437 δεσποζόμεθα
1270 2366 1375 2419 ὑπὸ
1399 2364 1492 2419 τοῦ
1521 2362 1681 2428 Θεοῦ,
1718 2362 1971 2434 ἀναμάρ-

373 2473 517 2527 τητα
571 2458 681 2528 ἄρα
745 2457 817 2511 τὰ
872 2455 1073 2521 πάντα,
1138 2457 1235 2509 καὶ
1278 2457 1338 2510 ὲν
1404 2454 1622 2526 φυλακῇ
1674 2453 1769 2508 τοῦ
1802 2454 1969 2524 νόμου

373 2551 621 2617 ἐγένοντο
683 2548 750 2603 ἂν
796 2590 813 2616 ,
866 2550 967 2602 καῖ
1021 2548 1152 2603 ἄνευ
1214 2547 1309 2603 τοῦ
1364 2547 1605 2620 Χριστοῦ
1665 2545 1973 2601 ὑποτασσό-

374 2658 513 2712 μενα
540 2659 554 2675 ο
610 2641 707 2696 καὶ
762 2644 900 2713 μετὰ
956 2641 1014 2695 δὲ
1058 2642 1159 2712 τὴν
1187 2642 1467 2713 σάρκωσιν
1538 2640 1631 2694 τοῦ
1676 2640 1852 2708 Λόγου
1896 2638 1972 2709 μὴ

371 2729 725 2784 ὑπακούοντα
780 2730 858 2801 τῷ
885 2730 1032 2802 μόνῳ
1061 2770 1077 2795 ,
1111 2732 1172 2784 οὐ
1207 2729 1517 2786 δικαιοῦταί
1556 2746 1687 2783 ποτε
1719 2744 1734 2761 ⁸
1766 2728 1828 2782 τὸ
1878 2727 1973 2782 οῦν

372 2825 614 2879 ἐναντίον
666 2823 940 2879 δείκνυται
982 2865 998 2888 ,
1062 2816 1107 2877 ὦ
1166 2817 1350 2878 οὗτοιο
1402 2824 1484 2876 ὃτι
1562 2822 1743 2893 σάρκα
1790 2821 1974 2890 ἁμαρ-

372 2919 492 2983 τίας
539 2913 707 2973 οὖσαν
734 2918 897 2988 φύσει
930 2916 1291 2987 δικαιωθῆναι
1344 2917 1437 2972 καὶ
1465 2913 1870 2969 ὑποτάσσεσθαι
1895 2912 1974 2982 τῷ

373 3013 528 3083 νόμῳ
556 3010 652 3065 τοῦ
699 3010 836 3064 Θεοῦ
906 3010 966 3064 οὐ
1005 3009 1335 3081 δυναμένην,
1384 3010 1487 3062 οὐκ
1511 3004 1580 3079 ἦν
1609 3004 1973 3074 δικαιωθῆναι

372 3103 469 3154 καὶ
499 3102 790 3173 πληρῶσαι
846 3103 1028 3156 πᾶσαν
1063 3101 1333 3170 ὑπακοὴν,
1389 3100 1437 3153 εί
1472 3100 1547 3172 μὴ
1587 3098 1676 3152 διὰ
1736 3098 1975 3171 μεταλή-

370 3197 518 3266 ψεως
540 3194 729 3260 οὐσίας
769 3195 1184 3267 ἀναμαρτήτου,
1215 3193 1340 3265 ἥτις
1370 3195 1519 3248 ἐστὶν
1563 3194 1598 3266 ἡ
1628 3193 1749 3247 θεία
1776 3195 1963 3265 μόνον.
1991 3224 2035 3284 c

977 3304 1230 3368 ΚΕΦΑΛ.
1250 3310 1367 3381 ις’.

442 3407 517 3463 Τὸ
535 3426 551 3459 ι
568 3405 795 3478 Ἒχρισέ
814 3408 911 3460 σεὸ
929 3406 1083 3468 Θεὸς,
1103 3406 1130 3457 6
1147 3406 1279 3469 Θεός
1301 3421 1417 3471 σου,
1450 3423 1470 3459 ι
1490 3404 1538 3458 εἰ
1566 3402 1642 3476 μὴ
1657 3402 1749 3457 τὸν
1764 3402 1973 3472 ἄνθρω-

373 3517 476 3555 πον
503 3500 651 3568 λέγει
679 3502 747 3570 τῇ
778 3500 955 3570 χρίσει
980 3498 1070 3551 τοῦ
1104 3496 1417 3569 Πνεύματος
1455 3494 1790 3567 τιμώμενον,
1827 3494 1964 3549 ἀλλὰ

374 3596 466 3648 τὸν
503 3593 638 3647 Θεὸν
667 3592 860 3661 Λόγον,
895 3593 1032 3662 πρὸς
1066 3590 1291 3662 ἀτιμίαν
1324 3589 1490 3643 αὑτὸν
1541 3588 1758 3662 Εχρισεν
1782 3589 1811 3641 6
1843 3586 1972 3658 χρί-

374 3704 475 3750 σας
496 3684 678 3749 αὐτὸν,
713 3683 935 3754 μείζονα
966 3676 1041 3737 ὧν
1097 3681 1259 3734 ἔλαϐε
1302 3681 1390 3734 δικ
1420 3681 1517 3751 τῆς
1555 3680 1789 3752 χρίσεως
1816 3678 1971 3750 ἔχον-

373 3796 443 3831 τα
474 3778 531 3830 ὲν
576 3779 640 3848 τῇ
677 3776 856 3848 οἰκείᾳ
883 3774 1062 3845 φύσει’
1095 3775 1206 3838 πᾶς
1260 3772 1371 3845 γὰρ
1408 3774 1437 3826 6
1475 3773 1784 3843 χριόμενος,
1820 3771 1971 3842 χρίε-

372 3889 466 3925 ται
496 3871 583 3924 ἵνα
612 3869 753 3942 λάϐῃ
780 3867 901 3923 τινὰ
930 3867 966 3922 ἃ.
998 3869 1056 3920 ὲν
1086 3868 1153 3938 τῇ
1189 3864 1350 3935 φύσει
1393 3863 1541 3934 ἔχειν
1598 3864 1661 3917 ού
1722 3864 1973 3917 δύναται.

388 3963 550 4017 Ἀλλὰ
584 3962 637 4016 τί
674 3962 863 4032 γέγονε
893 3960 982 4015 διὰ
1008 3960 1105 4029 τῆς
1138 3958 1372 4030 χρίσεως
1396 3959 1496 4028 τὴν
1530 3956 1692 4025 φύσιν
1729 3956 1835 4008 ὑπὸ
1879 3954 1973 4008 τοῦ

376 4056 512 4111 Θεοῦ
542 4049 696 4118 οὗτος
728 4055 756 4106 6
801 4051 1066 4123 χρισθεὶς,
1105 4053 1133 4103 ὁ
1158 4049 1463 4120 Ψαλμῳδὸς
1493 4047 1804 4119 προσλέγω
1837 4047 1974 4117 τῷδε

374 4147 469 4203 οὖν
504 4146 852 4219 προσεκτέον’
895 4144 1027 4197 Θεὸν
1052 4145 1161 4213 γὰρ
1207 4142 1303 4196 καὶ
1341 4142 1503 4196 αὐτὸν
1561 4140 1817 4209 ὀνομάζει
1866 4139 1976 4193 λοιο

375 4244 477 4296 πὸν
509 4242 599 4293 τὸν
630 4239 734 4293 ὑπό
776 4255 868 4291 του
901 4236 1214 4309 χρισθέντα·
1249 4234 1463 4305 πέφυκε
1500 4233 1559 4286 δὲ
1608 4231 1733 4285 οὔτε
1778 4230 1974 4304 αἰσθη-

375 4337 469 4389 τὸν
498 4333 622 4387 οὔτε
652 4332 841 4401 νοητόν
866 4348 919 4383 τι
950 4328 1083 4381 Θεὸν
1109 4327 1279 4390 ὅντως
1313 4328 1488 4379 ποιεῖν
1510 4363 1527 4388 ,
1564 4324 1704 4393 πλὴν
1735 4324 1769 4395 ὴ
1802 4323 1975 4384 ὅντως

378 4425 594 4494 θεότης’
627 4423 845 4490 ἀνάγκη
871 4415 963 4473 οῦν
992 4418 1224 4489 θεότητα
1270 4411 1408 4468 εἶναι
1438 4415 1537 4485 τὴν
1568 4412 1850 4486 χρίουσαν,
1885 4411 1973 4465 διὰ

376 4520 438 4571 τὸ
478 4536 495 4568 ι
536 4519 565 4570 ὁ
591 4515 722 4578 Θεός
756 4530 870 4567 σου·
913 4531 931 4564 ι
952 4511 1044 4565 καὶ
1074 4509 1306 4580 θεότητα
1332 4510 1392 4560 τὸ
1420 4507 1648 4579 χρίσμα,
1664 4504 1822 4559 διὰτὸ
1839 4506 1961 4558 θεο-

2076 630 2162 676 rct
2194 631 2257 676 ut
2293 621 2473 677 factus
2506 624 2610 679 sub
2640 625 2781 695 ipso,
2820 640 3016 681 servus
3036 628 3157 699 ejus
3187 628 3282 697 qui
3319 628 3453 684 fecit
3486 629 3657 684 etiam

2074 712 2344 768 Dominus
2371 723 2431 767 ut
2464 714 2572 770 alia
2608 717 3069 773 creatura?Nam
3120 719 3166 775 si
3210 721 3478 778 Dominus
3532 736 3658 777 esse

2073 806 2340 877 suscepit,
2386 807 2553 862 etiam
2599 818 2656 864 et
2697 808 2902 864 factum
2962 826 3106 875 esse,
3164 827 3292 867 nam
3344 811 3478 869 fecit
3528 828 3655 869 eum

2074 899 2389 965 Dominum,
2421 901 2467 955 si
2498 909 2583 957 est
2612 912 2867 959 creatura
2908 913 2964 958 et
3013 904 3301 971 Dominus,
3332 921 3449 961 non
3493 906 3657 961 aliter

2074 992 2343 1047 Dominus
2380 992 2559 1049 factus
2593 1003 2698 1059 est,
2731 996 2839 1049 nisi
2892 1012 2993 1066 per
3024 996 3345 1052 facultatem
3398 998 3659 1054 substan-

2073 1085 2258 1139 lialem
2295 1086 2545 1157 ejusdem
2582 1088 2676 1157 qui
2724 1087 2855 1143 fecit
2898 1089 3075 1154 illum,
3132 1090 3218 1145 vel
3265 1090 3370 1144 sibi
3422 1090 3658 1161 imperat

2073 1178 2169 1248 qui
2194 1185 2401 1233 natura
2443 1179 2734 1244 Dominus,
2766 1180 2854 1235 vel
2884 1191 3039 1236 certe
3068 1182 3306 1237 humana
3360 1198 3488 1252 pars
3534 1185 3658 1255 ejus

2072 1268 2218 1324 facta
2273 1270 2537 1342 magistra
2564 1285 2684 1327 sese
2718 1271 2941 1339 liberat,
2993 1281 3050 1327 et
3099 1275 3285 1329 omnia
3340 1275 3655 1346 gubernat;

2073 1360 2243 1429 igitur
2272 1361 2328 1414 in
2354 1360 2549 1416 habitu
2579 1360 2819 1417 liberum
2861 1361 3046 1418 facere
3091 1362 3386 1433 quemdam
3418 1364 3657 1420 alterum

2074 1452 2350 1518 dicentes,
2394 1468 2464 1509 ex
2511 1454 2696 1526 seipso
2739 1470 2875 1510 vero
2925 1471 3149 1511 servum
3179 1455 3327 1525 fieri,
3357 1459 3451 1529 qui
3478 1458 3658 1515 factus

2071 1554 2159 1602 est
2190 1546 2356 1612 liber,
2392 1548 2749 1604 concluditis.

2141 1817 2277 1875 Sine
2308 1819 2689 1877 dominatione
2719 1821 2819 1878 Dei
2862 1822 3237 1878 obedientiam
3269 1822 3537 1893 implere,
3570 1823 3656 1879 vel

2077 1909 2491 1980 impeccabilem
2533 1911 2651 1967 ﬁeri
2695 1913 2801 1969 sub
2835 1915 3091 1970 custodia
3122 1916 3281 1987 legis,
3312 1914 3658 1985 impossibile

2075 2009 2162 2055 est
2187 2000 2423 2057 homini.
2485 2000 2544 2058 Si
2576 2018 2711 2059 vero
2736 2004 2969 2075 simplex
2992 2006 3303 2061 dominatio
3338 2006 3540 2061 horum
3573 2015 3660 2061 est

2077 2106 2264 2156 causa,
2303 2093 2479 2148 solius
2534 2095 2875 2151 obedientia‘.
2928 2110 3068 2166 opus
3121 2097 3392 2151 habemus
3442 2105 3499 2151 et
3544 2113 3658 2150 non

2075 2185 2402 2240 mconomia:
2446 2185 2654 2242 Christi
2718 2186 2788 2243 ad
2849 2187 3307 2258 justificationem
3384 2195 3657 2243 nostram.

2075 2273 2372 2343 Postquam
2402 2291 2599 2330 omnes
2628 2292 2731 2332 nos
2754 2286 2812 2332 et
2852 2276 3108 2351 diabolus
3152 2277 3272 2348 ipse
3306 2276 3660 2332 dominamur

2075 2379 2106 2418 a
2136 2365 2272 2429 Deo,
2313 2364 2699 2435 impeccabilia
2725 2374 2859 2421 sunt
2904 2367 3111 2433 omnia,
3145 2376 3202 2422 et
3252 2368 3359 2423 sub
3408 2366 3661 2423 custodia

2075 2454 2214 2524 legis
2252 2462 2309 2509 et
2348 2455 2469 2510 sine
2517 2454 2742 2511 Christo
2793 2456 3066 2511 ordinata.
3110 2456 3183 2512 Et
3223 2466 3350 2528 post
3398 2458 3659 2512 incarna-

2077 2548 2287 2602 tionem
2306 2546 2472 2603 Vcrbi
2506 2548 2603 2618 qui
2633 2563 2744 2603 non
2782 2548 3051 2603 obediunt
3096 2550 3149 2604 ei
3193 2549 3322 2614 soli,
3371 2564 3661 2619 nunquam

2074 2635 2475 2708 justifieautur.
2514 2637 2705 2693 Etvos
2753 2638 2942 2694 dicitis
2980 2639 3324 2694 contrarium
3368 2640 3659 2710 possibile,

2077 2743 2301 2783 carnem
2331 2730 2675 2799 peccabilem
2719 2740 2919 2785 natura
2954 2730 3248 2802 justificari
3306 2738 3364 2788 et
3410 2731 3661 2787 ordinari

2076 2820 2197 2892 lege
2224 2821 2360 2888 Dei;
2408 2837 2518 2876 non
2562 2831 2748 2893 potest
2782 2838 2886 2879 nec
2922 2823 3235 2894 iustiﬁcari,
3267 2838 3371 2877 nec
3431 2823 3662 2892 implere

2076 2926 2297 2965 omnem
2328 2911 2726 2981 obedientiam,
2758 2914 2865 2968 nisi
2890 2929 2989 2983 per
3028 2912 3451 2968 descensionem
3508 2912 3661 2968 eisi»

2075 3002 2295 3059 steutiae
2327 3002 2705 3074 impeccabilis
2740 3019 2865 3074 quae
2896 3013 2985 3061 est
3015 3003 3240 3060 nonnisi
3266 3002 3479 3058 divina.

2702 3310 2858 3368 CAP.
2892 3308 3031 3367 XVI.

2143 3404 2261 3460 Hoc
2286 3403 2516 3459 verbum
2556 3423 2575 3455 ‹
2624 3402 2795 3459 Unxit
2824 3413 2877 3459 te
2924 3404 3090 3471 Deus,
3127 3404 3276 3460 Deus
3307 3411 3432 3460 tuus
3450 3415 3503 3473 ⁴ι,
3538 3424 3556 3458 ι
3612 3406 3661 3462 si

2072 3511 2185 3552 non
2226 3496 2364 3552 dicit
2406 3496 2687 3553 hominem
2740 3498 3072 3553 honoratum
3103 3498 3365 3554 unctione
3397 3500 3661 3571 Spiritus,

2074 3588 2170 3642 sed
2203 3589 2376 3643 Deum
2412 3587 2656 3644 Verbum
2687 3588 2757 3643 ad
2800 3589 3044 3646 dedecus
3082 3590 3243 3645 unxit
3267 3607 3395 3647 eum
3426 3607 3660 3663 ungens,

2074 3694 2175 3749 per
2210 3680 2528 3734 unctionem
2566 3680 2784 3750 accepit
2806 3681 3013 3751 majora
3045 3697 3212 3752 quam
3245 3681 3337 3737 illa
3369 3698 3492 3753 qua:
3533 3692 3665 3739 sunt

2075 3770 2313 3840 propria:
2334 3778 2545 3825 natura:
2575 3786 2685 3834 res,
2738 3786 2867 3826 nam
2901 3771 3085 3828 omnis
3119 3782 3322 3828 unctus
3349 3773 3579 3844 ungitur
3602 3785 3665 3830 ut

2074 3856 2314 3927 accipiat
2356 3857 2607 3927 quaedam
2659 3874 2783 3928 qua:
2829 3875 2898 3914 ex
2930 3860 3156 3930 propria
3210 3871 3406 3918 natura
3456 3863 3666 3920 habere

2077 3949 2297 4019 nequit.
2330 3950 2439 4005 Sed
2461 3950 2673 4021 aliquid
2704 3950 2882 4008 factus
2907 3961 2993 4008 est
3025 3970 3122 4024 per
3142 3956 3463 4012 unctionem
3499 3967 3667 4013 natu-

2078 4058 2153 4097 rae
2177 4042 2279 4098 iste
2300 4051 2503 4099 unctus
2528 4059 2559 4098 a
2582 4044 2716 4110 Deo,
2764 4054 2825 4099 ut
2855 4045 3145 4102 Psalmista
3171 4048 3500 4117 proclamat,
3535 4049 3668 4106 huic

2077 4134 2473 4205 adjiciendum.
2507 4135 2682 4190 Deum
2732 4136 2885 4191 enim
2928 4152 3061 4192 eum
3108 4138 3352 4208 appellat
3386 4140 3665 4211 reliquum

2078 4236 2331 4291 unctum,
2380 4226 2525 4299 fugit
2576 4243 2681 4283 nec
2734 4228 3075 4295 sensibilem,
3119 4246 3223 4286 nec
3258 4231 3669 4304 intelligibilem

2079 4320 2250 4375 Deum
2281 4336 2411 4377 vere
2453 4320 2657 4386 facere,
2689 4320 2795 4377 nisi
2825 4335 2954 4377 vere
2985 4323 3185 4391 deitas,
3211 4339 3440 4380 necesse
3466 4335 3553 4381 est
3580 4326 3667 4381 di-

2077 4414 2365 4469 vinitatem
2398 4429 2519 4470 esse
2541 4423 2837 4487 angentem
2854 4425 3083 4486 propter
3112 4417 3283 4472 verba
3313 4418 3498 4473 citata.
3522 4419 3670 4475 Deus

2081 4516 2229 4569 tuus,
2252 4515 2308 4562 et
2325 4507 2668 4563 divinitatem
2691 4524 2813 4564 esse
2831 4510 3151 4565 unctionem
3176 4520 3401 4582 propter
3420 4513 3669 4568 divinam

378 4610 623 4679 ποιῆσαιο
656 4606 752 4660 καὶ
812 4606 944 4658 Θεὸν
1004 4599 1144 4656 εἶναι
1182 4601 1275 4654 τὸν
1332 4599 1627 4671 χρισθέντα
1680 4595 1968 4663 δεικνύειν,

2076 4599 2454 4668 operationem
2486 4607 2544 4655 et
2593 4600 2769 4655 Deum
2802 4617 2924 4657 esse
2964 4611 3191 4657 unctum
3235 4613 3569 4671 monstrare,
3609 4616 3671 4663 ct

378 4702 472 4756 καὶ
552 4699 652 4769 οὐχ
696 4696 1001 4767 ὁμωνύμως
1075 4693 1217 4748 οὕτω
1294 4692 1611 4762 λεγόμενον⁸
1669 4691 1770 4745 καὶ
1858 4692 1970 4763 γὰρ

377 4794 829 4866 ὀμοιογραφεῖται
864 4789 943 4858 τῷ
997 4787 1238 4858 Ἑόραίῳ
1283 4785 1546 4857 ἑκάτερόν
1588 4802 1640 4838 τι
1668 4785 1727 4837 ὲν
1747 4782 1825 4854 τῷ
1864 4800 1971 4853 χω-

383 4887 482 4958 ρίῳ
504 4906 522 4936 ‹
543 4885 696 4950 θεὸς,
724 4902 743 4936 ι
768 4883 855 4935 διὰ
877 4880 988 4935 τῶν
1007 4881 1407 4949 ἀνεκφωνήτων
1426 4876 1819 4949 χαραγμάτωψ
1838 4873 1971 4927 Θεὸν

378 4981 436 5034 δὲ
459 4981 551 5033 καὶ
577 4976 863 5049 ἄνθρωπον
890 4975 981 5027 τὸν
1008 4972 1368 5045 κεχρισμένον
1381 4972 1613 5038 οἰητέσνο
1634 4968 1709 5032 ὡς
1738 4967 1841 5038 μὲν
1860 4965 1970 5036 γὰρ

381 5068 738 5139 ὑποκείμενόν
760 5084 813 5119 τι
837 5063 914 5135 τῷ
944 5050 1226 5134 χρίσματι,
1289 5059 1573 5131 ἄνθρωπός
1625 5060 1774 5120 ἐστι,
1833 5055 1969 5110 καθὸ

382 5163 477 5217 καὶ
504 5161 586 5228 τὸ,
606 5179 626 5212 ι
655 5158 787 5221 Θεός
802 5174 896 5210 σου
928 5176 945 5208 ι
978 5156 1213 5228 εἴρηταιο
1241 5152 1382 5215 ὡςδὲ
1401 5153 1460 5203 ἐν
1479 5148 1693 5219 μεθέξει
1720 5147 1814 5200 τοῦ
1845 5147 1968 5199 θεο-

381 5251 536 5308 οιιοιοῦ
588 5251 888 5322 χρίσματος
910 5246 1005 5300 τοῦ
1042 5245 1177 5300 καθ’
1205 5244 1337 5297 αὐτό
1394 5260 1453 5294 τε
1482 5239 1843 5308 υύσιωμένου,
1874 5239 1969 5291 καὶ

378 5344 655 5407 οὑσιωδῶς
693 5343 845 5406 ὸντος
877 5342 934 5394 ὲν
959 5338 1125 5408 αὐτῷ,
1159 5337 1293 5391 Θεὸν
1337 5332 1767 5408 ἁπηρτισμένον.

994 5454 1246 5509 ΚΕΦΛΛ.
1280 5453 1380 5504 1Ζ’.

464 5551 706 5620 ’Λληθῶς
735 5550 874 5604 κατὰ
898 5547 957 5601 τὸ
974 5545 1284 5616 εἰρημένον,
1307 5563 1326 5596 ‹
1347 5542 1411 5598 Ὀ
1439 5541 1667 5611 ἁσεΰὴς,
1686 5542 1813 5593 ὅταν
1842 5538 1974 5611 ἔλθῃ

385 5652 463 5712 εἰς
493 5642 654 5715 βάθος
693 5640 965 5702 ἀσεϐείας.
999 5639 1349 5708 καταφρονεῦ
1380 5655 1399 5688 ι
1420 5636 1471 5689 oi.
1505 5635 1753 5703 λέγοντες
1772 5631 1907 5685 Θεὸν
1939 5631 1973 5702 ἦ

385 5738 663 5808 Δεσπότην
688 5734 781 5789 τοῦ
810 5730 1047 5805 Χριστοῦ
1081 5731 1168 5784 τὸν
1197 5729 1332 5783 Θεὸν
1368 5729 1565 5796 Λόγον,
1596 5728 1696 5781 οὒκ
1722 5725 1818 5795 ἀφ’
1845 5723 1975 5785 butt:

457 5885 490 5929 ἰ
510 5876 630 5933 Psal
656 5890 797 5939 κων,
822 5873 873 5927 8.
951 5873 996 5921 ιι⁴
1022 5871 1183 5926 Prov.
1209 5885 1363 5934 mu,
1386 5868 1439 5922 ὅ.

724 5976 998 6035 ΡΑΤιιυι..
1052 5970 1170 6031 Gn.
1236 5964 1580 6031 LXXXVI.

2069 4704 2181 4743 non
2230 4690 2487 4767 similiter
2530 4691 2611 4747 sic
2645 4692 2891 4761 dictum;
2935 4694 3197 4758 similiter
3221 4696 3489 4751 scribitur
3531 4698 3668 4754 etin

2069 4780 2343 4838 Hebraao:
2388 4793 2688 4855 utrumque
2718 4785 2774 4840 in
2806 4785 2912 4841 hoc
2942 4786 3067 4843 loco
3100 4788 3246 4844 Deus
3276 4804 3377 4860 per
3408 4789 3668 4846 ineffabi-

2066 4874 2150 4929 lcs
2176 4874 2530 4943 cbaratercs;
2586 4877 2759 4932 Deum
2811 4886 2867 4933 et
2921 4878 3202 4933 hominem
3258 4895 3382 4938 esse
3436 4890 3666 4936 unctum

2069 4966 2409 5021 censendum
2438 4975 2558 5033 est,
2606 4978 2668 5023 ut
2703 4968 2853 5024 enim
2888 4968 3037 5040 quod
3064 4971 3366 5039 subjicitur
3414 4973 3665 5029 unctioni

2086 5056 2252 5113 homo
2280 5067 2399 5124 est,
2433 5058 2643 5114 idcirco
2682 5060 2887 5115 dicitur
2936 5062 3082 5116 Deus
3134 5074 3296 5127 tuus,
3349 5071 3409 5117 ut
3450 5080 3583 5119 vero
3607 5064 3665 5119 in

2085 5151 2513 5222 participatione
2534 5152 2738 5207 divinae
2757 5152 3060 5219 unctionis,
3091 5153 3202 5209 imo
3217 5163 3458 5225 accepta:
3473 5166 3530 5211 ct
3546 5172 3668 5213 rea-

2087 5240 2213 5297 liter
2244 5243 2598 5299 subsistentis
2625 5244 2771 5298 Deus
2790 5243 3036 5314 perfecte
3066 5244 3296 5302 eﬂ'ectus
3314 5255 3425 5303 est.

2687 5441 2844 5497 CAP.
2885 5443 3052 5499 XVII.

2158 5534 2358 5589 Verum
2398 5534 2532 5589 illud
2568 5534 2867 5606 Scriptura
2888 5536 3099 5592 dictum
3120 5578 3136 5604 ,
3170 5556 3192 5591 ι
3222 5508 3578 5611 Impiuscum
3612 5541 3671 5596 in

2085 5626 2422 5697 profundum
2448 5628 2665 5683 venerit
2690 5628 2993 5699 impietatis
3008 5632 3316 5688 contemnit
3332 5635 3411 5699 ιι⁹;
3432 5651 3451 5685 ι
3471 5632 3567 5704 qui
3588 5632 3674 5690 di-

2086 5729 2221 5775 cunt
2247 5721 2421 5777 Deum
2469 5720 2554 5777 vel
2591 5722 2916 5794 magistrum
2962 5723 3171 5782 Christi
3195 5726 3371 5782 Deum
3402 5724 3668 5792 Verbum.

3110 5956 3197 6018 ὃὸ
