4116 6434
500 383 640 451 ῙΊ39

1781 389 2091 453 LEONTII
2127 391 2530 455 BYZANTINI

3633 389 3773 455 1740

480 518 607 559 ,non
637 518 668 556 a
703 500 899 573 scipsis
928 501 1034 559 hoc
1057 500 1271 569 dicunt,
1299 502 1396 558 sed
1438 519 1537 575 per
1576 503 1885 561 doctrinam
1909 514 2059 560 sancl

2161 505 2297 566 ,τῶν
2348 505 2509 559 τοῦτο
2566 502 2841 573 λέγουσιν,
2894 502 3031 557 ἀλλὰ
3056 503 3121 575 τῇ
3155 500 3249 557 τοῦ
3304 501 3629 576 Πνεύματος
3672 506 3770 560 τοῦ

494 596 754 667 Spiritus,
790 606 845 652 et
898 598 1293 668 prophetarum
1320 608 1376 654 et
1420 600 1794 669 apostolorum
1818 641 1833 667 ,
1890 601 2073 657 adhuc

491 688 712 744 Christo
744 688 847 759 ipsi
874 690 1165 746 credentes
1191 690 1406 746 dicunt.
1428 691 1601 747 David
1619 708 1772 763 ergo,
1800 694 1978 759 aiunt,
2014 701 2072 749 et

490 779 688 835 Petrus
716 781 1000 851 apostolus
1022 781 1181 847 dixit,
1208 783 1549 852 prospiciens
1580 783 1636 839 in
1660 785 1840 855 ipsum
1881 785 2070 840 Domi-

490 888 620 925 num
652 890 664 926 :
695 891 714 923 ι
757 874 815 928 ln
850 889 1126 929 occursun
1160 874 1295 928 mihi
1330 877 1591 943 omnino;
1633 887 1691 933 at
1726 878 1843 949 ipse
1878 879 2068 934 Salva-

491 972 577 1017 tor
600 964 743 1019 Deus
776 980 954 1030 meus,
1008 965 1155 1020 Deus
1213 981 1392 1032 meus,
1424 984 1597 1037 quare
1636 984 1724 1024 me
1767 970 2068 1041 dereliqui-

487 1057 556 1109 sti
581 1066 624 1110 τ.
660 1076 679 1108 ι
738 1057 848 1111 Et:
907 1076 925 1108 ι
967 1056 1208 1127 Spiritus
1259 1060 1474 1114 Domini
1526 1076 1694 1131 super
1739 1070 1917 1125 me';
1957 1083 1975 1115 ι
2009 1071 2066 1117 et

486 1149 763 1218 Drapheta
800 1167 813 1203 :
844 1168 861 1201 ι
893 1150 1061 1206 Unxit
1091 1160 1143 1206 te
1168 1152 1332 1215 Deus,
1356 1153 1502 1207 Deus
1526 1162 1653 1208 tuus
1676 1156 1693 1190 ί
1718 1171 1733 1219 ;
1757 1173 1775 1205 ι
1809 1154 1904 1208 sed
1939 1154 2064 1224 quis

486 1238 699 1308 ignorat
740 1240 909 1293 multa
936 1240 1250 1311 hujusmodi
1287 1241 1434 1296 dicta
1466 1242 1523 1296 in
1560 1258 1717 1298 sacra
1754 1242 2061 1313 Scriptura.

483 1330 774 1397 Quomodo
791 1333 993 1387 dicitur
1022 1343 1341 1403 paratorum
1358 1334 1425 1389 ad
1441 1334 1725 1405 pietatem.
1746 1336 1814 1389 Et
1838 1337 2059 1392 dicens:

490 1442 508 1475 ι
547 1422 856 1493 Magnilicat
885 1426 1067 1479 anima
1084 1440 1204 1479 mea
1232 1425 1525 1479 Dominum
1547 1437 1596 1492 ιι,
1629 1444 1647 1477 ι
1681 1426 1933 1494 quamvis
1973 1436 2060 1481 to-

482 1522 573 1569 tus
600 1514 907 1578 sitdicens,
956 1516 1053 1571 sed
1088 1525 1236 1570 utex
1262 1524 1419 1586 parte
1448 1516 1599 1571 illius
1636 1517 1830 1582 solius,
1865 1518 2057 1573 horta-

484 1616 576 1660 tur
606 1607 844 1661 animam
888 1623 1042 1662 suam
1086 1616 1143 1663 et
1171 1608 1365 1663 dicens
1400 1625 1413 1661 :
1452 1626 1469 1659 1
1501 1608 1615 1679 Ego
1655 1623 1777 1663 sum
1827 1617 1971 1664 terra
2002 1618 2059 1665 et

481 1697 682 1761 cinis',
722 1718 741 1752 ι
778 1714 943 1768 quam
990 1708 1137 1755 totus
1171 1700 1244 1757 sit
1275 1699 1499 1766 dicens,
1547 1700 1643 1755 sed
1672 1710 1913 1771 exparte
1941 1712 2059 1757 tan-

484 1797 599 1845 tum
620 1789 706 1844 sui
728 1789 995 1858 loquitur,
1024 1790 1238 1845 scilicet
1261 1791 1535 1860 corporis,
1570 1802 1627 1845 et
1656 1799 1808 1845 certe
1846 1808 1859 1845 :
1886 1810 1905 1842 ι
1924 1791 2058 1845 Pro-

2186 598 2343 666 ἁγίου
2366 597 2687 669 διδασκαλίᾳ
2711 600 2777 668 τῇ
2805 597 2895 650 διὰ
2921 598 3030 650 τῶν
3071 596 3371 668 προφητῶν
3398 613 3462 651 τε
3493 597 3587 651 καὶ
3632 598 3771 652 am.

2181 689 2404 742 στόλωνο
2439 688 2519 743 ἔτι
2557 688 2617 743 δὲ
2666 690 2763 744 καὶ
2790 688 2957 743 αὑτοῦ
3010 687 3104 742 τοῦ
3160 688 3401 760 Χριστοῦ
3453 690 3770 760 πειθόμενοι

2174 781 2417 850 λέγουσι·
2452 781 2616 836 Δασὶδ
2642 782 2773 853 γὰρ,
2836 781 2989 852 φασὶ,
3020 782 3116 835 καὶ
3155 782 3361 853 Πέτρος
3404 784 3434 837 6
3462 783 3767 846 ἀπόστολος

2175 873 2418 945 εἴρηκεν,
2444 892 2466 925 1
2492 875 2585 938 El;
2616 874 2785 928 αὑτὸν
2813 873 3165 946 πρωρὼμην
3189 873 3279 927 τὸν
3302 871 3505 945 Κύριον
3535 876 3768 928 ὲνώπών

2176 984 2279 1037 μου
2296 968 2609 1030 διαπαντόςο
2637 986 2655 1019 ι
2673 967 2766 1021 καὶ
2782 967 2941 1030 αὐτὸς
2954 967 2982 1019 6
2996 966 3206 1037 Σωτὴρ,
3226 964 3359 1019 «Θεέ
3376 983 3498 1037 μου,
3518 967 3618 1020 Θεέ
3636 986 3762 1038 μου,

2178 1058 2262 1112 ἴνα
2280 1058 2333 1111 τί
2348 1075 2414 1128 με
2431 1057 2807 1126 ἐγκατέλιπες·
2834 1061 3009 1123 »καὶ,‹
3034 1058 3260 1128 Πνεῦμα
3275 1058 3482 1131 Κυρίου
3499 1060 3585 1111 ἐπ’
3605 1060 3722 1129 ὲμέ’
3738 1080 3757 1112 ι

2170 1151 2266 1204 καὶ
2283 1154 2310 1205 6
2324 1150 2636 1221 Προφήτης,
2650 1169 2668 1203 1
2684 1150 2907 1221 Ἔχρισέ
2927 1166 2987 1204 σε
3009 1150 3039 1203 6
3059 1150 3211 1216 Θεὸς,
3229 1152 3256 1204 6
3272 1150 3404 1214 Θεός
3432 1166 3581 1204 dou.)
3604 1151 3764 1205 Ἀλλὰ

2170 1242 2257 1305 τίς
2280 1244 2465 1310 ἀγνοεῖ
2495 1242 2723 1294 πλεῖστα
2752 1241 2973 1295 τοιῶσδε
2996 1241 3262 1312 είρημένα
3284 1243 3359 1312 τῇ
3381 1242 3513 1313 ἁγίᾳ
3545 1242 3761 1313 Γραφῇ.

2168 1334 2285 1397 πῶς
2332 1333 2547 1404 εἴρηται
2601 1332 2710 1386 τῶν
2774 1332 2914 1404 πρὸς
2961 1332 3247 1386 εὐσέϐειαν
3305 1334 3762 1403 παρεσκευασμὲ-

2168 1424 2272 1477 νῶν
2303 1442 2317 1491 ;
2348 1426 2444 1477 καὶ
2478 1424 2586 1494 γὰρ
2621 1426 2650 1478 6
2697 1422 2871 1492 λέγων
2892 1440 2907 1455 ·
2940 1440 2959 1474 1
2992 1423 3234 1493 Εύλόγει,
3267 1425 3300 1485 ἠ
3331 1424 3477 1495 ψυχή
3509 1442 3635 1494 μου,
3667 1425 3761 1477 τὸν

2165 1512 2389 1584 Κύριον,
2419 1532 2439 1566 ›
2466 1514 2515 1566 ει
2543 1513 2640 1567 καὶ
2668 1512 2788 1577 ὅλος
2816 1513 2967 1566 ἐστὶν
2993 1514 3022 1565 6
3045 1513 3244 1583 λέγων,
3281 1513 3398 1568 ἁλλ’
3420 1515 3495 1575 ὡς
3515 1516 3625 1568 ἀπὸ
3658 1516 3763 1586 μέ-

2166 1618 2295 1674 ρους
2323 1602 2488 1657 αύτοῦ
2534 1603 2722 1674 μόνου,
2764 1607 3018 1675 παραινεῖ
3063 1606 3130 1675 τῇ
3165 1605 3312 1676 ψυχῇ
3342 1605 3530 1659 αὐτοῦ’
3586 1608 3684 1659 καὶ
3724 1610 3755 1659 6

2164 1692 2337 1762 λέγων
2368 1694 2451 1748 ὅτι
2483 1712 2504 1747 1
2538 1693 2613 1764 Γῆ
2637 1695 2756 1765 είμι
2781 1697 2875 1748 καὶ
2903 1695 3119 1760 σποδὸς,
3143 1714 3161 1748 ι
3192 1697 3242 1749 εί
3266 1697 3359 1750 καὶ
3394 1697 3515 1761 ὅλος
3547 1698 3696 1750 ἐστὶν
3730 1701 3763 1752 6

2162 1786 2358 1853 λέγων,
2387 1786 2525 1841 ἁλλὰ
2556 1787 2686 1857 περὶ⁸
2712 1787 2911 1859 μέρους
2939 1787 3105 1843 αὑτοῦ
3138 1805 3272 1860 φησι
3334 1789 3497 1860 μόνου
3524 1829 3541 1853 ,
3584 1791 3759 1863 ἧγουν

478 1879 731 1935 videbam
758 1880 1050 1934 Dominum
1076 1880 1130 1934 in
1152 1889 1455 1950 conspectu
1489 1896 1612 1935 meo
1634 1889 1683 1947 ³,
1709 1900 1727 1932 ι
1756 1890 1812 1936 et
1840 1898 1853 1935 :
1883 1901 1899 1933 ι
1929 1880 2056 1951 Spi-

2161 1871 2254 1925 τοῦ
2288 1872 2538 1944 σώματος
2556 1889 2572 1906 ο
2595 1874 2689 1927 καὶ
2724 1875 2785 1927 τὸ
2814 1874 2968 1943 γοῦν,
2999 1892 3018 1925 ι
3046 1874 3401 1946 Προωρώμην
3427 1875 3519 1931 τὸν
3549 1877 3759 1947 Κύριον

478 1971 620 2027 ritus
654 1972 872 2026 Domini
913 1987 1079 2043 super
1101 1988 1213 2036 me,
1248 1992 1267 2024 ι
1304 1973 1555 2042 quamvis
1593 1972 1662 2027 de
1699 1972 1920 2028 Christo
1944 1983 2059 2028 toto

477 2064 762 2130 dicantur,
798 2073 980 2119 tamen
1010 2064 1081 2119 de
1122 2064 1278 2120 illius
1325 2066 1666 2119 humanitate
1713 2068 1933 2135 proprie
1974 2066 2059 2119 in-

480 2155 772 2227 telligenda
819 2164 952 2210 sunt
1004 2156 1110 2211 ista
1166 2165 1223 2210 et
1258 2155 1467 2210 similia
1506 2157 1687 2226 qualis
1736 2166 1857 2210 erat
1892 2172 2059 2225 quam

479 2249 636 2303 unxit
681 2248 962 2319 Spiritus,
1006 2257 1062 2303 et
1123 2247 1455 2302 monstravit
1503 2263 1669 2318 super
1734 2248 2058 2302 unctionem

477 2340 627 2396 illius
654 2338 937 2395 Christum
964 2356 984 2405 ;
1007 2339 1177 2394 verba
1206 2347 1389 2394 autem
1415 2356 1430 2393 :
1460 2356 1481 2391 ι
1519 2338 1665 2393 Deus
1696 2353 1873 2403 meus,
1913 2339 2059 2393 Deus

478 2449 652 2497 meus,
682 2432 899 2503 utquid
933 2446 1020 2486 me
1074 2430 1446 2501 dereliquisti,
1489 2449 1508 2484 ι
1545 2445 1656 2485 non
1680 2430 2057 2499 duplicatione

478 2524 758 2597 superﬂua
802 2524 1130 2579 horribilius
1156 2526 1468 2595 cogitemus
1507 2523 1789 2593 duplicem
1833 2523 2057 2579 relatio-

476 2634 601 2674 nem
637 2618 843 2673 hahere
863 2616 1187 2671 distinctum
1220 2615 1496 2685 quomodo
1518 2614 1587 2670 de
1626 2622 1795 2670 uncto
1812 2614 1922 2670 cito
1954 2616 2058 2671 0b-

477 2726 637 2766 scure
663 2711 941 2779 loquatur.
982 2707 1175 2776 Quoad
1223 2708 1463 2778 primum
1496 2726 1513 2759 ι
1551 2707 1699 2762 Deus
1731 2722 1908 2771 meus,
1944 2726 1963 2760 ι
1998 2716 2060 2763 ut

478 2801 543 2856 ad
581 2815 954 2870 possessorem
980 2805 1251 2853 creatura:
1287 2797 1584 2866 loquentis,
1604 2795 1765 2865 quale
1796 2805 1880 2850 est
1901 2794 2007 2849 hoc
2041 2811 2055 2848 :

478 2913 501 2945 1
542 2894 774 2949 Domine
821 2892 967 2946 Deus
1000 2906 1193 2956 meus;
1226 2908 1245 2941 ι
1304 2888 1486 2959 quoad
1527 2887 1855 2953 secundum,
1888 2896 1952 2943 ut
1988 2886 2059 2942 ad

482 2986 763 3057 propriam
812 2998 927 3038 rem
983 2981 1274 3037 clamantis
1328 2979 1681 3051 possessoris,
1724 2979 1887 3049 quale
1924 2987 2055 3034 est:

482 3095 500 3127 σ
541 3076 621 3131 Ne
665 3074 862 3129 afﬂicta
906 3074 1004 3139 sis,
1029 3072 1217 3127 anima
1261 3086 1403 3126 mea.
1447 3090 1465 3123 ι
1527 3070 1947 3125 Discutiendum
1975 3078 2061 3125 est

473 3168 689 3236 adhuc,
722 3166 870 3237 quod
903 3166 976 3220 sit
1013 3165 1459 3220 substantialiter
1494 3164 1781 3219 unitorum
1832 3163 2056 3225 divisio,

477 3276 645 3315 mors.
690 3260 821 3314 Post
842 3268 1099 3321 mortem,
1114 3265 1176 3311 ut
1200 3255 1362 3321 dicis,
1382 3255 1528 3327 apud
1546 3257 1719 3312 Deum
1746 3257 1814 3312 de
1836 3257 2061 3312 homine

479 3352 602 3417 hoc,
654 3350 823 3422 igitur
872 3348 1315 3403 substantialiter
1368 3348 1446 3403 illi
1498 3348 1687 3403 unitus
1732 3348 1826 3419 qui
1859 3348 2064 3404 dicitur

475 3442 632 3498 illum
682 3442 1092 3512 derelinquere,
1117 3456 1241 3494 nam
1277 3439 1469 3495 eadem
1494 3456 1604 3495 una
1632 3455 1887 3511 persona,
1916 3439 2063 3495 Deus

454 3544 533 3591 'et
561 3536 727 3590 homo
768 3542 908 3588 erat.
945 3533 1016 3587 At
1056 3533 1174 3587 haec
1207 3532 1453 3586 moriens
1480 3540 1537 3586 et
1570 3533 1788 3602 patiens
1836 3531 2065 3586 divisio-

477 3644 604 3683 nem
638 3642 830 3682 eorum
856 3641 977 3695 quae
1008 3623 1060 3679 in
1083 3639 1151 3679 eo
1173 3632 1330 3678 erant
1362 3623 1666 3679 secundum
1693 3633 1945 3677 naturam
1979 3623 2063 3677 in-

478 3718 841 3789 separabilem
884 3732 913 3770 a
944 3723 1121 3770 morte
1170 3715 1505 3785 reparativa.
1545 3713 1604 3769 Si
1650 3730 1783 3769 vero
1814 3714 2059 3784 potentia

478 3809 575 3864 Dei
604 3807 792 3863 dicitis
837 3806 955 3861 fieri
1004 3808 1407 3877 separationem
1453 3805 1523 3860 ab
1572 3805 1796 3859 homine
1844 3813 2058 3871 sancto,

476 3903 820 3957 contrariam
848 3900 1102 3954 videmus
1137 3900 1191 3953 in
1208 3899 1471 3954 omnibus
1502 3898 1706 3954 sanctis
1721 3897 2060 3969 ﬁeri;magis

472 4010 607 4049 vero
636 3994 845 4049 scimus
876 3995 1049 4049 Deum
1091 3991 1286 4047 adesse
1330 4001 1387 4047 et
1417 3992 1729 4047 confortare
1766 3991 1822 4045 in
1864 3992 2060 4063 agonia

471 4094 528 4141 et
552 4085 857 4149 doloribus,
894 4086 987 4140 Dei
1024 4086 1233 4139 latores
1265 4085 1349 4139 vel
1378 4083 1840 4154 derelinquentes
1868 4097 1965 4137 eos
2002 4082 2058 4137 in

471 4177 907 4234 circumstantiis
941 4178 1088 4233 circa
1126 4184 1401 4243 mortem;
1438 4186 1495 4232 et
1542 4176 1662 4232 haec
1708 4184 1893 4231 autem
1926 4176 2007 4231 sic
2042 4192 2057 4229 :

470 4269 663 4336 Quoad
700 4287 714 4324 :
750 4289 769 4322 ι
811 4269 978 4326 Unxit
1024 4276 1077 4324 te
1134 4268 1301 4333 Deus,
1329 4269 1478 4323 Deus
1520 4276 1672 4333 tuus,
1714 4286 1732 4322 ι
1779 4283 1890 4322 non
1918 4282 2060 4337 opus

470 4368 555 4415 est
596 4360 963 4431 explicatione
1013 4360 1193 4414 aliena
1222 4399 1237 4424 ,
1284 4358 1402 4413 haec
1448 4358 1617 4413 verba
1665 4365 1801 4413 sunt
1834 4355 2059 4413 Davidis

469 4451 709 4507 videntis
741 4452 919 4507 Deum
953 4466 1105 4506 nunc
1126 4465 1250 4506 esse
1274 4459 1596 4521 ungentem,
1626 4458 1683 4505 et
1714 4450 1892 4506 Deum
1927 4463 2056 4505 vere

472 4551 697 4599 unctum
718 4544 906 4601 statim
937 4542 1294 4614 obloquean
1329 4558 1485 4599 eum.

1058 4724 1211 4782 CAP.
1242 4724 1437 4782 XVIII.

536 4813 640 4882 Qui
672 4815 1106 4872 anathematizat
1137 4816 1391 4872 dicentes
1412 4817 1599 4873 Iesum
1651 4833 1750 4889 per
1782 4818 2051 4890 Spiritum

467 4907 639 4964 luisse
692 4907 1083 4979 glorificatum,
1124 4907 1558 4967 anathematizat
1588 4910 1838 4968 dicentes
1864 4912 2051 4969 Jesum

468 5009 693 5056 unctum
723 4998 894 5056 fuisse
918 5000 1149 5070 Spiritu.
1183 5001 1445 5069 Minime;
1494 5002 1735 5073 Spiritus
1770 5005 1916 5059 enim
1946 5022 2052 5059 un-

466 5108 601 5165 gens
635 5110 747 5150 non
772 5104 1057 5166 optaretur
1073 5097 1390 5153 immediate
1413 5108 1603 5163 uncto,
1628 5098 1737 5153 nisi
1759 5099 2052 5169 quamdam

465 5185 808 5255 spiritualem
820 5187 1117 5257 gloriosam
1132 5199 1383 5243 naturam
1405 5189 1507 5259 ipsi
1526 5189 1865 5244 conformem
1887 5189 1942 5244 in
1961 5188 2055 5245 illo

466 5277 800 5345 invenisset;
831 5295 942 5334 non
964 5281 1114 5335 enim
1160 5281 1380 5337 visibile
1418 5292 1762 5353 unguentum
1807 5279 2053 5339 adhaeret

465 5377 680 5424 naturae
702 5374 812 5424 non
840 5370 1067 5437 visibili,
1086 5371 1229 5442 ignis
1250 5387 1390 5442 aqua
1416 5388 1526 5427 non
1543 5373 1839 5437 excitatur,
1870 5388 2051 5443 neque

464 5477 561 5515 aer
588 5476 714 5517 cum
739 5469 884 5517 terra
899 5462 1189 5530 miscetur;
1206 5463 1448 5534 Spiritus
1462 5480 1595 5535 ergo
1616 5464 1961 5520 descendens
1983 5466 2052 5521 de

446 5553 605 5608 'em-lo
626 5553 679 5607 in
694 5568 875 5624 eoque
898 5569 1148 5620 manens,
1168 5555 1223 5609 in
1245 5569 1412 5611 carne
1436 5556 1761 5627 simpliciter
1782 5558 2054 5628 requievit

463 5642 618 5710 Jesu,
650 5644 705 5698 in
744 5645 1112 5713 humanitate,
1136 5646 1267 5701 olim
1298 5646 1521 5704 dicente
1548 5649 1681 5715 Deo,
1706 5649 1855 5721 quod
1880 5650 2057 5720 Spiri-

540 5764 563 5794 '
599 5757 792 5814 Matth.
828 5774 977 5826 xxvr,
1007 5761 1097 5817 46.

1201 5766 1223 5793 ⁹
1264 5762 1399 5821 Luc.
1453 5780 1528 5831 ιν,
1575 5763 1663 5819 i8.

467 5839 562 5892 xv,
596 5828 653 5882 8.

2076 4569 2131 4629 D

1768 5766 1787 5803 '
1826 5767 1971 5823 Psal.
2010 5784 2154 5838 xuv,
2205 5770 2260 5826 8.

2161 1962 2392 2018 ὶνώπιόν
2410 1982 2568 2034 μου,ι
2588 1964 2780 2028 καὶτὸ,
2803 1984 2819 2016 ι
2847 1964 3072 2036 Πνεῦμα
3087 1966 3293 2036 Κυρίου
3313 1966 3401 2020 ἐπ’
3416 1968 3571 2038 Eph,»
3593 1969 3643 2021 εί
3660 1971 3761 2023 καὶ

2160 2057 2270 2111 ἀπὸ
2294 2052 2390 2111 τοῦ
2416 2058 2538 2112 ὅλου
2573 2058 2810 2130 Χριστοῦ
2846 2059 3082 2129 λέγοιτο,
3103 2059 3219 2113 ἁλλ’
3249 2060 3315 2113 ὲκ
3336 2060 3441 2131 τῆς
3465 2061 3562 2115 ἁνθ
3571 2062 3758 2132 9:01:6-

2158 2165 2319 2219 τητος
2336 2149 2500 2202 αὐτοῦ
2530 2150 2675 2213 ίδίως
2702 2150 2997 2204 ἀκουστέον
3022 2150 3184 2216 αὐτὰ,
3210 2151 3305 2203 καὶ
3324 2153 3391 2205 τὰ
3417 2152 3601 2221 ὃμοιαο
3631 2151 3759 2221 ἥτις

2160 2241 2255 2294 καὶ
2271 2237 2338 2312 ἦν
2362 2240 2430 2312 ἢν
2454 2241 2638 2312 ἔχρισε
2666 2242 2725 2295 :6
2752 2240 2997 2312 Πνεῦμα,
3027 2243 3123 2296 καὶ
3154 2241 3353 2307 ἔδειξεν
3368 2243 3461 2296 ἐπὶ
3480 2245 3547 2314 τῇ
3576 2242 3758 2313 χρίσει

2160 2332 2322 2386 αὐτοῦ
2343 2334 2422 2395 εἰς
2449 2332 2619 2403 αὐτὴν
2645 2332 2880 2405 Χριστόν
2897 2349 2912 2364 ο
2933 2333 2995 2386 τὸ
3032 2333 3110 2399 δὲ,
3152 2351 3171 2386 1
3208 2333 3317 2387 Θεέ
3339 2351 3465 2405 μου,
3496 2334 3597 2387 Θεέ
3625 2351 3757 2404 μου,

2163 2420 2253 2477 ἵνα
2268 2422 2319 2476 τί
2341 2442 2410 2493 με
2429 2424 2785 2493 ἐγκατέλιπες
2809 2441 2824 2491 ;
2851 2442 2872 2477 1
2891 2424 2970 2496 τῷ
2993 2424 3069 2496 μὴ
3090 2426 3418 2496 παρέλκοντι
3434 2427 3759 2481 διπλασιασ-

2162 2515 2269 2585 μῷ,
2292 2516 2340 2567 εἱ
2354 2515 2707 2587 φρικτότερον
2729 2517 3169 2587 κατανοήσομεν,
3192 2517 3380 2589 διττὴν
3402 2519 3586 2589 σχέσιν
3608 2519 3758 2589 ἔχειν

2158 2608 2221 2660 :6
2244 2606 2516 2678 χωρισθὲν
2544 2624 2664 2672 πως
2702 2608 2840 2679 πρδς
2867 2609 2930 2663 :6
2954 2610 3387 2678 ἐγκαταλειφθὲν
3406 2610 3546 2681 τάχα
3579 2611 3753 2665 αἰνίτ-

2160 2717 2329 2754 τεταν
2357 2699 2451 2755 τοῦ
2482 2700 2580 2772 μὲν
2601 2700 2821 2773 πρώτου
2849 2718 2873 2754 ι
2899 2701 3032 2766 Θεός
3056 2718 3184 2774 μου,
3214 2721 3233 2755 ι
3258 2703 3335 2767 ὡς
3356 2703 3491 2774 πρὸς
3511 2705 3757 2775 κτήτορα

2163 2791 2464 2861 φωνοῦντος
2491 2791 2585 2845 τοῦ
2614 2793 2917 2864 κτήματοςο
2942 2787 3052 2847 οἷον
3068 2795 3165 2847 καὶ
3190 2794 3273 2859 τὸ,
3305 2809 3328 2846 1
3357 2794 3428 2847 Σὺ
3456 2794 3628 2865 Κύριε
3644 2796 3757 2848 Θεὲ

2160 2884 2336 2953 ὴμῶνο
2369 2901 2393 2935 ι
2430 2882 2524 2936 τοῦ
2551 2882 2610 2936 δὲ
2628 2882 2914 2955 δευτέρου,
2937 2883 3013 2946 ὡς
3046 2884 3183 2953 πρὸς
3208 2884 3342 2937 ἴδιον
3373 2885 3559 2955 κτῆμα
3583 2886 3754 2956 βοῶν-

2159 2994 2248 3039 :0;
2264 2977 2358 3031 τοῦ
2376 2979 2653 3049 κτήτοροςο
2676 2974 2787 3032 οἷον
2807 2978 2869 3032 τὸ
2892 2976 3041 3030 (Ἵνα
3056 2975 3106 3029 τί
3131 2976 3428 3048 περίλυπος
3449 2975 3529 3045 εἰ,
3546 2980 3580 3049 ἡ
3601 2978 3754 3048 ψυχή

2163 3087 2265 3140 μου
2291 3086 2310 3138 ;
2332 3089 2351 3123 ι
2375 3071 2743 3140 διαλογιστέον
2769 3071 2829 3125 δὲ
2857 3070 2939 3124 ἔτι
2965 3070 3061 3127 καὶ
3086 3070 3321 3135 τόδε,ὠς
3341 3073 3392 3125 ει
3414 3070 3527 3124 τῶν
3550 3071 3757 3123 οΰαιω-

2163 3162 2268 3226 δῶς
2302 3162 2597 3233 ἡνωμένων
2630 3164 2746 3217 ἐστὶ
2775 3163 3053 3235 χωρισμὸς
3078 3164 3109 3217 6
3141 3163 3393 3228 θάνατος,
3437 3161 3531 3215 ἐπὶ
3557 3160 3617 3214 δὲ
3668 3160 3756 3231 τῷ

2091 3219 2132 3276 C
2165 3219 2401 3325 θανάτῳ,
2419 3219 2509 3320 ’ὡς
2553 3255 2679 3327 φὴς,
2711 3219 2989 3326 πριδςιτδν
3032 3219 3169 3310 Θεὸν
3210 3219 3399 3328 εἴρητο
3464 3255 3615 3322 παρὰ
3659 3219 3757 3309 τοῦ

2164 3344 2452 3417 ἀνθρώπου
2475 3345 2613 3411 τόδε,
2639 3346 2745 3417 ἄρα
2775 3362 2839 3415 γε
2866 3346 3143 3409 ούσιωδῶς
3183 3346 3333 3417 αύτῷ
3363 3346 3542 3416 ῆνωτο
3572 3347 3602 3398 6
3624 3346 3754 3398 τότε

2163 3437 2550 3505 ἐγκαταλιπεῖν
2585 3438 2748 3493 αὐτόν
2787 3455 2904 3501 πως
2938 3437 3253 3508 λεγόμενος’
3288 3435 3487 3491 οὐκοῦν
3512 3435 3574 3489 :6
3617 3435 3763 3488 αὐτὸ

2163 3527 2221 3581 ἒν
2249 3527 2563 3601 πρόσωπον,
2617 3527 2750 3591 Θεός
2783 3544 2843 3580 τε
2883 3528 2977 3581 καὶ
3028 3527 3316 3599 ἄνθρωπος
3344 3522 3435 3598 ἦν·
3470 3524 3565 3580 καὶ
3595 3520 3755 3588 οὗτος

2161 3622 2189 3674 6
2217 3621 2466 3693 θνήσκων
2494 3622 2588 3675 καὶ
2624 3622 2849 3691 πάσχων
2891 3620 2983 3674 τὸν
3018 3619 3299 3692 χωρισμὸν
3352 3618 3463 3674 τῶν
3496 3621 3555 3673 ἐν
3599 3621 3756 3691 αὐτῷ

2162 3713 2307 3767 κατὰ
2333 3714 2495 3784 φύσιν
2519 3714 2840 3786 ἁχωρίστων
2868 3715 2977 3769 ἁπδ
3004 3713 3100 3767 τοῦ
3134 3714 3464 3786 χωριστικοῦ
3493 3715 3751 3769 θανάτοιν

2161 3803 2291 3857 εἰδὲ
2316 3807 2383 3876 τῇ
2441 3806 2690 3876 ἐνεργείᾳ
2744 3804 2840 3859 τοῦ
2891 3805 3028 3859 Θεοῦ
3079 3806 3286 3860 εἴποιτε
3339 3805 3430 3860 τὸν
3471 3808 3756 3877 χωρισμὸν

2161 3892 2299 3949 εἶναι
2342 3900 2406 3950 ὲκ
2457 3897 2552 3950 τοῦ
2600 3898 2755 3967 ἁγίου
2817 3896 3128 3969 ἀνθρώπου,
3180 3899 3489 3953 τούναντίον
3530 3900 3752 3972 ὁρῶμεν

2160 3988 2304 4042 κατὰ
2331 3989 2507 4043 πάντα
2537 3990 2663 4051 τοὺς
2689 3990 2879 4058 ἁγίους
2908 3988 3216 4059 γινόμενονο
3245 3990 3445 4061 μᾶλλον
3467 3990 3577 4063 γὰρ
3608 4008 3755 4062 συμ-

2161 4080 2407 4152 παρόντα
2436 4081 2532 4135 mi.
2561 4081 2880 4153 ἐνισχύοντα
2904 4083 2963 4135 ὲν
3015 4084 3130 4144 τοῖς
3186 4082 3366 4152 ἀγῶσι
3399 4085 3492 4139 καὶ
3544 4083 3753 4138 πάθεσι

2158 4176 2286 4237 τοὺς
2319 4173 2638 4246 θεοφόρους,
2664 4177 2756 4229 τὸν
2786 4176 2991 4248 Κύριον
3043 4178 3224 4246 ἴσμεν,
3253 4176 3288 4249 ἢ
3323 4176 3751 4247 ὲγκαταλιμπὰ-

2160 4282 2317 4320 νοντα
2363 4267 2562 4331 αὐτοὺς
2593 4269 2651 4320 έν
2692 4269 2803 4332 τοίς
2832 4269 2960 4338 περ).
2984 4267 3077 4321 τὸν
3112 4269 3341 4323 θάνατον
3381 4271 3619 4339 καιροίςδ
3646 4272 3749 4323 καὶ

2158 4360 2285 4415 τάδε
2310 4361 2411 4431 μὲν
2424 4360 2620 4426 οῦτωςο
2635 4362 2697 4414 :6
2709 4362 2764 4415 δὲ
2788 4380 2806 4414 1
2835 4362 3058 4433 Ἔχρισέ
3076 4379 3134 4415 σε
3158 4364 3187 4416 6
3200 4362 3358 4428 Θεὸς,
3378 4363 3408 4415 6
3429 4363 3562 4426 Θεός
3585 4380 3703 4425 σου,
3722 4381 3744 4415 ι

2158 4451 2279 4505 οὐδὲ
2306 4451 2476 4505 δεῖται
2504 4451 2775 4522 ὲξωτέρας
2802 4451 3213 4524 ὲπεξηγήσεως,
3242 4451 3411 4507 αὑτοῦ
3450 4451 3543 4506 τοῦ
3574 4452 3749 4505 Δαὸὶδ

2158 4540 2253 4595 τοῦ
2283 4540 2483 4603 είδότος
2510 4540 2645 4593 Θεὸν
2673 4540 2863 4605 αὑτοῦ,
2889 4536 3031 4595 εἶναι
3054 4542 3145 4595 τὸν
3169 4541 3461 4614 χρίσαντα,
3487 4541 3584 4595 καὶ
3608 4542 3749 4595 Θεὸν

2155 4632 2325 4697 ὅντως
2364 4632 2455 4687 τὸν
2484 4632 2779 4704 χρισθέντα
2811 4635 2974 4688 αὐτὸν
3000 4637 3279 4707 ἐχομένως
3323 4634 3744 4707 ὁμολογοῦντος.

2739 4729 2990 4784 ΚΕΦΑΛ.
3026 4730 3136 4785 IH’.

2235 4820 2304 4877 ’0
2324 4820 2737 4893 ἁναθεματίζων
2755 4822 2885 4886 τοὺς
2912 4822 3175 4891 λέγοντας
3204 4822 3297 4876 τὸν
3345 4821 3558 4893 Ἰησοῦν
3587 4822 3750 4889 παρὰ

2156 4911 2250 4967 τοῦ
2280 4912 2601 4983 Πνεύματος
2638 4912 2992 4981 δεδοξάσθαι,
3049 4913 3444 4985 ἁναθεματίζει
3491 4913 3619 4977 :06;
3650 4913 3745 4966 λέ-

2157 5020 2359 5071 γοντας
2384 5003 2477 5058 τὸν
2517 5002 2726 5074 Ἰησοῦν
2762 5003 3057 5075 κεκρίσθαι
3102 5004 3181 5075 τῷ
3225 5004 3528 5074 Πνεύματι.
3562 5004 3702 5075 Οὐχί
3730 5020 3747 5034 ”

2160 5096 2220 5149 :6
2249 5095 2360 5167 γὰρ
2416 5096 2647 5167 Πνεῦμα
2695 5095 2760 5149 :6
2812 5097 3032 5169 χρίσαν,
3077 5097 3178 5151 οὐκ
3226 5096 3293 5150 ἄν
3350 5096 3749 5169 προππλάσθη

2162 5191 2386 5259 ἁμέσως
2442 5190 2521 5261 τῷ
2575 5190 2872 5262 χρωμένῳ,
2931 5191 2984 5243 εἰ
3037 5190 3118 5262 μή
3176 5205 3301 5244 τινα
3364 5189 3751 5260 πνευματικὴν

2156 5282 2376 5352 ὁμοειδῆ
2405 5281 2555 5352 αύτῷ
2573 5280 2735 5350 φύσιν
2762 5282 2974 5349 ἔνδοξον
2999 5275 3156 5352 εὗρεν
3180 5282 3239 5335 ὲν
3269 5280 3419 5352 αὐτῷ
3444 5297 3463 5312 ο
3485 5282 3607 5336 ούδὲ
3632 5282 3753 5353 γὰρ

2156 5374 2217 5427 τὸ
2240 5373 2500 5444 αἰσθητὸν
2540 5373 2712 5445 μύρον
2740 5376 2798 5428 έν
2828 5375 2931 5428 ούκ
2984 5374 3218 5446 αίσθητῇ
3254 5374 3416 5444 φύσει
3473 5376 3751 5445 προσιζά-

2159 5482 2275 5520 νει·
2312 5467 2433 5520 οὐδὲ
2471 5466 2584 5536 πῦρ
2612 5465 2762 5520 ὕδατι
2792 5467 3147 5537 ἐπαλείφεται
3179 5483 3193 5497 ·
3229 5467 3292 5520 06
3344 5466 3453 5537 μὴν
3484 5467 3607 5520 οὐδὲ
3633 5468 3757 5539 ἀὴρ

2159 5560 2230 5629 γῇ
2276 5559 2666 5631 καταχρίεται·
2697 5559 2820 5613 οὐδὲ
2849 5559 2912 5614 :6
2944 5558 3169 5631 Πνεῦμα
3198 5554 3291 5613 οὖν
3311 5560 3373 5612 :6
3402 5560 3651 5614 καταϐὰν
3685 5561 3754 5627 ἐξ

2160 5649 2394 5720 ούρανοῦ
2424 5654 2522 5707 καὶ
2555 5654 2747 5723 μεῖναν
2798 5653 2885 5709 ἐπ’
2921 5654 3108 5721 αὐτὸν,
3141 5653 3308 5726 σαρκὶ
3341 5654 3532 5719 ἁπλῶς
3571 5656 3753 5708 ἐπαν-

2355 5783 2381 5811 ιι
2432 5768 2566 5828 Luc.
2613 5785 2651 5837 ι,
2706 5770 2795 5828 46.
2901 5781 2927 5811 ν
2957 5771 3273 5839 Ccn.xvnt,
3306 5772 3407 5827 9.7.
3520 5779 3551 5811 κ
3594 5773 3750 5830 Psal.
