4116 6436
434 383 568 449 1741
1390 389 1787 454 ADVERSUS
1821 390 2459 456 NESTORIANOS.—
2482 396 2628 455 LIB.
2675 397 2742 456 V.
3562 399 3697 462 1752

430 500 706 554 επαύσατο
735 497 830 554 τοῦ
871 499 1047 573 ’ῐησοῦ
1080 501 1146 572 τῇ
1174 500 1577 572 ἀνθρωπότητι·
1615 501 1767 568 ἀπαξ
1780 504 1997 576 ἐπεφή-

2110 515 2191 561 tus
2230 506 2351 576 ejus
2383 523 2494 563 non
2529 516 2884 578 permaneret
2915 508 2970 563 in
3012 507 3359 575 hominibus,
3410 509 3539 578 quia
3568 526 3697 564 caro

433 607 622 653 σαντος
648 588 743 643 τοῦ
788 590 947 656 Θεοῦ,
996 591 1072 661 μὴ
1125 593 1309 660 μένειν
1336 589 1399 643 1:6
1445 590 1670 661 Πνεῦμα
1729 593 1894 646 αὑτοῦ
1951 597 2008 647 ἐν

2114 608 2335 666 essent;
2372 601 2540 672 igitur
2557 601 2875 672 cognitione
2905 602 2985 657 illi
3014 601 3499 657 consubstantialis
3531 603 3696 656 Verbi

436 675 762 746 ἀνθρώποις,
819 674 907 730 διὰ
958 677 1020 730 τὸ
1072 671 1211 730 εἷναι
1256 678 1456 742 αὐτοὺς
1516 678 1726 749 σάρκας
1774 678 2006 733 λοιπόνο

2115 690 2315 757 Patris,
2358 671 2430 747 ad
2468 671 2756 763 proprium
2777 692 3026 759 accedit;
3072 692 3563 747 consubstantialis
3588 708 3697 747 non

429 767 627 822 οὐκοῦν
650 770 718 839 τῇ
748 764 1043 837 ἐπιγνώσει
1068 768 1161 822 τοῦ
1198 769 1495 838 συγγενοῦς
1533 770 1681 841 αὐτῷ
1712 772 1885 840 Λόγου
1915 773 2008 826 τοῦ

2117 781 2292 850 gloria
2316 784 2777 839 consubstantiali
2802 802 2816 849 ;
2846 784 3022 839 factus
3052 793 3138 839 est
3181 799 3315 853 ergo
3365 783 3485 853 ipse
3534 784 3698 838 Jesus

429 861 663 931 Πατρδς,
706 862 842 931 πρὸς
871 861 931 914 1:6
961 862 1093 916 ἴδιον
1131 863 1344 935 ἐπέπτη
1371 880 1385 895 ·
1413 864 1476 917 τὸ
1521 865 1580 919 δὲ
1609 864 1897 935 ὀμοούσιον
1945 866 2006 920 ού

2118 884 2219 939 per
2271 872 2513 927 Verbum
2557 873 2808 928 divinum
2856 873 3125 928 Dominus
3185 881 3243 927 et
3292 872 3549 928 Christus
3597 887 3700 942 per

427 952 557 1017 δόξα
588 950 667 1022 τῷ
721 952 1025 1024 ὁμοουσίῳ·
1058 950 1127 1025 ἧν
1176 952 1286 1025 ἄρα
1335 953 1541 1025 Κύριος
1572 955 1663 1010 διά
1704 957 1797 1010 τὸν
1828 958 2006 1028 Λόγον

2110 961 2426 1017 unctionem
2494 963 2768 1034 Spiritus;
2808 965 3099 1019 Dominum
3128 965 3277 1019 enim
3307 980 3406 1033 per
3428 964 3693 1020 Verbum.

428 1040 518 1092 1:6v
548 1040 689 1095 θεῖον
715 1043 743 1094 6
794 1041 1089 1110 γενόμενος
1151 1042 1247 1096 καὶ
1295 1043 1535 1114 Χριστὸς
1573 1044 1662 1099 διά
1697 1046 1796 1117 τὴν
1829 1048 2008 1118 χρίσιν

2110 1057 2163 1103 et
2196 1048 2480 1105 Christum
2523 1068 2620 1121 per
2666 1052 2929 1121 Spiritum
2970 1052 3102 1107 fecit
3136 1053 3282 1107 Deus
3323 1055 3473 1107 hunc
3504 1052 3696 1107 Jesum

426 1130 520 1183 τοῦ
584 1131 924 1202 Πνεύματος,
984 1134 1149 1198 αὐτὸς
1201 1134 1446 1205 Ἰησοῦςο
1495 1136 1590 1189 καὶ
1635 1136 1844 1208 Κύριον
1902 1139 2008 1210 γάρ

2111 1154 2276 1209 quem
2317 1140 2491 1196 Judaei
2544 1142 3209 1209 crucilixcrunt;unione
3240 1159 3374 1198 vero
3400 1143 3567 1199 Verbi
3609 1142 3694 1213 ip-

427 1223 590 1276 αὑτὺν
613 1223 702 1277 διά
729 1223 823 1277 τοῦ
867 1225 1064 1294 Λόγου,
1097 1226 1192 1278 καὶ
1232 1227 1470 1298 Χριστὸν
1511 1227 1602 1281 διὰ
1628 1228 1722 1281 τοῦ
1754 1229 2008 1298 Πνεύμα-

2116 1230 2231 1285 sius
2260 1240 2318 1286 et
2364 1232 2603 1303 Spiritus
2634 1232 2935 1299 eﬂusione,
2965 1234 3114 1289 intus
3145 1234 3501 1305 exteriusque
3556 1234 3699 1289 hanc

427 1317 566 1379 τοςὸ
594 1316 729 1380 Θεὸς
773 1318 999 1389 ἐποίησε
1046 1316 1238 1371 τοῦτον
1288 1319 1380 1372 τὸν
1420 1320 1630 1389 Ἰησοῦν
1677 1320 1736 1375 ὃν
1769 1322 2008 1376 Ἰουδαῖοι

2118 1331 2361 1377 sanctam
2408 1338 2592 1378 arcam
2626 1324 2790 1379 Pater
2829 1324 3125 1394 splendore
3148 1326 3338 1380 divino
3374 1325 3694 1390 exornavit;

428 1408 780 1479 ἐσταύρωσαν
807 1424 823 1441 ⁸
875 1412 940 1480 τῇ
981 1427 1040 1463 τε
1084 1410 1290 1464 ἐνδόσει
1320 1409 1415 1464 τοῦ
1467 1412 1645 1480 Λόγου
1700 1412 1867 1466 αὑτοῦ
1915 1413 2008 1467 καὶ

2114 1422 2171 1468 et
2201 1413 2475 1484 siquidem
2519 1416 2705 1470 statim
2740 1424 2801 1469 ut
2834 1426 2998 1471 natus
3037 1426 3123 1472 est
3146 1416 3402 1473 Christus
3429 1428 3489 1473 et
3512 1417 3699 1472 Domi-

431 1499 724 1569 περιθέσει
780 1499 875 1553 τοῦ
929 1500 1248 1573 Πνεύματος
1303 1500 1492 1568 αὐτοῦ,
1540 1504 1610 1557 τά
1638 1520 1696 1557 τε
1729 1503 1882 1568 ἐντὸς
1917 1504 2008 1559 καὶ

2115 1520 2219 1560 nus
2252 1506 2308 1560 in
2338 1506 2563 1563 civitate
2612 1508 2784 1563 David
2815 1510 2885 1564 ab
2924 1511 3123 1581 angelo
3155 1506 3569 1580 prmuuntiante
3597 1524 3698 1562 vo-

427 1592 582 1655 ἐκτὺς
607 1593 771 1662 τῆσδε
787 1593 887 1664 τῆς
916 1594 1075 1663 ἁγίου
1099 1593 1336 1649 κιϐωτοῦ
1367 1596 1731 1669 καταχρυσῶν
1757 1598 1786 1650 6
1817 1597 2008 1669 Πατὴρ

2116 1606 2293 1662 catur;
2312 1606 2367 1652 et
2392 1599 2637 1664 Samuel,
2661 1610 2954 1671 antequam
2969 1610 3136 1673 ungat
3150 1604 3441 1674 quemdam
3460 1601 3695 1656 ﬁliorum

428 1682 550 1755 θεία
580 1687 920 1756 μαρμαρυγῇ
949 1701 964 1715 ο
1007 1686 1055 1739 εί
1100 1685 1158 1740 δέ
1203 1686 1300 1740 καὶ
1353 1686 1463 1741 ἀπὸ
1502 1689 1812 1759 γεννήσεως
1847 1688 2008 1754 εὐθὺς

2114 1689 2290 1756 Iesse,
2323 1689 2480 1756 dicit,
2518 1692 2657 1747 «sed
2690 1709 2843 1748 nunc
2880 1694 3239 1750 estChristus
3274 1696 3543 1751 Dominus
3566 1693 3638 1747 3'?
3673 1712 3692 1744 ι

426 1774 663 1844 Χριστὸς
692 1777 789 1831 καὶ
846 1776 1053 1849 Κύριος
1085 1778 1144 1831 ἐν
1180 1777 1334 1831 πόλει
1375 1777 1543 1833 Δαδὶδ
1573 1778 1903 1850 ὀνομάζεται
1965 1777 2044 1850 τῷ
2080 1780 2301 1851 ἀγγέλῳ
2360 1783 2901 1852 προαναφωνητικῶς
2932 1800 2947 1814 ”
3004 1784 3101 1838 καὶ
3167 1785 3276 1857 γάρ
3323 1788 3416 1839 καὶ
3444 1782 3698 1854 Σαμουὴλ

431 1866 561 1940 πρὶν
594 1867 780 1937 χρίσαι
806 1867 930 1922 τινά
960 1870 1068 1922 τῶν
1095 1868 1228 1922 υἱῶν
1276 1868 1478 1923 Ἰεσσαὶ
1512 1869 1719 1939 ἔλεγεν,
1742 1888 1761 1923 ι
1814 1870 1955 1925 Ἀλλ’
1981 1870 2015 1942 ἢ
2050 1870 2079 1923 6
2111 1872 2348 1943 Χριστὸς
2377 1871 2617 1945 Κύριος;
2646 1892 2665 1925 ι

1016 1962 1271 2018 ΚΕΦΛΛ.
1330 1961 1432 2019 ΙΘ¹.

496 2056 562 2111 Εἰ
597 2054 671 2127 μὴ
702 2055 811 2127 ἄρα
862 2053 928 2107 ἐκ
976 2054 1071 2107 τοῦ
1121 2052 1441 2126 Πνεύματος
1484 2054 1676 2110 ἐλαϐεν
1706 2055 1735 2109 6
1778 2055 2007 2128 Ἰησοῦς,

425 2150 573 2205 καθά
622 2148 863 2203 διδάσκει
911 2148 940 2202 6
982 2146 1307 2218 Αἰγύπτιος,
1339 2148 1401 2202 t6
1449 2149 1696 2221 ἐνεργεῖν
1724 2147 2006 2215 δύνασθαι,

430 2240 576 2304 τίνος
605 2239 793 2293 ἕνεκεν
816 2238 1055 2293 δέδωκεν
1112 2237 1262 2309 αὐτῷ
1311 2238 1341 2292 6
1401 2238 1593 2310 Πατὴρ
1638 2239 1699 2292 1:6
1744 2239 2006 2312 Πνεῦμας

412 2331 503 2404 ,ού
536 2331 721 2402 μέτρῳ
747 2331 879 2401 γὰρ,
903 2329 1058 2401 φησι,
1092 2330 1308 2384 δίδωσιν
1339 2331 1368 2382 6
1407 2330 1541 2394 Θεὸς
1572 2331 1634 2384 τὸ
1678 2330 1903 2402 Πνεῦμα
1926 2347 1941 2364 ⁸
1982 2334 2010 2386 ό

427 2426 537 2495 γὰρ
564 2422 753 2496 Πατὴρ
800 2423 992 2493 ἀγαπᾷ
1044 2423 1135 2476 τὸν
1167 2422 1295 2476 Υίδν
1323 2423 1419 2477 καὶ
1455 2423 1641 2477 πάντα
1683 2424 1916 2478 δέδωκεν
1944 2426 2004 2478 ἐν

429 2519 495 2588 τῇ
530 2517 677 2588 χειρὶ
727 2515 931 2569 αὑτοῦ·
980 2514 1101 2579 πῶς
1148 2511 1263 2582 οὖν,
1299 2517 1349 2569 εί
1398 2516 1476 2588 μὴ
1513 2516 1698 2589 μέτρῳ
1754 2518 1851 2571 καὶ
1881 2518 2011 2591 ἀξίᾳ

426 2610 633 2664 δίδοται
675 2608 823 2679 αύτῷ
856 2605 961 2661 ὑπὸ
985 2605 1122 2661 Θεοῦ
1165 2608 1380 2679 Πατρός
1394 2608 1457 2662 τὸ
1488 2608 1747 2680 Πνεῦμα;
1787 2610 1901 2681 Οὐχ
1932 2609 2011 2673 ὡς

428 2702 618 2765 ἄτονος
676 2699 969 2771 ἄνθρωπος
1019 2699 1158 2771 πρὸς
1214 2701 1500 2772 ἐνέργειαν
1549 2700 1706 2756 Θείαν
1758 2701 1951 2756 ἐλαϐεν
1980 2704 2009 2756 ό

440 2789 653 2861 Ἰησοῦς
679 2790 741 2844 τὸ
770 2788 998 2860 Πνεῦμα
1018 2806 1034 2822 ·
1065 2791 1114 2843 εί
1153 2789 1263 2862 γὰρ
1300 2792 1373 2861 μὴ
1407 2789 1524 2843 ἐστι
1561 2788 1765 2862 μέτρου
1792 2791 2012 2861 φύσεως

429 2882 624 2954 ἐτέρας
656 2882 844 2937 λαϐεῖν
864 2881 926 2935 τὺ
963 2883 1191 2952 Πνεῦμα
1238 2880 1301 2935 1:6
1347 2883 1413 2936 ἐκ
1468 2881 1564 2936 τοῦ
1607 2882 1823 2953 Πατρός
1847 2883 2014 2936 ἐκπο-

433 2973 753 3045 ρευόμενον,
786 2971 922 3047 ,ἀλλ’
950 2972 1191 3043 όμοφυῖᾳ
1243 2971 1337 3025 καὶ
1364 2971 1555 3044 ἀγάπῃ
1585 2972 1723 3045 μόνῃ
1749 2975 1815 3044 τῇ
1873 2973 2012 3043 πρὸς

429 3062 593 3116 αὐτὸν
616 3060 838 3126 δίδοται,
869 3060 1028 3132 μόνος
1063 3060 1120 3115 δέ
1148 3063 1177 3114 6
1216 3060 1346 3125 Υίδς
1394 3062 1574 3133 Πατρλ⁸
1601 3062 1695 3117 καὶ
1732 3062 1810 3131 τῷ
1843 3063 2012 3117 Πνεύ-

430 3172 565 3226 ματι
613 3152 921 3224 ὀμοούσιος,
955 3153 1116 3224 δῆλον
1143 3153 1220 3217 ὡς
1266 3153 1355 3207 διά
1404 3153 1639 3226 φυσικὴν
1683 3155 1904 3225 ἀγάπην
1934 3156 2011 3227 τῷ

2744 1966 2901 2024 CAP.
2931 1968 3072 2023 XIX.

2185 2054 2241 2111 Si
2274 2056 2441 2127 igitur
2472 2072 2584 2113 non
2609 2072 2678 2113 ex
2710 2058 2920 2129 Spiritu
2944 2059 3158 2129 accepit
3182 2059 3365 2125 Jesus,
3391 2060 3695 2117 secundum

2112 2144 2421 2201 doctrinam
2450 2144 2723 2218 Egyptii,
2771 2155 3102 2217 potestatem
3157 2149 3422 2219 operandi
3472 2163 3700 2221 propter

2111 2234 2247 2305 quid
2282 2234 2436 2289 dedit
2464 2234 2544 2289 illi
2575 2236 2738 2291 Pater
2778 2236 3089 2306 Spiritum?
3117 2236 3251 2291 Nam
3291 2256 3310 2289 ι
3337 2254 3449 2294 non
3478 2256 3701 2295 mensu-

2111 2346 2193 2395 ra,
2226 2329 2427 2401 inquit,
2456 2330 2552 2385 dat
2585 2330 2750 2386 Pater
2782 2330 3223 2401 Spirittnn.Nam
3256 2334 3579 2391 Pateramat
3605 2336 3699 2390 Fi-

2109 2421 2245 2476 lium
2289 2431 2346 2477 et
2371 2421 2558 2477 omnia
2604 2421 2760 2476 dedit
2802 2422 2858 2476 in
2881 2438 3046 2478 manu
3075 2424 3224 2481 illius
3267 2436 3315 2491 κ,
3350 2445 3369 2478 ι
3419 2429 3699 2497 quomodo

2110 2528 2265 2579 vero,
2296 2512 2340 2567 si
2371 2528 2484 2568 non
2518 2528 2778 2568 mensura
2807 2514 2901 2569 sed
2952 2515 3223 2587 dignitate
3266 2518 3429 2575 datus
3465 2528 3549 2576 est
3582 2521 3633 2576 ei
3669 2540 3699 2576 a

2112 2607 2225 2661 Deo
2248 2606 2529 2677 Spiritus?
2558 2607 2683 2663 Non
2709 2608 2857 2663 sicut
2886 2607 3184 2664 imbecillis
3216 2608 3382 2664 homo
3408 2609 3478 2665 ad
3506 2625 3701 2681 opera-

2115 2698 2323 2753 tionem
2372 2697 2617 2754 divinam
2668 2697 2883 2767 acccpit
2930 2698 3091 2754 Jesus
3138 2699 3431 2770 Spiritum.
3473 2701 3531 2757 Si
3564 2717 3698 2757 vero

2111 2806 2223 2844 non
2264 2798 2350 2845 est
2387 2805 2664 2845 mensurae
2708 2790 2852 2845 alius
2876 2799 3091 2846 natura:
3132 2792 3383 2862 accipere
3431 2792 3697 2863 Spiritum

2111 2882 2207 2952 qui
2228 2898 2295 2937 cx
2315 2882 2477 2937 Patre
2505 2883 2780 2953 procedit,
2805 2883 2899 2938 sed
2926 2883 3089 2938 datur
3112 2884 3213 2939 soli
3235 2893 3446 2939 natura:
3462 2884 3627 2939 simili
3643 2896 3700 2939 et

2108 2975 2180 3029 ab
2203 2989 2272 3029 eo
2297 2975 2533 3040 dilectae,
2553 2976 2703 3030 solus
2737 2974 2911 3030 Filius
2936 2976 3086 3031 Patri
3114 2984 3171 3031 et
3196 2975 3427 3046 Spiritui
3458 2978 3698 3032 consub-

2110 3065 2411 3131 stantialis,
2441 3064 2670 3121 evidens
2697 3075 2783 3121 est
2821 3066 2969 3135 quod
3016 3074 3246 3137 propter
3272 3068 3577 3123 naturalem
3607 3068 3696 3122 dl-

2109 3155 2407 3211 lectionem
2454 3155 2915 3211 consubstantiali
2947 3156 3089 3211 Filio
3127 3155 3287 3212 dedit
3325 3158 3695 3213 consubstan-

428 3246 703 3318 ὀμοουσὶῳ
728 3245 843 3316 Υίῷ
860 3246 1061 3300 δέδωκε
1084 3246 1144 3300 1:6
1163 3244 1454 3317 όμοούσιον
1507 3245 1672 3299 αὑτοῦ
1714 3246 1944 3317 Πνεῦμα
1982 3248 2008 3300 6

2115 3247 2299 3302 tialem
2335 3247 2604 3319 Spiritum
2638 3263 2800 3303 suum
2835 3248 3018 3315 Pater,
3066 3263 3190 3303 nam
3238 3250 3421 3304 omnia
3448 3250 3603 3307 dedit
3644 3255 3696 3309 ci

428 3339 654 3410 Πατήρ’
707 3337 885 3392 πάντα
933 3338 1044 3411 γάρ
1073 3336 1304 3391 δέδωκεν
1353 3338 1413 3391 ἐν
1456 3339 1524 3409 τῇ
1578 3337 1724 3409 χειρὶ⁹
1761 3337 1930 3393 αὑτοῦ
1978 3339 2008 3393 ό

2112 3340 2273 3395 Pater
2322 3317 2389 3394 in?
2414 3355 2603 3405 manu,
2634 3339 2709 3395 ita
2737 3351 2799 3397 ut
2837 3340 3052 3397 diceret
3078 3340 3273 3398 Filius:
3315 3361 3334 3395 ι
3363 3340 3557 3399 Omnia
3574 3361 3697 3416 qua:

429 3430 623 3502 Πατήρ
649 3445 664 3460 ’
717 3427 859 3483 ὥστε
916 3428 1097 3497 λέγειν
1123 3427 1216 3483 τὸν
1250 3426 1400 3493 Υίδν,
1434 3445 1453 3480 ι
1488 3427 1671 3483 Πάντα
1710 3429 1810 3484 ὅσα
1836 3428 1951 3500 ἔχει
1978 3428 2010 3483 6

431 3522 644 3595 Πατὴρ,
683 3521 795 3594 ἐμά
829 3523 969 3576 ἐστι.
1017 3541 1037 3575 ι

1022 3614 1280 3669 ΚΕΦΛΛ.
1340 3613 1425 3669 κ’.

497 3705 770 3769 Ζωοποιός
800 3705 918 3760 ἐστι
947 3704 1043 3759 τοῦ
1098 3705 1306 3777 Κυρίου
1362 3708 1395 3777 ἡ
1452 3705 1593 3779 σάρξ
1639 3708 2007 3780 πιστευομένη

426 3797 513 3851 ὅτι
545 3796 651 3852 ὑπὸ
678 3795 772 3850 τοῦ
796 3796 933 3851 Θεοῦ
960 3798 1137 3864 Λόγου
1168 3797 1515 3869 ἐζωοποιήθη
1532 3814 1546 3829 ·
1576 3798 1885 3870 ἀλλωςηγάρ
1908 3800 2008 3853 οὐκ

427 3888 543 3943 ἐστι
619 3888 904 3953 ζωοποιός.
967 3888 1107 3941 Ἀλλ’
1160 3889 1263 3944 οὐκ
1309 3889 1565 3962 ἐνεργείᾳ
1617 3889 1713 3945 τοῦ
1773 3890 2007 3955 ζωτικοῦ

427 3980 604 4049 Λόγου
659 3980 753 4034 νῦν
801 3980 987 4045 ἁπλῶς
1038 3980 1405 4053 ἐξωοποιήθη,
1436 3966 1648 4053 Γὥσπερ
1713 3984 1773 4037 ἐν
1823 3984 1890 4055 τῇ
1912 3982 2007 4037 τοῦ

440 4071 611 4141 ’Δδάμ
652 4071 1017 4144 δημιουργία·
1052 4072 1161 4143 ὅτῳ
1195 4073 1305 4144 γὰρ
1350 4072 1418 4126 ἂν
1461 4072 1624 4128 πάλιν
1648 4074 1876 4145 δυνάμει
1911 4074 2009 4128 καὶ

426 4161 487 4215 τὸ
515 4160 754 4233 φθαρτὸν
793 4157 909 4233 εἶχε
929 4164 1025 4217 καὶ
1053 4161 1150 4217 νῦν
1169 4164 1198 4216 6
1225 4162 1517 4234 ἄνθρωπος
1535 4180 1551 4195 ·
1582 4164 1699 4218 ἀλλ’
1732 4165 2007 4237 ἐνοικήσει

428 4250 642 4320 φύσεως
652 4249 891 4323 ζωτικῆς
906 4254 987 4316 είς
999 4250 1183 4321 φύσιν,
1200 4253 1322 4307 καθ’
1347 4253 1545 4308 ἕνωσιν
1560 4253 1758 4307 οὐσιῶν
1775 4253 1889 4319 δύο,
1905 4255 2007 4327 τὴν

428 4344 727 4397 ὑπόστασιν
769 4344 902 4415 μίαν
960 4344 1401 4400 ἀποδεικνῦσανο
1438 4345 1516 4410 ὡς
1548 4345 1623 4418 μὴ
1652 4345 1856 4417 ἰσχύειν
1895 4345 2013 4400 πώ-

428 4454 559 4490 ποτε
584 4436 772 4491 λοιπὸν
819 4436 881 4491 τὸ
921 4437 1152 4509 δυνάμει
1189 4438 1614 4509 ἐναποκείμενον
1659 4438 1896 4510 φθαρτὸν
1937 4440 2006 4510 τῇ

428 4526 589 4598 φύσει
619 4530 686 4600 τῇ
744 4528 1095 4602 ἀνθρωπίνῃ,
1140 4531 1221 4595 είς
1262 4529 1326 4584 1:6
1369 4531 1626 4601 ἐνεργείᾳ
1672 4530 1956 4603 προελθεῖν
1988 4544 2004 4561 ο

2108 3427 2273 3483 habet
2292 3428 2474 3497 Pater,
2506 3443 2625 3484 mea
2650 3437 2848 3484 sunta.
2885 3449 2906 3484 ι

2747 3606 2903 3668 CAP.
2935 3612 3059 3670 XX.

2178 3703 2474 3761 Vivilicans
2498 3712 2583 3760 est
2613 3705 2834 3760 Domini
2874 3720 3005 3761 caro
3029 3721 3156 3762 cum
3191 3706 3472 3762 credimus
3506 3722 3626 3762 eam
3663 3722 3693 3763 a

2109 3797 2221 3852 Deo
2257 3797 2437 3853 Verbo
2464 3796 2819 3852 viviﬁcatam.
2853 3797 3032 3853 Aliter
3061 3799 3212 3855 enim
3257 3815 3369 3855 non
3390 3810 3478 3855 est
3508 3801 3693 3855 viviti-

2107 3903 2260 3944 caus.
2296 3887 2403 3943 Sed
2431 3903 2544 3943 non
2570 3888 2778 3943 virtute
2811 3888 2923 3943 vivi
2957 3888 3124 3945 Verbi
3169 3905 3319 3946 nunc
3365 3890 3694 3961 simpliciter

2106 3981 2380 4036 viviﬁcata
2403 4020 2419 4045 ,
2452 3988 2514 4035 ut
2550 3981 2607 4036 in
2636 3980 2922 4037 creatione
2944 3981 3150 4050 Adam;
3180 3998 3511 4054 quacunque
3542 3984 3692 4038 enim

2107 4088 2303 4129 rursus
2337 4070 2546 4129 virtute
2590 4072 3004 4143 corruptionem
3045 4072 3280 4130 haberet
3317 4089 3469 4130 nunc
3502 4075 3690 4142 homo,

2107 4165 2204 4220 sed
2232 4164 2413 4220 univit
2455 4179 2570 4219 suae
2604 4173 2817 4219 naturae
2858 4174 3113 4221 naturam
3160 4166 3555 4234 viviﬁcantem,
3592 4184 3693 4238 per

2110 4256 2371 4311 unionem
2412 4255 2647 4311 duarum
2672 4255 3130 4323 substantiarum,
3158 4272 3324 4312 unam
3372 4258 3689 4330 bypostasin

2106 4349 2484 4412 exhibentem.
2538 4358 2600 4404 ut
2630 4364 2917 4419 nunquam
2962 4348 3230 4421 deinceps
3258 4360 3447 4421 posset
3469 4349 3526 4405 in
3560 4366 3693 4421 opc-
3802 4388 3805 4391 ι

2108 4443 2323 4498 ratione
2382 4442 2489 4498 sita
2538 4441 2846 4511 corruptio,
2910 4450 3123 4497 naturae
3182 4442 3436 4498 humana:
3477 4442 3691 4513 ingredi

2108 4534 2454 4605 operatione,
2503 4542 2566 4589 ut
2602 4534 2843 4589 humana
2883 4533 3165 4607 hypostasi
3209 4534 3266 4589 in
3318 4533 3441 4604 ipso
3477 4535 3582 4590 sita
3610 4537 3695 4590 in-

426 4618 504 4682 ῶς
526 4618 669 4673 κατὰ
698 4618 1046 4691 ἀνθρωπίνης
1089 4619 1443 4684 ὑποστάσεως
1474 4621 2006 4691 συνεναποκειμένης

2110 4627 2485 4698 corruptionis
2522 4626 2755 4694 virtute,
2798 4626 2927 4682 vita:
2972 4627 3197 4698 propria
3229 4634 3451 4692 natura,
3478 4634 3693 4683 etcum

429 4710 566 4782 αὐτῇ
604 4710 666 4765 ἐν
700 4712 766 4782 τῇ
791 4711 889 4782 τῆς
936 4712 1342 4784 ἁφθαρτοποιοῦ
1373 4713 1676 4784 δυνάμεως,
1712 4714 1811 4785 τῆς
1843 4713 2007 4767 αύτο-

427 4805 589 4873 φύσει
617 4803 783 4874 ζωῆς,
809 4805 902 4858 καὶ
933 4804 1012 4868 είς
1042 4803 1139 4876 τὴν
1165 4805 1337 4875 αὐτὴν
1378 4804 1529 4858 Θείαν
1564 4803 1859 4858 ὑπόστασιν
1890 4820 2014 4857 συν-

427 4898 658 4971 εχούσης
695 4902 796 4970 τὴν
855 4899 1207 4971 ἀνθρωπείαν
1243 4898 1440 4971 φύσιν·
1490 4898 1637 4952 οὔτω
1672 4900 1806 4967 γοῦν
1865 4915 2011 4962 τινες

429 4994 523 5047 καὶ
552 4994 679 5057 τοὺς
705 4992 1065 5063 φθοροποιοὺς
1113 4991 1214 5063 τῆς
1251 4990 1489 5061 γαστρὸς
1515 4990 1682 5053 όποὺς
1708 4990 1742 5061 ἢ
1778 4988 2010 5061 βοτάνας

427 5086 493 5138 δι’
527 5086 719 5156 ἑτέραν
783 5085 905 5140 τινά
964 5084 1237 5154 ὠφέλειαν
1281 5084 1689 5156 προσφέροντες
1726 5100 1839 5137 τισι
1894 5085 2007 5148 τοῖς

433 5176 580 5239 ἰδίως
628 5177 937 5245 ἐφεκτικοῖς
984 5175 1157 5246 αὐτῆς
1202 5175 1367 5229 είδεσι
1426 5174 1704 5245 μίξαντες.
1759 5174 1839 5239 είς
1886 5174 2007 5238 ἐνδς

431 5265 725 5337 φαρμάκου
768 5264 1032 5337 σύνθεμα,
1081 5262 1254 5326 ἀδεῶς
1300 5263 1362 5317 1:6
1423 5262 1609 5316 λοιπὸν
1673 5262 2002 5335 παρέχουσι·

432 5355 790 5428 φθοροποιίαν
842 5356 1079 5428 γαστρὸς
1130 5355 1320 5409 λοιπὸν
1353 5354 1456 5408 οὐκ
1501 5352 1889 5425 εὐλαϐούμενοι
1920 5353 2009 5407 διά

430 5450 494 5501 τὸ
545 5446 1038 5519 συμπεπλεγμένον
1092 5445 1383 5516 ἐφεκτικὸν
1432 5444 1531 5515 τῆς
1558 5444 1793 5514 γαστρὸς
1833 5444 1893 5498 ἐν
1926 5442 2008 5496 ἐνὶ

431 5540 527 5593 καὶ
555 5540 634 5611 τῷ
660 5538 809 5609 αύτῷ
832 5538 1109 5610 φαρμάκῳ
1147 5540 1284 5609 ἅμα.

991 5632 1247 5685 ΚΑΦΑΛ.
1291 5632 1422 5686 KA'.

501 5723 615 5775 Οὐκ
652 5721 796 5776 ἐστιν
829 5722 1114 5794 ἄνθρωπος
1145 5724 1225 5794 μὴ
1252 5720 1328 5776 ὢν
1366 5740 1450 5786 τις
1499 5720 1785 5794 ἄνθρωπος
1805 5738 1823 5754 ο
1854 5719 1946 5774 καὶ
1973 5720 2003 5772 6

499 5850 527 5891 θ’
550 5842 681 5914 Reg.
713 5858 818 5909 xvi,
843 5842 894 5897 6.
976 5851 997 5879 ι
1036 5842 1194 5899 Joan.
1236 5859 1317 5910 ut,
1346 5842 1435 5898 5i.
1514 5854 1538 5883 α
1571 5841 1727 5898 Joan.
1755 5851 1867 5907 τινι,
1903 5839 1989 5894 15.

2115 4717 2233 4788 ipsa
2298 4717 2485 4773 divina
2542 4717 2825 4789 hypostasi
2889 4718 3101 4773 unitam
3169 4718 3469 4773 humanam
3530 4728 3695 4775 natu-

2113 4826 2261 4876 ram;
2291 4811 2372 4865 sic
2395 4808 2564 4880 igitur
2600 4809 2829 4880 quidam
2852 4810 2970 4865 sani
2995 4810 3256 4865 mortales
3286 4810 3571 4866 stomacho
3594 4810 3694 4865 hu-

2112 4917 2316 4966 mores,
2337 4903 2423 4957 vel
2449 4901 2688 4971 plantas,
2726 4902 2844 4957 sive
2879 4902 3171 4972 quamdam
3204 4902 3369 4956 aliam
3401 4902 3691 4957 utilitatem

2109 4994 2462 5059 adhibentes,
2495 5001 2552 5048 et
2583 4993 2921 5063 quibusdam
2942 4992 3380 5064 astringentibus
3403 4992 3695 5063 speciebus

2111 5088 2426 5150 miscentes,
2460 5099 2631 5139 unum
2658 5084 3015 5155 pharmacum
3040 5092 3381 5155 componunt
3406 5085 3554 5155 quod
3572 5086 3694 5141 sine

2112 5185 2260 5232 metu
2302 5176 2371 5232 de
2392 5184 2592 5231 caetero
2627 5174 2914 5230 adhibent.
2944 5174 3373 5246 Corruptionem
3420 5178 3691 5232 stomachi

2111 5267 2181 5323 de
2220 5277 2420 5323 caetero
2448 5282 2558 5322 non
2590 5266 2851 5322 timentes
2884 5275 3117 5338 propter
3145 5265 3460 5323 mistionem
3488 5269 3695 5326 astrin-

2113 5358 2291 5428 gentis
2310 5356 2441 5414 salsi
2475 5357 2532 5413 in
2566 5356 2764 5414 eodem
2798 5356 3117 5429 pbarmaco.

2904 5662 2917 5675 .
2948 5620 3090 5679 XXI.

2810 5622 2917 5677 AP.
2948 5621 3090 5679 XXI.

2184 5719 2300 5774 Non
2330 5717 2495 5771 homo
2520 5713 2614 5787 qui
2631 5730 2741 5771 non
2762 5621 2837 5771 fit
2866 5714 3068 5785 aliquis
3091 5714 3277 5780 homo,
3307 5720 3363 5768 et
3388 5711 3694 5784 suscipiens
