4116 6434
398 423 534 487 1713

1668 416 1974 477 LEONTII
2017 414 2424 476 BYZANTINI

3528 367 3663 460 l7ti

395 534 795 590 humanitatem
846 531 991 585 Deus
1044 529 1340 599 quemdam
1383 528 1665 583 hominem
1708 529 1977 599 suscepit,

2106 528 2374 598 ,αμϐἀνων
2399 525 2491 579 τὸν
2516 523 2803 595 ἄνθρωπον
2822 520 2957 584 Θεὸς
2986 518 3110 574 τινὰ
3134 517 3424 588 ἄνθρωπον
3445 515 3664 586 λαμὸάο

393 625 488 695 qui
514 623 816 679 secundum
862 628 1115 675 naturam
1141 628 1228 674 est
1264 620 1452 684 homo,
1500 618 1810 673 secundum
1845 633 1979 673 vero

392 711 770 780 acceptionem
790 718 875 763 est
897 724 1065 779 super
1093 708 1400 763 hominem.
1434 708 1489 763 Si
1522 720 1655 764 vero
1684 708 1979 780 quemdam

392 804 675 856 hominem
703 801 887 854 adhuc
919 800 974 853 in
1019 807 1307 869 posterum
1347 799 1565 869 accepit
1610 799 1777 863 Deus,
1810 800 1979 855 bene-

392 895 535 949 dicis
562 936 574 956 ,
608 893 650 947 si
698 893 752 945 in
783 891 1229 961 apprehensione
1251 901 1306 945 et
1331 901 1455 962 post
1478 891 1979 961 apprehensionem

392 989 518 1057 quis
543 987 695 1039 visus
716 994 797 1039 est
823 993 883 1039 ut
929 984 1125 1050 homo,
1162 984 1441 1054 quomodo
1468 983 1764 1054 quemdam
1802 982 1982 1036 homi-

393 1094 521 1132 num
564 1077 773 1131 nudum
830 1076 1065 1145 sumpsit
1132 1074 1423 1130 obtentum
1479 1088 1548 1128 ex
1601 1071 1982 1142 assumptione

396 1172 591 1226 illius?
641 1170 698 1224 Si
741 1184 877 1224 vero
914 1167 1225 1224 secundum
1257 1175 1513 1221 naturam
1556 1165 1724 1220 homo
1754 1174 1839 1221 est
1881 1181 1984 1219 na-

395 1276 538 1323 tura.
572 1272 629 1318 et
682 1278 781 1333 per
831 1260 1265 1331 assmnptionem
1300 1274 1470 1329 supra
1498 1258 1808 1321 hominem,
1841 1257 1983 1312 nihil

395 1357 544 1411 aliud
573 1356 677 1410 nisi
709 1356 828 1425 ipsa
850 1362 1048 1407 natura
1064 1368 1290 1423 prorsus
1317 1359 1589 1405 mutatum
1616 1362 1722 1416 est,
1760 1358 1818 1403 ut
1838 1359 1986 1405 esset

396 1449 542 1518 quod
588 1457 709 1502 erat
752 1455 953 1501 natura
1016 1460 1115 1515 per
1162 1443 1626 1513 assumptionem,
1679 1441 1815 1511 quid
1854 1456 1987 1511 ergo

398 1542 579 1595 factus
606 1548 716 1604 est,
738 1538 825 1591 vel
858 1537 1008 1592 enim
1038 1534 1245 1605 aliquid
1262 1534 1411 1589 aliud
1434 1534 1531 1605 qui
1559 1549 1663 1589 nec
1683 1534 1852 1594 Deus.
1883 1548 1987 1588 nec

400 1635 566 1687 homo
594 1640 650 1686 et
680 1629 827 1700 quod
860 1629 1181 1698 assumpsit.
1212 1626 1419 1681 Tamen
1454 1625 1603 1696 apud
1641 1640 1740 1679 vos
1788 1634 1985 1679 natura

403 1739 510 1777 una
560 1731 645 1776 est
668 1720 911 1785 Christo,
956 1728 1015 1773 et
1056 1718 1175 1787 ipsa
1210 1716 1421 1783 divina,
1454 1724 1510 1770 et
1538 1729 1649 1769 una
1674 1712 1988 1785 hypostasis

403 1818 480 1871 illi
517 1815 803 1871 evidenter
824 1812 991 1868 etiam
1016 1810 1224 1865 divina.

1007 1946 1161 2003 CAP.
1219 1945 1388 2001 XXII.

472 2052 751 2123 Scriptum
780 2059 866 2106 est
898 2047 1029 2118 quia
1063 2057 1119 2102 et
1148 2045 1488 2111 sanctiﬁans,
1521 2044 1574 2098 id
1605 2052 1689 2098 est
1716 2041 1988 2107 Christus,

402 2156 459 2201 et
503 2142 867 2206 sanctilicati,
926 2155 1121 2194 omnes
1169 2154 1238 2194 ex
1289 2153 1420 2202 uno,
1477 2136 1691 2191 scilicet
1739 2150 1807 2189 ex
1855 2135 1989 2189 Deo.

403 2239 579 2304 Quam
602 2236 674 2291 ob
704 2249 925 2289 causam
952 2246 1065 2286 non
1090 2229 1372 2284 erubescit
1398 2228 1526 2282 illos
1552 2227 1752 2281 fratres
1770 2240 1992 2290 vocare,

405 2329 597 2382 dicens
626 2342 639 2377 :
683 2341 701 2374 ι
748 2321 995 2376 Narrabo
1026 2333 1229 2373 nomen
1253 2325 1408 2372 tuum
1437 2315 1707 2370 fratribus
1730 2314 1935 2381 meisb;
1966 2331 1986 2365 ι

404 2428 461 2474 et
511 2418 753 2472 iterum:
801 2432 819 2463 ι
865 2410 1003 2478 Quia
1046 2425 1179 2481 ergo
1230 2408 1388 2480 pueri
1440 2406 1997 2464 communicaverunt

405 2506 559 2562 carni
595 2513 652 2560 et
675 2501 954 2573 sanguini,
988 2510 1044 2555 et
1074 2500 1190 2569 ipse
1216 2499 1475 2553 similiter
1506 2497 1856 2568 participavit
1886 2496 1998 2551 eis-

407 2600 598 2653 dem°.
649 2614 669 2648 ι
713 2593 821 2649 Sed
856 2591 1110 2662 quamvis
1148 2606 1217 2645 ex
1258 2606 1368 2645 uno
1412 2604 1625 2655 omnes,
1666 2604 1776 2643 non
1801 2588 1996 2644 eodem

410 2688 606 2751 modo,
649 2685 745 2740 hic
792 2683 944 2739 enim
985 2680 1343 2753 generatione
1397 2679 1749 2734 immaculata
1782 2690 1839 2735 et
1876 2678 1997 2734 sine

410 2778 687 2851 principio
720 2792 789 2831 ex
824 2775 919 2830 illo
957 2784 1073 2841 est;
1114 2774 1191 2828 illi
1219 2781 1404 2829 autem
1432 2774 1714 2829 creatione
1744 2781 1995 2840 tantum;

412 2887 521 2926 non
550 2870 698 2925 enim
743 2868 992 2939 ejusdem
1040 2876 1254 2922 natura:
1289 2876 1420 2922 sunt
1450 2866 1598 2921 filius
1628 2865 1777 2937 figuli
1801 2876 1859 2921 et
1879 2881 1996 2933 vas,

411 2962 666 3034 quamvis
712 2970 943 3028 uterque
984 2957 1053 3013 ab
1085 2958 1178 3012 illo
1207 2959 1442 3013 oriatur.
1473 2957 1704 3027 Insuper
1731 2956 1775 3011 si
1804 2970 2003 3012 ereans

418 3066 469 3111 et
490 3054 661 3111 creati
688 3061 885 3107 natura
907 3052 1049 3107 inter
1066 3068 1123 3107 se
1143 3051 1433 3118 differunt,
1454 3050 1732 3121 quomodo
1751 3050 1999 3123 ejusdem

415 3159 627 3204 natura:
690 3160 811 3201 csse
869 3154 1104 3217 possunt
1154 3144 1482 3198 naturaliter
1542 3142 1893 3199 sanctificans
1946 3149 2003 3197 et

2082 637 2185 682 νει,
2216 620 2310 671 τὸν
2346 618 2435 671 διὰ
2485 616 2584 687 μὲν
2623 616 2723 688 τὴν
2767 613 2931 683 φύσιν
2970 612 3102 666 ὄντα
3141 611 3456 682 ἄνθρωπον,
3487 608 3579 663 διὰ
3606 609 3665 662 δὲ

2081 712 2181 783 τὴν
2231 710 2393 780 λῆψιν
2454 708 2582 762 ὄντα
2628 708 2767 778 ὑπὲρ
2818 705 3128 777 ἄνθρωπον.
3182 704 3247 757 Ei
3283 702 3385 774 μὲν
3416 698 3515 756 οὖν
3544 717 3667 755 τινα

2083 804 2213 857 ὄντα
2241 802 2529 874 ἄνθρωπον
2578 800 2681 870 ἤδη
2714 799 2943 868 ὕστερον
2971 796 3166 850 ἔλαϐεν
3212 798 3243 851 6
3292 794 3447 860 Θεὸς,
3485 795 3669 858 καλῶς

2083 897 2293 965 λέγεις’
2328 898 2376 949 εἰ
2423 895 2479 948 δὲ
2502 896 2570 966 τῇ
2602 894 2764 963 λήψει
2806 894 2901 945 καὶ
2941 890 3080 962 μετὰ
3132 890 3236 960 τὴν
3283 888 3451 959 λῆψιν
3477 886 3666 960 ὠράθη

2083 1006 2168 1051 τις
2196 987 2273 1040 ὣν
2300 986 2611 1057 ἄνθρωπος,
2642 984 2761 1047 πῶς
2788 1000 2910 1037 τινα
2947 981 3237 1053 ἄνθρωπον
3266 979 3428 1033 ἔλαϐε
3461 979 3669 1050 γυμνὸν

2086 1077 2349 1132 ἇτευκτον
2379 1078 2458 1130 ἔτι
2486 1079 2586 1147 τῆς
2626 1072 2990 1146 προσλήψεως
3027 1072 3193 1127 αὑτοῦ
3224 1089 3239 1139 ;
3274 1073 3323 1125 εί
3362 1072 3421 1126 δὲ
3449 1070 3540 1124 διὰ
3569 1072 3671 1140 τὴν

2088 1172 2251 1242 φύσιν
2278 1170 2566 1242 ἄνθρωπός
2595 1171 2710 1223 ἐστι
2731 1170 2798 1239 τῇ
2818 1166 2979 1237 φύσει
3002 1166 3096 1221 καὶ⁵
3114 1164 3205 1221 διὰ
3227 1164 3326 1236 τὴν
3346 1162 3510 1234 λῆψιν
3532 1163 3673 1233 ὑπὲρ

2086 1263 2399 1336 ἄνθρωπον,
2437 1264 2539 1317 οὐκ
2565 1261 2695 1318 ἄλλο
2726 1279 2782 1315 τι
2830 1260 2947 1313 ἁλλ’
2974 1259 3147 1331 αὐτὴν
3198 1258 3300 1328 τὴν
3334 1256 3499 1328 φύσιν
3536 1256 3672 1309 πάν-

2086 1374 2195 1421 τως
2226 1356 2438 1427 ἐτράπη
2456 1354 2550 1409 οὒν
2577 1352 2673 1408 τοῦ
2708 1348 2848 1407 εἶναι
2880 1352 2910 1405 ὃ
2952 1347 3022 1423 ῆν
3050 1354 3114 1422 τῇ
3148 1349 3313 1420 φύσει
3339 1349 3427 1403 διὰ
3449 1348 3548 1420 τῆς
3572 1348 3671 1417 λή-

2087 1448 2235 1519 ψεως
2260 1464 2274 1478 ⁸
2300 1449 2355 1501 τί
2390 1444 2483 1502 οὖν
2512 1448 2765 1516 γέγονεν;
2806 1445 2840 1516 ἢ
2866 1443 2977 1516 γὰρ
3005 1443 3197 1514 ἕτερόν
3221 1460 3296 1509 τι,
3324 1442 3353 1495 6
3375 1441 3495 1495 οὐδὲ
3514 1440 3671 1506 Θεὸς,

2089 1540 2209 1595 οὐδὲ
2243 1538 2534 1611 ἄνθρωπός
2582 1539 2700 1591 ἐστι
2722 1535 2787 1589 τὺ
2828 1534 3278 1607 προσλαϐόμενον
3323 1533 3493 1604 ῆγουν
3519 1548 3534 1562 ο
3563 1532 3676 1601 ἄρα

2090 1633 2185 1688 οὖν
2217 1632 2343 1686 καθ’
2367 1632 2533 1702 ὑμᾶς,
2568 1631 2665 1685 καὶ
2724 1629 2888 1699 φύσις
2928 1630 3029 1700 μία
3092 1627 3214 1681 ἐστὶ
3268 1627 3515 1698 Χριστῷ,
3577 1625 3678 1680 καὶ

2092 1727 2229 1794 αὐτὴ
2278 1724 2433 1778 θεία·
2474 1725 2568 1777 καὶ
2620 1723 2924 1787 ὑπόστασις
2961 1723 3021 1776 δὲ
3078 1720 3231 1790 αὐτῷ
3262 1720 3361 1790 μία
3389 1719 3677 1792 προδήλως

2092 1820 2189 1873 καὶ
2213 1817 2353 1889 αὐτὴ
2389 1816 2546 1874 Θεοῦ.

2660 1947 2912 2001 ΚΕΦΑΛ.
2955 1944 3084 2001 KB’.

2164 2042 2478 2111 Γέγραπται
2508 2042 2590 2096 ὅτι
2623 2040 2719 2093 καὶ
2744 2042 2771 2093 6
2800 2038 3065 2107 ἁγιάζων,
3108 2040 3277 2110 ἤγουν
3303 2035 3558 2109 Χριστὸς,
3584 2036 3681 2087 καὶ

2093 2133 2144 2186 oi
2173 2133 2549 2201 ἁγιαζόμενοι,
2585 2131 2643 2196 ἐξ
2676 2130 2795 2194 ἐνὸς
2826 2131 3051 2196 πάντες,
3074 2130 3277 2201 δηλαδὴ
3307 2131 3372 2182 ἐκ
3396 2126 3489 2181 τοῦ
3519 2126 3681 2180 Θεοῦ’

2094 2226 2167 2279 δι’
2201 2226 2271 2296 ἢν
2326 2224 2506 2278 αἰτίαν
2551 2224 2676 2277 οὐδὲ
2728 2223 3119 2294 ἐπαισχύνεται
3163 2223 3363 2285 αὐτοὺς
3417 2221 3683 2290 ἀδελφοὺς

2095 2318 2282 2373 καλεῖν
2304 2317 2498 2385 λέγων,
2523 2336 2541 2367 ι
2567 2316 2891 2385 ’Δπαγγελῶ
2910 2316 2969 2369 τὸ
2995 2315 3167 2387 ὄνομά
3192 2332 3285 2368 σου
3302 2316 3415 2378 τοῖς
3429 2313 3683 2383 ἀδελφοῖς

2100 2430 2204 2483 μου
2224 2428 2239 2445 ο
2268 2430 2287 2464 ι
2310 2414 2405 2467 καὶ
2423 2412 2607 2476 πάλιν,
2631 2429 2650 2463 ι
2674 2410 2831 2463 Ἐπεὶ
2851 2406 2944 2465 οὖν
2965 2410 3035 2463 τὰ
3060 2408 3249 2463 παιδία
3284 2405 3685 2477 κεκοινώνηκεν

2097 2506 2328 2573 αἵματος
2360 2504 2455 2557 καὶ
2498 2503 2721 2574 σαρκὸς,
2758 2503 2851 2555 καὶ
2898 2501 3061 2565 αὐτὸς
3105 2499 3505 2572 παραπλησίως
3550 2516 3686 2570 μετ·

2099 2598 2225 2667 ἐσχε
2258 2596 2366 2650 τῶν
2404 2595 2606 2651 αὐτῶν.
2635 2614 2654 2647 ι
2688 2594 2827 2648 Ἀλλ’
2854 2595 2904 2648 εί
2936 2594 3030 2648 καὶ
3051 2593 3113 2659 ἐξ
3154 2592 3273 2657 ἑνός
3313 2592 3536 2657 πάντες,
3566 2590 3685 2645 ἀλλ’

2098 2690 2195 2760 οὐχ
2232 2689 2523 2751 ὡσαύτως·
2552 2689 2581 2742 6
2617 2688 2717 2759 μὲν
2746 2688 2855 2759 γὰρ
2886 2688 2982 2741 καὶ
3011 2686 3264 2756 γεννήσει
3296 2685 3391 2737 καὶ
3430 2683 3687 2755 ἁχρὰντῳ

2099 2785 2194 2838 καὶ
2223 2783 2446 2854 ἁνὰρχῳ
2478 2782 2627 2835 ἐστὶν
2672 2780 2732 2846 ἐξ
2770 2779 2970 2834 αὐτοῦ’
3009 2782 3057 2833 οἱ
3084 2780 3144 2833 δὲ
3181 2779 3362 2832 κτίσει
3407 2779 3591 2849 μόνου,
3620 2777 3687 2828 οὐ

2098 2874 2201 2944 τῆς
2239 2872 2410 2943 αὐτῆς
2440 2872 2499 2927 δὲ
2533 2870 2772 2941 φύσεως,
2807 2871 2835 2925 ὃ
2868 2888 2929 2924 τε
2979 2870 3095 2933 υίὸς
3137 2868 3232 2922 τοῦ
3264 2868 3557 2941 κεραμέως
3587 2867 3689 2921 καὶ

2099 2968 2132 3038 ἡ
2168 2965 2427 3036 στάμνος,
2483 2963 2661 3018 καίτοι
2689 2962 2748 3030 ἐξ
2775 2961 2941 3016 αὐτοῦ
2965 2961 3254 3031 γενόμενοι
3285 2959 3484 3029 ἄμφω·
3508 2958 3687 3022 ἄλλως

2102 3059 2157 3112 δὲ
2187 3058 2216 3111 6
2251 3057 2412 3127 φύσει
2455 3057 2721 3125 ἁγιάζων,
2755 3056 2852 3110 καὶ
2882 3056 2931 3109 οἱ
2963 3054 3127 3124 φύσει
3162 3051 3537 3122 ἁγιαζόμενοι,
3572 3052 3691 3114 πῶς

2104 3152 2397 3221 όμοφυεῑς;
2428 3150 2589 3220 εἴπερ
2628 3148 2703 3218 μὴ
2736 3149 2832 3202 καὶ
2864 3149 2892 3201 ό
2916 3147 3121 3211 κτίζων
3150 3148 3244 3201 καὶ
3268 3149 3317 3201 οἱ
3352 3146 3688 3216 κτιζὸμενοι’

415 3238 744 3295 naturaliter
802 3236 1201 3292 sanctiﬁcatus.
1244 3235 1356 3292 Cur
1410 3251 1543 3293 vero
1586 3235 1786 3318 fratres
1862 3236 1987 3290 illos

2106 3244 2192 3298 διὰ
2223 3244 2275 3297 τί
2319 3244 2377 3296 δὲ
2422 3243 2516 3297 καὶ
2574 3241 2759 3297 καλεῖν
2817 3241 3016 3305 αὐτοὺς
3066 3241 3327 3309 ἀδελφοὺς
3374 3241 3475 3293 οὐκ
3536 3242 3696 3293 ἐπαι-

417 3344 616 3385 vocare
650 3344 762 3383 non
795 3327 1116 3382 erubescit?
1145 3327 1281 3393 Quis
1308 3328 1455 3381 enim
1485 3308 1666 3398 pudor
1693 3328 1780 3382 vel
1808 3326 2001 3382 existi-

420 3437 603 3478 matur
652 3423 706 3476 in
752 3420 822 3475 iis
865 3422 963 3493 qui
1008 3436 1236 3491 prorsus
1263 3420 1511 3491 ejusdem
1537 3428 1752 3475 naturae
1782 3428 1911 3474 sunt
1941 3434 2005 3474 ac

418 3516 745 3587 dignitatis?
775 3516 870 3571 Vel
893 3530 1016 3585 qua:
1044 3514 1164 3567 laus
1191 3512 1518 3566 humilitatis
1556 3512 1605 3565 ei
1636 3511 1733 3581 qui
1760 3510 2004 3581 seipsum

420 3616 581 3661 vocat
608 3605 754 3675 quod
783 3614 931 3659 totus
968 3614 1055 3658 est
1096 3603 1427 3657 naturaliter
1466 3602 1602 3657 nihil
1633 3602 1874 3672 amplius
1912 3603 2009 3657 ha-

422 3698 609 3753 bens?
653 3697 842 3766 Neque
885 3695 1033 3750 enim
1072 3695 1166 3764 qui
1212 3704 1425 3749 tantum
1466 3694 1797 3749 naturaliter
1833 3694 2009 3750 forma

421 3787 569 3842 servi
592 3786 830 3851 exsistit,
856 3784 926 3839 ab
961 3785 1109 3839 inani
1138 3784 1313 3854 gloria
1339 3784 1554 3838 alienus
1599 3791 1686 3838 est
1721 3783 2014 3839 habendus

423 3881 665 3950 seipsum
702 3894 923 3933 servum
961 3892 1185 3931 vocans.
1213 3877 1344 3942 Quae
1370 3875 1676 3945 spiritualis
1706 3875 2015 3946 sympathia

424 3973 611 4042 pueris
630 3987 723 4041 qui
753 3968 1300 4024 communicaverunt
1324 3966 1782 4037 participantibus
1800 3967 2018 4027 carniet

425 4064 679 4135 sanguini
709 4072 928 4127 natura,
978 4060 1317 4132 participare
1354 4058 1489 4114 fecit
1520 4074 1649 4113 eum
1694 4058 1788 4129 qui
1820 4068 2018 4113 natura

425 4166 481 4211 ct
530 4156 645 4226 ipse
690 4170 919 4225 prorsus
958 4153 1158 4208 similis
1184 4192 1198 4218 ,
1230 4160 1286 4206 et
1312 4165 1437 4205 cum
1465 4150 1721 4205 similiter
1748 4149 1931 4204 carnis
1962 4158 2020 4203 et

427 4246 713 4315 sanguinis
754 4255 974 4300 natura.
1012 4244 1126 4299 Etsi
1172 4258 1306 4299 vero
1337 4259 1446 4298 non
1473 4243 1661 4307 vellet,
1696 4243 1785 4297 vel
1832 4242 2018 4312 potius

426 4343 533 4397 etsi
580 4356 692 4396 non
753 4340 1175 4411 participarent,
1226 4354 1339 4392 non
1388 4338 1586 4392 tierent
1635 4337 1724 4392 isti
1780 4337 2021 4391 infantes

432 4448 660 4502 prorsus
700 4433 751 4487 ei
795 4430 1317 4495 consubstantiales,
1351 4429 1397 4485 si
1439 4429 1604 4485 Verbi
1654 4428 1877 4499 propria
1916 4442 2018 4482 na-

434 4536 555 4578 tura
603 4523 880 4593 particeps
926 4523 1105 4577 factus
1159 4529 1245 4577 est
1294 4520 1478 4576 carnis
1532 4530 1591 4575 et
1645 4536 1758 4575 non
1811 4519 2015 4590 quivis.

2107 3336 2399 3407 σχύνεται;
2442 3335 2526 3399 τίς
2580 3336 2690 3407 γὰρ
2749 3334 2978 3405 αἰσχύνη
3043 3335 3137 3387 καὶ
3203 3332 3570 3386 ὑποπτεύεται
3634 3334 3696 3385 ὲν

2104 3422 2409 3493 όμοουσίοις
2479 3422 2654 3492 πάντη
2724 3422 2819 3475 καὶ
2893 3420 3187 3492 ἰσοτίμοις;
3250 3420 3411 3491 ῆτίς
3472 3421 3695 3484 ἔπαινος

2105 3513 2606 3585 ταπεινοφροσύνης
2681 3513 2759 3584 τῷ
2840 3513 3096 3567 καλοῦντι
3174 3514 3401 3579 ἑαυτὸν,
3456 3514 3486 3567 ὃ
3534 3514 3696 3585 φύσει

2108 3609 2228 3673 ὅλος
2254 3609 2371 3662 ἐστὶ
2403 3608 2570 3679 μηδὲν
2600 3607 2763 3661 πλέον
2807 3607 2947 3677 ἔχων
2977 3608 3131 3661 τοῦδε
3158 3625 3171 3673 ;
3203 3607 3323 3661 οὐδὲ
3359 3608 3473 3679 γὰρ
3496 3610 3524 3661 6
3557 3625 3695 3678 μορ-

2112 3702 2186 3773 φὴ
2237 3702 2425 3755 δούλου
2482 3700 2643 3771 φύσει
2713 3701 2790 3755 ὢν
2845 3702 3027 3772 μόνον,
3091 3700 3277 3754 δοῦλον
3335 3701 3529 3755 ἑαυτὸν
3599 3718 3701 3755 καθ

2110 3794 2219 3847 λῶν
2267 3793 2622 3857 ἁκενόδοξος⁶
2652 3793 2735 3857 τίς
2781 3792 2839 3845 δὲ
2886 3790 3144 3861 γνωμικὴ
3200 3790 3427 3860 εποίησε
3476 3792 3698 3861 συμπά-

2114 3885 2231 3939 Θεια
2288 3885 2428 3957 πρὸς
2475 3886 2545 3955 τὰ
2592 3882 3034 3953 κεκοινωνηκότα
3082 3883 3271 3936 παιδία
3317 3882 3553 3953 αἵματος
3599 3885 3697 3936 καὶ

2117 3979 2319 4049 σαρκὸς
2359 3977 2541 4047 φύσει,
2596 3976 2689 4030 τὸν
2743 3978 2809 4047 τῇ
2856 3975 3016 4044 φύσει
3066 3974 3258 4028 ἑαυτὸν
3294 3975 3472 4045 πάντη
3511 3975 3700 4044 ὅμοιον

2116 4071 2211 4124 καὶ
2256 4069 2422 4123 αὐτὸν
2478 4067 2877 4139 παραπλησίως
2928 4066 3027 4137 τῆς
3071 4066 3274 4138 σαρκὸς
3325 4065 3420 4120 καὶ¹
3464 4067 3701 4135 αἵματος

2117 4162 2278 4232 φύσει
2316 4162 2682 4230 κοινωνῆσαι;
2726 4159 2844 4215 Κᾶν
2892 4158 3004 4231 γὰρ
3058 4160 3134 4231 μὴ
3183 4159 3455 4224 ἐϐούλετο,
3494 4161 3703 4231 μᾶλλον

2117 4254 2173 4307 δὲ
2200 4255 2294 4308 καὶ
2320 4255 2367 4307 εί
2404 4252 2479 4324 μὴ
2512 4254 2902 4324 ἐκοινώνησαν,
2970 4253 3110 4323 μηδὲ
3156 4253 3408 4321 ἐγένοντο
3434 4253 3570 4317 ὅλως
3608 4246 3707 4307 οἵ»⁴

2116 4363 2199 4399 τοι
2234 4346 2285 4399 οἱ
2325 4346 2600 4417 όμοούσιοι
2622 4346 2811 4410 παῖδες
2843 4346 2979 4417 τῷδε
3002 4361 3016 4375 ·
3058 4347 3107 4399 εί
3145 4346 3289 4416 λόγῳ
3335 4347 3433 4417 τῆς
3492 4346 3701 4412 οἰκείας

2120 4438 2335 4509 φύσεως
2364 4440 2764 4509 κεκοινώνηκεν
2794 4439 2989 4509 αἵματι
3024 4439 3121 4492 καὶ
3152 4438 3336 4510 σαρκὶ,
3378 4439 3599 4501 πάντως
3632 4439 3705 4491 ἂν

2122 4532 2221 4584 καὶ
2252 4531 2415 4601 μόνος
2458 4530 2534 4584 ὢν
2580 4531 2758 4584 τοῖσδε
2808 4527 3134 4600 ἐκοινώνησε
3159 4546 3172 4559 ·
3204 4529 3375 4599 σαφὲς
3401 4524 3494 4583 οὖν
3523 4530 3615 4581 καὶ
3646 4531 3709 4585 ἐν

433 4614 669 4671 Omnino
692 4614 843 4668 solus
870 4613 938 4668 iis
964 4612 1333 4683 participavit.
1353 4611 1498 4668 Sane
1518 4612 1689 4683 igitur
1708 4612 1763 4667 in
1790 4612 1911 4667 istis
1924 4628 2005 4682 qui

2124 4624 2338 4688 τούτοις
2386 4625 2445 4677 τὸ
2498 4624 2776 4696 ὑπερφυὲς
2825 4624 2961 4694 ἡμῖν
3004 4623 3099 4677 τοῦ
3148 4623 3589 4693 καταδεξαμένου
3644 4622 3710 4675 τδ

433 4720 517 4764 est
534 4723 700 4777 supra
731 4715 975 4761 nostram
998 4714 1253 4759 naturam
1271 4706 1483 4776 accepit
1499 4705 1747 4760 eamdem
1769 4714 2023 4760 naturam

2122 4716 2363 4786 όμοφυὲς
2408 4716 2544 4785 ἡμῖν
2588 4714 2726 4768 Θεοῦ
2779 4715 3321 4787 ὲνανθρωπήσαντος,
3356 4716 3449 4767 καὶ
3483 4712 3574 4766 τὸν
3609 4714 3711 4767 ἁν-

438 4802 531 4856 Dei
598 4798 1029 4859 humanisantis,
1067 4806 1124 4851 ct
1170 4796 1448 4851 hominem
1504 4795 1885 4862 divinisantis,
1930 4812 2004 4866 qu

2127 4808 2347 4879 θρωπον
2403 4806 2817 4872 ἁποθεώσαντος
2846 4808 2904 4870 ὃς
2934 4807 3028 4861 καὶ
3076 4807 3265 4861 παιδία
3308 4806 3468 4860 καλεῖ
3513 4803 3712 4859 τούσδε

446 4893 679 4948 infantes
728 4891 813 4946 sui
848 4890 1021 4960 ipsius
1053 4897 1184 4945 sunt
1232 4888 1537 4944 secundum
1575 4903 1797 4943 carnem
1830 4891 2005 4943 fratre:

2127 4900 2254 4965 τοὺς
2273 4900 2469 4954 ἑαυτοῦ
2500 4901 2640 4955 κατὰ
2659 4900 2838 4969 σάρκα
2867 4900 3153 4970 ἀδελφοὺς,
3172 4900 3367 4967 λέγων,
3393 4919 3411 4952 ι
3435 4899 3566 4953 Ἰδοὺ
3598 4896 3715 4966 ἐγὼ

436 4988 663 5043 dicens:
690 5005 709 5038 ι
730 4986 870 5041 Ecce
891 4999 991 5055 ego
1014 4981 1238 5054 etpueri
1261 4997 1401 5053 quos
1424 4982 1574 5037 dedit
1600 4982 1735 5036 mihi
1760 4982 1906 5037 Deus
1918 4981 1969 5047 ἀ,
2001 4999 2020 5032 ι

439 5079 640 5135 deinde
679 5077 932 5148 quamvis
965 5076 1269 5132 secundum
1302 5075 1712 5146 generationem
1745 5074 2023 5131 carnalem

443 5172 553 5226 illis
612 5179 698 5226 est
754 5170 959 5234 frater,
1011 5179 1284 5239 quatenus
1335 5184 1406 5223 ex
1458 5167 1630 5222 Adam
1693 5169 2029 5237 proveniens

442 5261 622 5332 primo
658 5268 908 5330 parente,
947 5260 1001 5313 in
1049 5275 1292 5331 praesens
1323 5260 1608 5325 saeculum,
1644 5258 1741 5315 sed
1769 5259 2026 5315 similiter

451 5350 625 5421 ipsius
640 5365 841 5420 corpus
861 5365 929 5404 ex
956 5350 1365 5405 resurrectione
1383 5366 1507 5405 cum
1524 5350 1743 5405 fecisset
1762 5351 2025 5420 spiritua-

443 5443 576 5497 liter
594 5451 897 5507 mortuum,
921 5453 978 5497 et
1006 5443 1059 5497 in
1085 5451 1336 5497 nostrum
1362 5442 1547 5496 cibum
1567 5442 1821 5513 przebens
1839 5452 1898 5497 ut
1919 5444 2034 5499 col-

445 5534 659 5588 locaret
696 5548 793 5602 per
817 5532 995 5602 ipsum
1043 5533 1100 5587 in
1136 5532 1300 5587 nobis
1331 5532 1589 5587 virtutem
1623 5533 1933 5603 energicam
1964 5534 2033 5588 ad

446 5625 911 5680 resurrectionem
946 5633 1071 5694 post
1098 5635 1333 5678 mortem
1362 5623 1430 5678 ad
1458 5625 1803 5693 spiritualetn
1834 5640 2033 5694 corpo-

449 5730 569 5767 ium
597 5715 1118 5781 reviviftcationem,
1148 5716 1249 5786 ipsi
1280 5724 1476 5771 auctor
1505 5723 1590 5781 est
1616 5715 1675 5769 in
1695 5716 1856 5771 nobis
1876 5726 2030 5771 certe

519 5851 547 5890 ‘d
586 5850 727 5905 l‘sal.
758 5868 866 5916 XXI,
906 5853 997 5908 23.
1077 5863 1099 5892 ε
1142 5854 1307 5908 llebr.
1356 5872 1415 5919 ll,
1454 5855 1535 5909 14.
1612 5852 1635 5891 ἀ
1664 5851 1766 5905 lsa.
1820 5867 1932 5918 Vlu,
1986 5853 2069 5909 l8.

2133 4993 2230 5047 καὶ
2254 4993 2323 5047 τὰ
2349 4993 2539 5047 παιδία
2570 4994 2605 5049 ἆ
2637 5011 2728 5065 μοι
2762 4994 2962 5047 ἔδωκεν
2987 4996 3015 5047 ό
3043 4994 3177 5056 Θεός
3196 5007 3212 5024 ⁸
3240 5011 3261 5045 ι
3292 4992 3420 5046 ἐπεὶ
3448 4993 3504 5046 δὲ
3536 4994 3584 5045 εί
3612 4993 3717 5046 καὶ

2132 5084 2277 5137 κατὰ
2324 5084 2597 5156 σαρκικὴν
2653 5087 2910 5157 γέννησιν
2965 5085 3191 5153 ἀδελφός
3232 5086 3382 5138 ἐστιν
3422 5085 3604 5147 αὐτοῖς
3652 5085 3722 5151 ἐξ

2145 5174 2318 5245 ’Δδὰμ
2344 5175 2622 5247 προελθὼν
2651 5174 2746 5229 τοῦ
2797 5176 3147 5248 προπάτορος
3186 5176 3269 5239 είς
3294 5176 3445 5229 τόνδε
3498 5176 3589 5227 τὸν
3630 5175 3723 5226 ὲν·-

2135 5266 2350 5322 εστῶτα
2382 5268 2575 5334 αἰῶνα,
2614 5266 2729 5322 ἁλλ’
2764 5268 2915 5339 ὅμως
2958 5267 3019 5321 τὸ
3050 5266 3243 5322 ἑαυτοῦ
3285 5266 3447 5336 σῶμα
3485 5266 3544 5332 ὲξ
3575 5267 3723 5319 ἁνα-

2141 5358 2383 5423 στάσεως
2411 5360 2605 5431 νεκρὸν
2636 5362 3007 5431 πνευματικὸν
3035 5360 3289 5430 ποιήσας,
3318 5359 3411 5411 καὶ
3448 5356 3609 5410 τοῦτο
3634 5359 3725 5421 εἰς

2137 5448 2345 5518 τροφὴν
2375 5448 2507 5519 ἡμῖν
2536 5450 2799 5520 παρέχων
2825 5448 2921 5502 τοῦ
2952 5449 3184 5503 ἐνθεῖναι
3220 5448 3315 5502 καὶ
3353 5448 3485 5517 ἡμῖν
3518 5445 3587 5500 δι’
3618 5447 3727 5499 αὐ-

2137 5537 2229 5591 τοῦ
2291 5539 2523 5609 δύναμιν
2576 5542 2657 5604 είς
2715 5542 3011 5595 ἀνάστασιν
3078 5538 3218 5610 μετὰ
3264 5538 3367 5610 τὴν
3414 5538 3729 5609 νεκρότητα

2137 5630 2495 5702 ὲνεργητικὴν
2565 5630 2946 5702 πνευματικῆς
3002 5631 3273 5701 σωμάτων
3342 5629 3728 5690 ἁναὸιώσεως.

2138 5720 2302 5785 αὐτὸς
2354 5721 2524 5787 αἴτιος
2570 5724 2699 5795 ἡμῖν
2740 5727 2853 5778 ἐστι
2902 5722 3088 5793 σαφῶς
3131 5721 3234 5793 τῆς
3284 5722 3497 5776 τοιᾶσδε
3536 5720 3596 5774 ἐν
3643 5720 3730 5790 τῷ
