4116 6448
428 422 564 487 1745

1392 431 1789 493 ADVERSUS
1824 431 2378 496 NESTORIANOS.
2413 460 2472 470 -
2496 434 2645 495 LIB.
2681 434 2752 495 V.

3540 429 3676 491 17-{6

423 537 675 609 μέλλοντι
724 538 883 593 αίῶνι
930 542 1309 612 πνευματικῆς
1342 542 1557 611 φύσεως
1590 546 1685 601 καὶ
1712 547 2001 618 ἀτελευτή-

2114 550 2273 619 hujus
2303 550 2360 603 in
2390 550 2579 603 futuro
2608 548 2809 604 szeculo
2845 546 3151 618 spiritualis
3183 544 3394 601 naturae
3424 554 3478 601 et
3505 554 3679 601 status

420 648 513 684 του
558 632 653 684 καὶ
701 632 979 704 ἀφθάρτου
1044 636 1429 698 καταστάσεως
1470 638 1577 692 τῶν
1624 637 1719 694 νῦν
1759 641 1818 693 ἐν
1870 642 2001 711 ἡμῖν

422 721 679 792 φθαρτῶν
703 723 1001 794 σωμάτων*
1019 725 1195 797 τούτῳ
1221 743 1304 780 τοι
1327 728 1420 781 καὶ
1445 730 1659 800 εἴρηται
1680 723 1835 793 οὗτος
1855 726 1915 786 οὗ
1938 733 2006 785 τά

422 813 610 866 παιδία
631 814 821 884 ἐσμὲν,
843 817 1034 889 Πατὴρ
1064 816 1159 871 τοῦ
1197 819 1486 888 μέλλοντος
1502 820 1697 886 αἰῶνος
1717 838 1730 851 ·
1766 823 1831 876 δι’
1862 825 2004 893 ἡμᾶς

420 906 529 977 γὰρ
555 905 651 969 οὓς
674 907 984 979 ἀφθάρτους
1005 912 1200 982 ἀνιστᾷ
1233 916 1630 982 πνευματικοῖς
1660 916 1878 985 σώμασι
1910 918 2006 970 καὶ

421 998 548 1060 τοὺς
576 998 775 1063 τόπους
801 1001 895 1053 καὶ
925 1002 995 1055 τά
1025 1004 1152 1072 περὶ
1182 1004 1329 1073 ἡμᾶς
1358 1004 1535 1058 πάντα
1560 1006 1871 1077 κατάλληλα
1894 1010 2006 1071 τοῖς

420 1089 861 1161 ἐνδιαιτωμένοις
910 1094 1005 1148 καὶ
1058 1095 1414 1165 περιπολοῦσι
1464 1099 1558 1151 καὶ
1588 1098 1857 1153 διαϐιοῦσι
1913 1101 2008 1154 καὶ

424 1184 610 1248 ἁπλῶς
664 1184 1176 1257 ἐμπολιτευομένοις
1213 1189 1418 1254 αὐτοῖς,
1470 1190 1723 1262 ἄφθαρτα
1762 1191 2007 1247 ἀποκαθ-

422 1276 608 1347 ίστησι
660 1275 888 1347 σώματα
907 1294 920 1308 ·
955 1278 1037 1331 ὅτι
1065 1279 1160 1332 καὶ
1200 1279 1338 1351 αὑτὴ
1375 1281 1409 1351 ἠ
1435 1281 1614 1345 κτίσις
1643 1282 2010 1353 ἐλευθερωθή-

427 1383 580 1421 σεται
618 1366 729 1421 ἀπὸ
768 1368 867 1438 τῆς
923 1369 1167 1433 δουλείας
1217 1372 1317 1441 τῆς
1368 1372 1575 1443 φθορᾶς
1613 1374 1694 1436 είς
1722 1372 1822 1443 τὴν
1843 1372 2002 1440 δόξαν

424 1460 524 1530 τῆς
549 1460 862 1533 ἐλευθερίας
891 1462 999 1516 τῶν
1027 1462 1237 1517 τέκνων
1269 1464 1363 1517 τοῦ
1404 1464 1540 1518 Θεοῦ
1570 1465 1766 1519 τούτου
1797 1464 1891 1519 τοῦ
1920 1465 2011 1519 καὶ

419 1551 504 1614 ὡς
542 1551 830 1622 ἀνθρώπου
881 1552 1109 1619 ἀδελφοῦ
1140 1555 1235 1609 καὶ
1262 1554 1476 1627 Πατρὸς
1504 1556 1793 1624 λέγοντος*
1824 1574 1842 1608 ι
1876 1554 2007 1610 Ἰδοὺ

427 1641 539 1712 ἐγὼ
574 1645 670 1698 καὶ
697 1643 767 1698 τά
793 1646 981 1700 παιδία
1014 1645 1051 1700 ἆ
1084 1663 1173 1715 μοι
1205 1645 1407 1702 ἔδωκεν
1426 1649 1454 1701 6
1479 1648 1630 1712 Θεός.
1659 1666 1679 1701 ι

1011 1792 1263 1878 metu.
1306 1826 1433 1879 KI".

2105 642 2225 696 sine
2260 638 2366 695 (ine
2392 650 2449 694 et
2478 640 2598 695 sine
2628 641 2983 709 corruptione
3007 654 3301 709 corporum
3334 638 3552 691 nuncin
3585 654 3685 692 no-

2106 734 2191 788 bis
2241 733 2715 802 corruptibilium.
2767 732 2895 787 Ideo
2943 733 3107 787 etiam
3158 732 3205 787 is
3248 734 3405 803 cujus
3446 730 3683 784 infantes

2105 842 2297 881 sumus
2324 826 2531 880 dicitur
2552 826 2713 880 Pater
2730 824 2902 879 futuri
2930 824 3136 887 sazculi,
3168 834 3394 893 propter
3418 836 3520 876 nos
3542 836 3683 890 quos

2107 917 2399 971 suscitabit
2442 915 2894 986 incorruptibiles
2924 915 2978 969 in
3009 914 3393 984 spiritualibus
3429 911 3682 981 corpori-

2108 1011 2233 1075 bus,
2263 1018 2319 1065 et
2351 1010 2492 1074 loca,
2519 1018 2575 1065 et
2607 1010 2791 1064 omnia
2816 1008 2978 1064 nobis
2996 1007 3365 1063 convenienta
3389 1004 3684 1060 habitanti-

2109 1102 2232 1165 bus,
2284 1110 2341 1157 et
2389 1102 2740 1157 volventibus
2784 1109 2841 1157 et
2882 1100 3195 1155 viventibus
3242 1108 3298 1153 et
3350 1113 3576 1168 prorsus
3626 1111 3682 1149 ιιι

2108 1194 2326 1249 civibus
2355 1193 2580 1259 habitis,
2610 1209 2844 1263 corpore
2869 1193 2924 1247 in
2948 1193 3153 1247 unione
3180 1192 3522 1260 incorrupta,
3554 1188 3684 1259 quia

2108 1297 2166 1342 ct
2211 1287 2328 1357 ipsa
2377 1287 2589 1342 creatio
2620 1286 2950 1341 liberabitur
2985 1301 3014 1339 a
3052 1285 3319 1339 servitute
3378 1283 3575 1338 mortis
3627 1282 3683 1335 in

2110 1382 2339 1451 gloriam
2373 1380 2648 1436 libertatis
2688 1380 2930 1435 ﬁliorum
2975 1378 3117 1433 Deie
3154 1376 3315 1432 istius
3346 1376 3440 1448 qui
3482 1375 3687 1431 dicitur

2112 1473 2354 1528 hominis
2385 1472 2555 1527 frater
2581 1481 2637 1528 et
2672 1480 2849 1543 pater.
2896 1489 2915 1522 ι
2958 1470 3097 1527 Ecce
3129 1485 3232 1540 ego
3260 1476 3322 1524 et
3352 1468 3509 1540 pueri
3548 1482 3686 1537 quos

2112 1565 2265 1621 dedit
2303 1565 2437 1620 mihi
2474 1566 2638 1621 Deus.
2687 1583 2705 1616 ι

2707 1828 2859 1883 CAP.
2901 1828 3090 1882 XXIII.

499 1913 562 1966 Εί
595 1912 759 1978 αὐτὸς
788 1914 816 1968 6
837 1914 897 1969 ἑν
914 1919 1095 1987 μορφῇ
1124 1916 1260 1971 Θεοῦ
1292 1918 1554 1991 ὑπάρχων
1580 1938 1599 1973 ι
1629 1919 2004 1992 Ἐταπεινὼθη

2180 1921 2236 1978 Si
2283 1923 2375 1979 ille
2405 1923 2501 1992 qui
2528 1922 2827 1977 exsistebat
2872 1921 2927 1975 in
2977 1921 3155 1977 forma
3177 1918 3272 1974 Dei
3304 1937 3322 1969 ι
3369 1917 3689 1973 llumiliavit

424 2004 673 2069 κενώσας
722 2006 917 2060 ἑαυτὸν
956 2010 1039 2072 είς
1070 2009 1171 2080 τὴν
1208 2010 1304 2064 τοῦ
1347 2011 1534 2086 δούλου
1581 2011 1820 2083 μορφὴν,
1852 2007 2008 2075 οὗτός

431 2102 578 2153 ἐστιν
609 2101 638 2153 6
662 2099 1058 2171 ὑπερυψωθεὶς,
1087 2104 1181 2156 καὶ
1211 2097 1255 2171 ᾧ
1282 2103 1575 2174 ἐχαρίσατο
1612 2106 1639 2157 6
1675 2102 1809 2166 Θεὸς
1838 2103 2011 2174 ὄνομα

430 2193 491 2245 τὸ
539 2192 683 2260 ὑπὲρ
712 2195 821 2247 πᾶν
866 2193 1059 2265 ὄνομα,
1098 2215 1117 2248 ι
1143 2196 1252 2267 ἄρα
1273 2214 1335 2266 γε
1369 2196 1398 2249 ὃ
1428 2196 1571 2250 κατὰ
1611 2196 1776 2265 φύσιν
1808 2192 1952 2267 εἶχεν
1980 2199 2009 2251 6

426 2284 623 2353 Λόγος,
673 2285 903 2355 ὕστερον
949 2287 1092 2340 κατά
1144 2289 1307 2360 χάριν
1348 2287 1527 2359 ἔσχεν.
1568 2288 1710 2341 Ἀλλ’
1754 2289 1803 2342 εἰ
1850 2288 1948 2359 μὲν
1980 2290 2009 2343 6

429 2376 593 2440 αὐτός
622 2377 783 2432 ἐστιὸ
814 2378 936 2431 καθ’
964 2378 1161 2450 ἑτέραν
1202 2381 1300 2451 μὲν
1332 2382 1441 2435 τῶν
1468 2382 1637 2436 αὑτοῦ
1667 2380 1885 2451 φύσεων
1916 2401 2009 2437 κε-

424 2468 625 2533 νωθεὶς
662 2470 745 2534 εἰς
768 2470 869 2541 τὴν
895 2470 1055 2539 φύσει
1095 2472 1293 2541 δούλην
1322 2473 1742 2546 ἀνθρωπότητα,
1774 2474 2011 2544 ὑψωθεὶς

423 2559 488 2612 δὲ
519 2559 619 2630 τὴν
647 2560 842 2631 ἑτέραν
885 2562 966 2620 εἰς
1016 2562 1116 2633 τὴν
1159 2562 1321 2631 φύσει
1350 2563 1720 2628 δεσπόζουσαν
1755 2564 2009 2635 θεότητα,

426 2653 539 2721 ἄρα
581 2668 647 2721 γε
695 2652 798 2723 τῆς
839 2650 1224 2717 ταπεινώσεως
1278 2655 1491 2727 ἐτέρου,
1550 2657 1725 2728 ἑτέρῳ
1760 2658 1788 2711 6
1823 2657 2013 2727 μισθὸς

430 2745 755 2800 ἀποδέδοται
784 2745 995 2816 ἀλόγως
1025 2764 1085 2801 τε
1121 2748 1218 2802 καὶ
1246 2748 1447 2813 ἀδίκως
1465 2764 1480 2780 ·
1513 2749 1654 2821 πλὴν
1683 2752 1716 2820 ἡ
1748 2752 2016 2804 ταπείνω-

433 2853 543 2903 σις,
580 2838 676 2891 καὶ
702 2838 823 2892 καθ’
851 2838 996 2903 ὑμᾶς
1022 2837 1118 2892 τοῦ
1157 2839 1333 2908 Λόγου
1370 2839 1551 2893 ἐστίν’
1586 2840 1727 2913 αὕτη
1756 2841 1813 2894 δὲ
1851 2841 2016 2912 μέχρι

434 2927 693 2991 θανάτου,
726 2927 824 2981 καὶ
877 2928 1109 2983 θανάτου
1162 2927 1395 2999 σταυροῦ
1447 2931 1662 3001 εἴρηται
1705 2931 2011 3001 προϐῆναιο

431 3019 528 3074 τοῦ
570 3020 746 3089 Λόγου
790 3019 899 3092 ἄρα
936 3020 1043 3075 ἰδία
1083 3022 1254 3092 χωρὶς
1288 3022 1563 3093 σαρκικῆς
1605 3023 1886 3092 συμφυΐας
1918 3024 2015 3075 καὶ

433 3112 534 3181 τῆς
557 3112 781 3176 οίασοῦν
816 3113 1271 3177 συνυποστάσεως
1304 3115 1500 3186 ἑτέρας
1531 3114 1721 3179 οὐσίας
1754 3116 1823 3169 τὰ
1865 3115 2018 3185 πάθη

429 3205 528 3259 καὶ
556 3205 649 3259 τὸν
674 3205 901 3261 θάνατον
938 3203 1075 3260 εἶναι
1105 3206 1385 3276 συνάγετε.

1018 3318 1269 3372 ΚΕΦΛΛ.
1310 3319 1439 3372 KA'.

505 3410 640 3465 Θεὸν
691 3408 870 3473 οὐδεὶς
913 3407 1126 3479 ἑώρακε
1170 3409 1428 3463 πώποτε·
1469 3410 1520 3463 εί
1552 3408 1644 3463 οῦν
1700 3411 1729 3463 6
1772 3408 1868 3463 ἐπὶ
1915 3409 2021 3479 γῆς

432 3503 640 3572 ὀφθεὶς,
671 3495 733 3555 οῦ
756 3502 855 3574 τὴν
886 3501 1045 3567 δόξαν
1069 3501 1363 3556 ἐθεάσαντο
1393 3503 1469 3567 ὠς
1498 3501 1839 3571 Μονογενοῦς
1866 3502 2022 3574 παρὰ

437 3594 672 3665 Πατρὸς,
717 3593 880 3657 αὐτός
926 3594 1075 3647 ἐστιν
1121 3594 1150 3645 6
1200 3592 1364 3661 φύσει
1397 3594 1551 3657 Θεὸς,
1588 3594 1704 3657 πῶς
1737 3593 1937 3664 ἀληθὲς
1960 3594 2022 3647 τὸ

434 3682 1013 3755 προομο).ογούμενον;
1069 3681 1265 3736 Καίτοι
1315 3682 1386 3736 τὰ
1415 3683 1735 3754 ἐπαγόμενα
1764 3683 2023 3753 διασαφεῖ

435 3776 511 3838 ὡς
554 3775 715 3839 αὑτός
761 3774 955 3830 ἐστινὸ
984 3792 1044 3827 τε
1090 3773 1252 3843 φύσει
1289 3775 1396 3845 ἰδίᾳ
1438 3775 1690 3845 ἀόρατος,
1721 3777 1818 3829 καὶ
1858 3776 2021 3846 σαρκὶ

439 3868 547 3940 ἰδίᾳ
571 3867 765 3940 ὁρατὸς
798 3868 932 3939 ἡμῖν
951 3882 964 3895 °
1002 3866 1215 3938 εἴρηται
1245 3866 1351 3938 γὰρ
1379 3868 1461 3921 ὅτι
1489 3867 1621 3922 αὐτὸ
1644 3867 1805 3921 τοῦτο
1829 3868 1888 3921 τὸ
1914 3885 2023 3937 μη·

432 3960 563 4014 δένα
593 3959 901 4031 ἑωρακέναι
932 3958 1084 4025 Θεὸν,
1114 3962 1142 4013 6
1169 3960 1465 4031 μονογενὴς
1502 3961 1631 4024 Υίὸς
1661 3963 1690 4014 6
1718 3959 1792 4014 ὣν
1824 3964 1903 4024 είς
1932 3960 2023 4015 τὸν

435 4053 638 4109 κόλπον
685 4052 780 4107 τοῦ
834 4052 1070 4124 Πατρὸς,
1121 4052 1285 4117 αὐτὸς
1331 4052 1678 4123 ἐξηγήσατο·
1716 4054 1776 4106 οὐ
1839 4053 2022 4124 μέντοι

435 4146 521 4198 ἔτι
559 4145 657 4198 καὶ
702 4142 858 4215 ῶφθη
905 4141 1255 4211 ἐθεασάμεθά
1300 4160 1383 4206 τε,
1414 4144 1474 4196 οὺ
1506 4146 1608 4213 τὴν
1643 4143 1807 4211 φύσιν
1853 4141 2023 4196 αὑτοῦ

438 4237 542 4308 ἔφη
564 4254 578 4268 ο
620 4235 779 4307 δῆλον
809 4234 941 4305 γὰρ,
978 4235 1063 4288 ὃτι
1098 4235 1195 4289 καὶ
1223 4236 1251 4288 6
1285 4235 1412 4299 Υἱὸς
1437 4235 1683 4306 ὁμοφυὴς
1705 4235 1782 4306 τῷ
1805 4235 2023 4307 ἀοράτῳ

439 4331 618 4402 Πατρὶ
645 4328 744 4400 τὴν
783 4328 967 4397 φύσιν,
1001 4327 1140 4382 ἀλλά
1178 4329 1279 4398 τὴν
1311 4327 1472 4395 δόξαν
1505 4327 1694 4393 αὐτοῦ,
1724 4329 1820 4381 καλ⁵
1860 4327 2022 4398 τήνδε

438 4422 498 4476 οὐ
544 4422 645 4494 τῆς
684 4421 923 4491 φυσικῆς
971 4420 1129 4486 ἀξίας
1176 4420 1312 4475 ἀλλά
1347 4420 1449 4489 τῆς
1476 4421 1734 4492 σχετικῆς
1763 4420 1900 4490 πρὸς
1932 4418 2022 4473 τὸν

442 4516 574 4569 ίδιον
606 4514 829 4587 Πατέρα
862 4513 1069 4579 τάξεως
1090 4528 1106 4544 ο
1134 4515 1270 4584 φησι
1288 4514 1396 4585 γὰρ
1416 4514 1500 4568 ὅτι
1528 4533 1546 4566 ι
1572 4513 1708 4577 Δόξα
1736 4514 1811 4577 ὡς
1842 4515 2020 4571 Μονο-

2109 2017 2466 2086 semetipsum
2491 2016 2813 2071 exinaniens
2844 2016 2899 2070 in
2924 2014 3156 2069 formam
3180 2011 3346 2077 servi,
3372 2011 3467 2065 ille
3483 2019 3568 2065 est
3592 2024 3688 2065 su-

2108 2107 2500 2177 perexaltatus,
2532 2116 2589 2161 et
2623 2104 2776 2161 dedit
2810 2105 2888 2160 illi
2907 2105 3052 2159 Deus
3078 2117 3279 2158 nomen
3308 2100 3455 2170 quod
3482 2108 3569 2153 est
3595 2114 3689 2153 sn-

2109 2213 2209 2267 per
2227 2212 2390 2252 omne
2408 2213 2630 2262 nomen,
2657 2216 2674 2249 ›
2698 2197 2863 2267 igitur
2878 2195 3025 2265 quod
3054 2208 3150 2265 per
3170 2202 3422 2248 naturam
3451 2190 3691 2245 habebat

2111 2288 2375 2354 Verbum,
2425 2289 2659 2344 ulterius
2703 2303 2803 2358 per
2855 2287 3086 2358 gratiam
3136 2284 3348 2339 habuit.
3394 2281 3500 2337 Sed
3529 2281 3574 2335 si
3599 2279 3693 2334 ille

2109 2392 2194 2437 est
2257 2382 2352 2451 qui
2411 2380 2719 2436 secundum
2788 2379 3018 2434 alteram
3077 2391 3302 2432 suarum
3369 2381 3694 2428 naturarum

2111 2475 2431 2529 exinanitus
2480 2473 2540 2527 in
2579 2472 2901 2527 servitutem
2946 2470 3265 2532 humanam,
3306 2466 3557 2520 elevatus
3598 2478 3696 2532 per

2108 2564 2342 2619 alteram
2385 2563 2442 2617 in
2473 2561 2722 2617 divinum
2769 2559 3175 2631 magisterium,
3214 2556 3381 2626 igitur
3411 2553 3698 2609 humilitas

2113 2668 2181 2707 ex
2218 2668 2327 2706 una
2371 2660 2547 2723 parte.
2574 2651 2751 2707 Alteri
2786 2649 3073 2721 praemium
3104 2648 3269 2703 datur
3318 2646 3440 2702 sine
3484 2644 3697 2699 ratione

2114 2757 2169 2801 et
2201 2746 2624 2817 justitiaprmtcr
2667 2743 3058 2807 humilitatem,
3108 2751 3165 2796 et
3206 2739 3354 2811 apud
3398 2755 3494 2793 vos
3533 2736 3699 2792 Verbi

2114 2849 2222 2904 est,
2265 2838 2363 2893 sed
2404 2837 2688 2891 humilitas
2715 2851 2888 2904 usque
2917 2834 2983 2888 ad
3020 2842 3253 2887 mortem
3284 2840 3340 2886 et
3369 2840 3601 2884 mortem
3640 2836 3702 2880 ut

2116 2931 2300 2985 crucis
2338 2930 2544 2984 dicitur
2573 2927 2919 2998 produxisse.
2957 2925 3123 2981 Verbi
3162 2939 3295 2993 ergo
3324 2921 3553 2993 propria
3582 2918 3702 2974 sine

2116 3024 2323 3079 carnali
2374 3032 2574 3077 natura
2618 3032 2674 3079 et
2713 3022 2836 3093 pari
2893 3017 3486 3076 consubstantialitatis
3530 3017 3700 3071 altera

2117 3116 2443 3171 substantiae
2470 3114 2755 3185 passiones
2784 3120 2841 3169 et
2868 3122 3103 3167 mortem
3128 3126 3251 3166 esse
3280 3109 3489 3180 eligite.

2727 3319 2878 3375 CAP.
2919 3316 3111 3373 XXIV.

2190 3416 2363 3470 Deum
2391 3428 2555 3469 nemo
2597 3428 2841 3483 unquam
2884 3412 3043 3476 vidit,
3087 3410 3133 3466 si
3174 3424 3308 3464 vero
3335 3408 3489 3463 visus
3527 3416 3611 3463 est
3647 3404 3703 3459 in

2124 3514 2290 3570 terra,
2327 3506 2486 3577 cujus
2513 3505 2739 3575 gloriam
2772 3503 3031 3563 viderunt
3053 3501 3209 3573 quasi
3245 3498 3502 3571 Unigenti
3535 3513 3566 3553 a
3594 3499 3701 3554 Pa-

2126 3608 2228 3665 tre,
2259 3598 2376 3669 ipse
2395 3604 2482 3652 est
2507 3598 2893 3652 naturaDeus.
2915 3595 3201 3662 Quomodo
3227 3609 3418 3649 verum
3445 3591 3551 3647 erit
3580 3607 3706 3646 ver-

2122 3689 2253 3743 bum
2284 3703 2453 3758 supra
2481 3687 2817 3759 allegatum?
2844 3686 3055 3741 Tamen
3101 3685 3389 3755 sequentia
3430 3682 3709 3754 explicant

2123 3781 2271 3850 quod
2320 3781 2438 3850 ipse
2481 3789 2567 3836 est
2608 3779 2835 3850 propria
2872 3790 3069 3835 natura
3104 3776 3420 3839 invisibilis,
3457 3783 3514 3830 et
3542 3789 3710 3830 carne

2124 3872 2351 3943 propria
2373 3871 2605 3928 visibilis
2628 3872 2807 3925 nobis.
2834 3871 2950 3926 Non
2968 3870 3194 3935 dicitur,
3219 3867 3708 3939 quodilludipsum

2123 3964 2401 4019 neminem
2435 3964 2641 4019 vidisse
2685 3963 2879 4027 Deum,
2924 3960 3244 4032 unigenitus
3280 3960 3452 4014 Filius
3497 3958 3592 4028 qui
3625 3967 3711 4012 est

2123 4059 2179 4113 in
2196 4058 2318 4113 sinu
2334 4058 2532 4121 Patris,
2554 4057 2671 4126 ipse
2700 4055 2911 4119 docuit,
2938 4070 3049 4110 non
3076 4066 3259 4109 tamen
3287 4052 3435 4122 quod
3466 4050 3619 4105 visus
3641 4050 3713 4103 sit

2125 4148 2309 4206 mirati
2334 4163 2545 4213 sumus,
2581 4162 2691 4201 non
2723 4155 2983 4201 naturam
3014 4146 3136 4216 ejus
3166 4144 3325 4199 dixit.
3357 4142 3602 4198 Evidens
3628 4149 3714 4195 est

2122 4256 2257 4311 ergo
2307 4239 2459 4309 quod
2507 4238 2653 4293 ﬁlius
2695 4236 3075 4293 connaturalis
3109 4234 3413 4291 secundum
3460 4240 3713 4286 naturam

2125 4333 2390 4389 invisibili
2419 4332 2591 4395 Patri,
2628 4330 2725 4386 sed
2758 4345 2857 4400 per
2884 4329 3114 4401 gloriam
3145 4345 3255 4383 non
3284 4326 3573 4398 dignitatis
3614 4342 3712 4380 na-

2128 4426 2342 4490 turalis,
2374 4425 2472 4481 sed
2502 4424 2715 4479 ordinis
2748 4422 2975 4477 relative
3017 4421 3086 4477 ad
3132 4422 3420 4492 proprium
3465 4421 3712 4475 Patrem.

2126 4518 2271 4572 Dicit
2316 4517 2463 4571 enim
2515 4515 2645 4585 quia
2701 4532 2721 4566 ι
2782 4514 2970 4569 Gloria
3013 4513 3171 4584 quasi
3222 4512 3506 4584 Unigcniti
3544 4528 3575 4566 a
3616 4512 3720 4566 Pa-

440 4608 631 4677 γενοῦς
653 4610 805 4680 παρά
821 4607 1034 4678 Πατρός
1055 4624 1069 4638 ·
1091 4627 1108 4659 ι
1132 4608 1159 4659 6
1175 4608 1230 4661 δὲ
1256 4627 1273 4659 ι
1301 4606 1427 4660 Ἐπὶ
1440 4606 1544 4675 γῆς
1561 4606 1747 4675 ὀφθεὶς
1770 4626 1789 4659 ι
1809 4609 1904 4662 καὶ
1927 4610 2013 4664 λα.

2136 4618 2217 4663 tre
2238 4607 2281 4661 τ.
2314 4626 2332 4659 ι
2362 4607 2467 4674 Qui
2494 4622 2629 4662 vero
2662 4626 2681 4658 ι
2719 4606 2871 4661 visus
2900 4614 2986 4661 est
3015 4606 3071 4659 in
3098 4605 3304 4660 terris‘
3346 4622 3366 4657 ι
3403 4612 3461 4659 et
3488 4603 3722 4674 loquens

438 4702 548 4756 λῶν
578 4701 832 4764 ἀπλανῶς
864 4701 1038 4770 λέγων
1053 4717 1099 4752 οι
1121 4700 1268 4770 Ἐγὼ
1298 4701 1394 4755 καὶ
1411 4701 1439 4753 6
1478 4699 1666 4771 Πατὴρ
1688 4700 1748 4755 έν
1771 4703 1943 4772 ἐσμεν
1962 4720 1977 4735 ·
2001 4723 2013 4759 ι

2126 4707 2316 4769 aperte
2365 4699 2542 4754 dicit:
2581 4718 2599 4751 ι
2638 4699 2752 4769 Ego
2779 4708 2835 4753 et
2866 4699 3025 4752 Pater
3051 4713 3223 4752 unum
3258 4712 3449 4752 sumus
3466 4697 3516 4761 ιι,
3565 4715 3584 4747 ι
3623 4703 3719 4749 et:

440 4792 558 4862 xui,
580 4810 599 4844 ι
623 4792 681 4845 '0
696 4790 957 4864 ἑωρακὼς
972 4791 1092 4861 ἐμὲ,
1115 4789 1326 4861 ἑώρακε
1345 4789 1435 4844 τὸν
1454 4790 1695 4861 Πατέρα*
1719 4810 1738 4842 ι
1763 4791 1823 4844 οὐ
1841 4792 2013 4861 σαφῶς

2126 4791 2230 4859 Qui
2267 4792 2421 4848 videt
2460 4807 2605 4859 esse,
2645 4791 2795 4847 videt
2826 4801 2884 4846 et
2914 4792 3134 4846 Patrem
3160 4792 3203 4854 i,
3238 4810 3256 4843 ι
3298 4805 3408 4843 ηοιι
3435 4787 3725 4843 evidenter

441 4886 593 4956 δηλοῖ
629 4886 711 4939 ὅτι
738 4887 767 4939 6
800 4886 875 4955 μὴ
913 4887 1121 4939 ἐκεῖνον
1156 4884 1291 4954 όρᾷν
1324 4882 1624 4953 δυνάμενος
1662 4883 1783 4937 οὐδὲ
1807 4884 2013 4952 τοῦτον,

2127 4886 2372 4941 ostendit
2415 4884 2564 4956 quod
2621 4885 2716 4955 qui
2765 4900 2875 4939 non
2921 4892 3105 4955 potest
3146 4884 3336 4939 videre
3380 4882 3567 4943 illum,
3623 4892 3726 4931 nec

443 4979 676 5050 ἀόρατος
700 4978 811 5051 ἀρα
841 4979 1060 5047 θεότητι
1082 4993 1096 5007 ο
1130 4978 1327 5049 ὁρατὸς
1374 4975 1756 5048 ἀνθρωπότητι
1787 4977 2013 5048 Χριστὸς

2128 4978 2317 5043 istum,
2353 4993 2478 5031 nam
2520 4976 2822 5031 invisibilis
2852 4992 2953 5046 per
2978 4976 3326 5030 divinitatem
3353 4971 3591 5027 visibilis
3625 4984 3725 5039 per

439 5072 473 5123 6
498 5068 630 5133 Θεὸς
662 5068 758 5123 καὶ
789 5068 893 5122 οὑκ
919 5067 1229 5137 ἄνθρωπος.

1012 5180 1270 5233 ΚΕΦΑΛ.
1312 5176 1443 5231 KE'.

520 5275 582 5327 El
611 5272 791 5328 πάντα
822 5270 1120 5326 οἰκειοῦται
1152 5271 1219 5324 τὰ
1259 5270 1358 5339 τῆς
1399 5268 1601 5339 σαρκὸς
1635 5267 1745 5322 ῐδια
1771 5268 1801 5322 6
1834 5268 2027 5336 Λόγος,

2134 5070 2533 5126 humanitatem
2564 5069 2825 5125 Christus
2855 5069 2998 5123 Deus
3024 5078 3080 5123 et
3108 5085 3217 5122 non
3260 5068 3447 5121 homo.

2750 5177 2901 5233 CAP.
2954 5178 3121 5233 XXV.

2207 5274 2261 5330 Si
2282 5272 2465 5329 omnia
2492 5271 2711 5343 propria
2728 5270 2910 5325 carnis
2933 5270 3038 5325 sibi
3059 5269 3438 5341 appropriavit
3462 5270 3723 5337 Verbum,

445 5367 540 5420 καὶ
570 5366 789 5419 πάντων
823 5364 1055 5434 ἠξίωται
1081 5362 1189 5415 τῶν
1222 5361 1315 5415 τοῦ
1352 5362 1585 5432 Λόγουή
1618 5360 1778 5431 σὰρξ,
1816 5360 1928 5432 ἄρα
1963 5377 2013 5428 γε

2134 5373 2191 5420 et
2215 5363 2464 5417 omnium
2498 5362 2666 5418 Verbi
2716 5361 2941 5433 dignata
2983 5370 3069 5416 est
3113 5376 3263 5427 caro,
3314 5370 3466 5417 certe
3503 5378 3569 5417 ex
3616 5379 3725 5416 non

448 5461 545 5513 καὶ
576 5458 637 5511 τὸ
669 5457 727 5525 ἐξ
757 5456 859 5511 οὑκ
898 5456 1069 5510 ὄντων
1108 5451 1249 5509 εἶναι
1292 5455 1320 5507 ὃ
1371 5456 1487 5507 ἐστι
1513 5454 1611 5525 τῆς
1641 5453 1843 5520 σαρκὸς
1870 5470 2013 5523 φυσι·

2137 5453 2538 5509 exsistentibus
2564 5468 2687 5507 esse
2723 5453 2869 5523 quod
2897 5460 3095 5506 natura
3125 5452 3309 5507 carnis
3334 5460 3440 5519 est,
3464 5461 3519 5507 et
3552 5463 3729 5508 muta-

448 5553 578 5606 κόνο
614 5552 708 5605 καὶ
758 5551 819 5604 τὸ
862 5550 1097 5619 τρεπτὸς
1135 5544 1273 5602 εἶναι
1318 5549 1413 5601 καὶ
1457 5549 1649 5621 ὁρατὸς
1680 5543 1819 5601 εἶναι
1852 5547 1947 5600 καὶ
1975 5548 2013 5598 τί

2144 5543 2334 5607 bilem,
2362 5550 2417 5595 et
2442 5542 2714 5596 visibilem
2745 5552 2803 5597 et
2842 5543 3144 5599 adlnererc.
3195 5542 3250 5597 Si
3278 5559 3412 5598 vero
3460 5545 3575 5599 hmc
3605 5544 3731 5613 quis

450 5642 832 5715 περιέχεσθαιο
863 5644 913 5696 εί
946 5641 1004 5695 δὲ
1046 5642 1141 5696 καὶ
1172 5641 1346 5695 ταῦτά
1387 5658 1472 5704 τις
1505 5640 1645 5711 δοίη,
1687 5640 1803 5703 πῶς
1853 5640 1947 5693 καὶ
2002 5641 2013 5690 1‘

2147 5634 2415 5701 dedisset,
2473 5634 2755 5705 quomodo
2804 5649 2933 5689 caro
2990 5636 3399 5690 contrariorum
3456 5636 3731 5707 particeps

451 5733 588 5806 σὰρξ
611 5735 717 5788 τῶν
741 5733 1000 5787 ἐναντίων
1032 5731 1443 5804 μεταλήψεται;
1483 5731 1549 5784 Ἠ
1579 5730 1687 5801 γάρ
1712 5729 1907 5801 ὁρατὴ,
1939 5730 2013 5783 0ὖῖ

2146 5728 2441 5783 crit?Nam
2478 5736 2562 5781 est
2594 5727 2851 5791 visibilis,
2878 5741 2986 5781 non
3023 5727 3342 5793 invisibilis;
3375 5737 3458 5783 est
3490 5728 3732 5782 mutabi-

519 5877 733 5931 cllom.
772 5894 884 5939 vm.
920 5878 1009 5932 2|.
1094 5876 1294 5933 ‘Juan.
1332 5893 1370 5945 I,
1414 5876 1495 5931 IS.
1578 5874 1861 5929 EDaruch.
1898 5889 1977 5937 ιιι,
2033 5872 2121 5928 38.
2200 5872 2406 5927 ll.loan.
2446 5888 2501 5938 χ,
2549 5872 2636 5926 50.
2724 5870 2927 5927 ‘Joan.
2966 5887 3073 5936 xiv,
3120 5874 3171 5925 9.
