  <div class='ocr_page' id='page_1' title='image "/cluster/home/n/w/nwhite01/storage/ocr_20150623/86:pt.1/coo.31924054869874/881.png"; bbox 0 0 4116 6430; ppageno 0'>
   <div class='ocr_carea' id='block_1_1' title="bbox 460 408 595 475">
    <p class='ocr_par' dir='ltr' id='par_1_1' title="bbox 460 408 595 475">
     <span class='ocr_line' id='line_1_1' title="bbox 460 408 595 475; baseline 0.03 -4"><span class='ocrx_word' id='word_1_1' title='bbox 460 408 595 475; x_wconf 76' lang='grc'><strong>1747</strong></span> 
     </span>
    </p>
   </div>
   <div class='ocr_carea' id='block_1_2' title="bbox 1724 423 2481 486">
    <p class='ocr_par' dir='ltr' id='par_1_2' title="bbox 1724 423 2481 486">
     <span class='ocr_line' id='line_1_2' title="bbox 1724 423 2481 486; baseline 0 -1"><span class='ocrx_word' id='word_1_2' title='bbox 1724 424 2033 485; x_wconf 87' lang='lat' dir='ltr'><strong>LEONTII</strong></span> <span class='ocrx_word' id='word_1_3' title='bbox 2077 423 2481 486; x_wconf 79' lang='lat' dir='ltr'><strong>BYZANTINI</strong></span> 
     </span>
    </p>
   </div>
   <div class='ocr_carea' id='block_1_3' title="bbox 3578 419 3718 486">
    <p class='ocr_par' dir='ltr' id='par_1_3' title="bbox 3578 419 3718 486">
     <span class='ocr_line' id='line_1_3' title="bbox 3578 419 3718 486; baseline -0.007 0"><span class='ocrx_word' id='word_1_4' title='bbox 3578 419 3718 486; x_wconf 68' lang='grc'><strong>1748</strong></span> 
     </span>
    </p>
   </div>
   <div class='ocr_carea' id='block_1_4' title="bbox 462 522 2040 605">
    <p class='ocr_par' dir='ltr' id='par_1_4' title="bbox 462 522 2040 605">
     <span class='ocr_line' id='line_1_4' title="bbox 462 522 2040 605; baseline 0.009 -29"><span class='ocrx_word' id='word_1_5' title='bbox 462 524 550 584; x_wconf 82' lang='lat' dir='ltr'><strong>iis.</strong></span> <span class='ocrx_word' id='word_1_6' title='bbox 577 538 687 579; x_wconf 93' lang='lat' dir='ltr'><strong>non</strong></span> <span class='ocrx_word' id='word_1_7' title='bbox 737 522 1115 583; x_wconf 78' lang='lat' dir='ltr'><strong>immutabilis.</strong></span> <span class='ocrx_word' id='word_1_8' title='bbox 1149 527 1255 584; x_wconf 88' lang='lat' dir='ltr'><strong>Sed</strong></span> <span class='ocrx_word' id='word_1_9' title='bbox 1285 531 1468 585; x_wconf 89' lang='lat' dir='ltr'><strong>omnia</strong></span> <span class='ocrx_word' id='word_1_10' title='bbox 1503 542 1782 605; x_wconf 88' lang='lat' dir='ltr'><strong>assumpta</strong></span> <span class='ocrx_word' id='word_1_11' title='bbox 1812 545 1961 601; x_wconf 90' lang='lat' dir='ltr'><strong>sunt,</strong></span> <span class='ocrx_word' id='word_1_12' title='bbox 1992 535 2040 589; x_wconf 91' lang='lat' dir='ltr'><strong>in</strong></span> 
     </span>
    </p>
   </div>
   <div class='ocr_carea' id='block_1_5' title="bbox 2142 522 3719 605">
    <p class='ocr_par' dir='ltr' id='par_1_5' title="bbox 2148 528 3719 605">
     <span class='ocr_line' id='line_1_5' title="bbox 2148 528 3719 605; baseline 0 -18"><span class='ocrx_word' id='word_1_13' title='bbox 2148 532 2409 604; x_wconf 74' lang='grc' dir='ltr'>ἀόρατοςο</span> <span class='ocrx_word' id='word_1_14' title='bbox 2437 532 2590 604; x_wconf 75' lang='grc' dir='ltr'>καὶὴ</span> <span class='ocrx_word' id='word_1_15' title='bbox 2624 530 2854 605; x_wconf 70' lang='grc' dir='ltr'>τρεπτὴ,</span> <span class='ocrx_word' id='word_1_16' title='bbox 2888 530 2990 586; x_wconf 86' lang='grc' dir='ltr'><strong>οὑκ</strong></span> <span class='ocrx_word' id='word_1_17' title='bbox 3020 530 3309 603; x_wconf 78' lang='grc' dir='ltr'>ἄτρεπτος.</span> <span class='ocrx_word' id='word_1_18' title='bbox 3352 528 3514 584; x_wconf 79' lang='grc' dir='ltr'>Ἆλλά</span> <span class='ocrx_word' id='word_1_19' title='bbox 3543 532 3719 588; x_wconf 82' lang='grc' dir='ltr'>πάντα</span> 
     </span>
    </p>
   </div>
   <div class='ocr_carea' id='block_1_6' title="bbox 462 619 2037 690">
    <p class='ocr_par' dir='ltr' id='par_1_6' title="bbox 462 619 2037 690">
     <span class='ocr_line' id='line_1_6' title="bbox 462 619 2037 690; baseline 0.008 -20"><span class='ocrx_word' id='word_1_20' title='bbox 462 632 751 685; x_wconf 86' lang='lat' dir='ltr'><strong>personam</strong></span> <span class='ocrx_word' id='word_1_21' title='bbox 809 619 984 690; x_wconf 85' lang='lat' dir='ltr'><strong>ipsius</strong></span> <span class='ocrx_word' id='word_1_22' title='bbox 1036 621 1221 677; x_wconf 89' lang='lat' dir='ltr'><strong>carnis</strong></span> <span class='ocrx_word' id='word_1_23' title='bbox 1265 625 1607 690; x_wconf 81' lang='lat' dir='ltr'><strong>exsistentia,</strong></span> <span class='ocrx_word' id='word_1_24' title='bbox 1659 626 1775 683; x_wconf 83' lang='lat' dir='ltr'><strong>sive</strong></span> <span class='ocrx_word' id='word_1_25' title='bbox 1815 626 2037 683; x_wconf 86' lang='lat' dir='ltr'><strong>dolores</strong></span> 
     </span>
    </p>
   </div>
   <div class='ocr_carea' id='block_1_7' title="bbox 461 708 2038 781">
    <p class='ocr_par' dir='ltr' id='par_1_7' title="bbox 461 708 2038 781">
     <span class='ocr_line' id='line_1_7' title="bbox 461 708 2038 781; baseline 0.009 -21"><span class='ocrx_word' id='word_1_26' title='bbox 461 708 695 779; x_wconf 84' lang='lat' dir='ltr'><strong>physici,</strong></span> <span class='ocrx_word' id='word_1_27' title='bbox 745 709 860 765; x_wconf 83' lang='lat' dir='ltr'><strong>sive</strong></span> <span class='ocrx_word' id='word_1_28' title='bbox 882 710 1051 767; x_wconf 87' lang='lat' dir='ltr'><strong>alieni</strong></span> <span class='ocrx_word' id='word_1_29' title='bbox 1099 727 1381 781; x_wconf 76' lang='lat' dir='ltr'><strong>excessus,</strong></span> <span class='ocrx_word' id='word_1_30' title='bbox 1422 716 1540 771; x_wconf 85' lang='lat' dir='ltr'><strong>sive</strong></span> <span class='ocrx_word' id='word_1_31' title='bbox 1570 731 1765 773; x_wconf 89' lang='lat' dir='ltr'><strong>omnes</strong></span> <span class='ocrx_word' id='word_1_32' title='bbox 1800 718 2038 774; x_wconf 63' lang='lat' dir='ltr'><strong>circum-</strong></span> 
     </span>
    </p>
   </div>
   <div class='ocr_carea' id='block_1_8' title="bbox 461 801 2038 880">
    <p class='ocr_par' dir='ltr' id='par_1_8' title="bbox 461 801 2038 880">
     <span class='ocr_line' id='line_1_8' title="bbox 461 801 2038 880; baseline 0.009 -28"><span class='ocrx_word' id='word_1_33' title='bbox 461 801 712 866; x_wconf 76' lang='lat' dir='ltr'><strong>stantize,</strong></span> <span class='ocrx_word' id='word_1_34' title='bbox 782 818 911 857; x_wconf 88' lang='lat' dir='ltr'><strong>nam</strong></span> <span class='ocrx_word' id='word_1_35' title='bbox 983 806 1221 877; x_wconf 65' lang='lat' dir='ltr'><strong>propriae</strong></span> <span class='ocrx_word' id='word_1_36' title='bbox 1285 807 1567 880; x_wconf 84' lang='lat' dir='ltr'><strong>hypostasi</strong></span> <span class='ocrx_word' id='word_1_37' title='bbox 1627 824 1694 865; x_wconf 85' lang='lat' dir='ltr'><strong>ea</strong></span> <span class='ocrx_word' id='word_1_38' title='bbox 1749 825 2038 867; x_wconf 85' lang='lat' dir='ltr'><strong>assumens</strong></span> 
     </span>
    </p>
   </div>
   <div class='ocr_carea' id='block_1_9' title="bbox 459 894 2038 963">
    <p class='ocr_par' dir='ltr' id='par_1_9' title="bbox 459 894 2038 963">
     <span class='ocr_line' id='line_1_9' title="bbox 459 894 2038 963; baseline 0.009 -19"><span class='ocrx_word' id='word_1_39' title='bbox 459 894 929 963; x_wconf 48' lang='lat' dir='ltr'><strong>parsonniiicavit.</strong></span> <span class='ocrx_word' id='word_1_40' title='bbox 956 897 1076 952; x_wconf 87' lang='lat' dir='ltr'><strong>Non</strong></span> <span class='ocrx_word' id='word_1_41' title='bbox 1105 913 1240 954; x_wconf 90' lang='lat' dir='ltr'><strong>vero</strong></span> <span class='ocrx_word' id='word_1_42' title='bbox 1261 900 1431 955; x_wconf 83' lang='lat' dir='ltr'><strong>verba</strong></span> <span class='ocrx_word' id='word_1_43' title='bbox 1458 908 1671 957; x_wconf 77' lang='lat' dir='ltr'><strong>natura:</strong></span> <span class='ocrx_word' id='word_1_44' title='bbox 1697 902 1882 957; x_wconf 90' lang='lat' dir='ltr'><strong>carnis</strong></span> <span class='ocrx_word' id='word_1_45' title='bbox 1903 917 2038 958; x_wconf 90' lang='lat' dir='ltr'><strong>con-</strong></span> 
     </span>
    </p>
   </div>
   <div class='ocr_carea' id='block_1_10' title="bbox 461 985 2039 1064">
    <p class='ocr_par' dir='ltr' id='par_1_10' title="bbox 461 985 2039 1064">
     <span class='ocr_line' id='line_1_10' title="bbox 461 985 2039 1064; baseline 0.008 -27"><span class='ocrx_word' id='word_1_46' title='bbox 461 985 670 1039; x_wconf 87' lang='lat' dir='ltr'><strong>ciliavit</strong></span> <span class='ocrx_word' id='word_1_47' title='bbox 692 996 889 1042; x_wconf 88' lang='lat' dir='ltr'><strong>natura</strong></span> <span class='ocrx_word' id='word_1_48' title='bbox 913 988 1104 1055; x_wconf 85' lang='lat' dir='ltr'><strong>Verbi,</strong></span> <span class='ocrx_word' id='word_1_49' title='bbox 1126 998 1332 1046; x_wconf 89' lang='lat' dir='ltr'><strong>etcum</strong></span> <span class='ocrx_word' id='word_1_50' title='bbox 1356 992 1638 1064; x_wconf 75' lang='lat' dir='ltr'><strong>dignasset</strong></span> <span class='ocrx_word' id='word_1_51' title='bbox 1673 994 1909 1051; x_wconf 87' lang='lat' dir='ltr'><strong>ulterius</strong></span> <span class='ocrx_word' id='word_1_52' title='bbox 1932 995 2039 1050; x_wconf 89' lang='lat' dir='ltr'><strong>hu-</strong></span> 
     </span>
    </p>
   </div>
   <div class='ocr_carea' id='block_1_11' title="bbox 466 1076 2040 1154">
    <p class='ocr_par' dir='ltr' id='par_1_11' title="bbox 466 1076 2040 1154">
     <span class='ocr_line' id='line_1_11' title="bbox 466 1076 2040 1154; baseline 0.009 -26"><span class='ocrx_word' id='word_1_53' title='bbox 466 1076 807 1142; x_wconf 85' lang='lat' dir='ltr'><strong>manitatem,</strong></span> <span class='ocrx_word' id='word_1_54' title='bbox 840 1077 1103 1135; x_wconf 76' lang='lat' dir='ltr'><strong>divinitas</strong></span> <span class='ocrx_word' id='word_1_55' title='bbox 1133 1082 1188 1136; x_wconf 92' lang='lat' dir='ltr'><strong>in</strong></span> <span class='ocrx_word' id='word_1_56' title='bbox 1221 1081 1501 1154; x_wconf 84' lang='lat' dir='ltr'><strong>hypostasi</strong></span> <span class='ocrx_word' id='word_1_57' title='bbox 1533 1084 1848 1141; x_wconf 86' lang='lat' dir='ltr'><strong>divinorum</strong></span> <span class='ocrx_word' id='word_1_58' title='bbox 1875 1096 2040 1141; x_wconf 89' lang='lat' dir='ltr'><strong>natu—</strong></span> 
     </span>
    </p>
   </div>
   <div class='ocr_carea' id='block_1_12' title="bbox 463 1167 2041 1243">
    <p class='ocr_par' dir='ltr' id='par_1_12' title="bbox 463 1167 2041 1243">
     <span class='ocr_line' id='line_1_12' title="bbox 463 1167 2041 1243; baseline 0.01 -22"><span class='ocrx_word' id='word_1_59' title='bbox 463 1167 663 1223; x_wconf 73' lang='lat' dir='ltr'><strong>iulium</strong></span> <span class='ocrx_word' id='word_1_60' title='bbox 691 1168 1015 1235; x_wconf 89' lang='lat' dir='ltr'><strong>idomatum,</strong></span> <span class='ocrx_word' id='word_1_61' title='bbox 1041 1173 1296 1229; x_wconf 85' lang='lat' dir='ltr'><strong>similiter</strong></span> <span class='ocrx_word' id='word_1_62' title='bbox 1309 1183 1394 1231; x_wconf 85' lang='lat' dir='ltr'><strong>est</strong></span> <span class='ocrx_word' id='word_1_63' title='bbox 1410 1175 1495 1231; x_wconf 90' lang='lat' dir='ltr'><strong>sui</strong></span> <span class='ocrx_word' id='word_1_64' title='bbox 1517 1177 1708 1243; x_wconf 82' lang='lat' dir='ltr'><strong>solius,</strong></span> <span class='ocrx_word' id='word_1_65' title='bbox 1734 1179 2041 1236; x_wconf 89' lang='lat' dir='ltr'><strong>secundum</strong></span> 
     </span>
    </p>
   </div>
   <div class='ocr_carea' id='block_1_13' title="bbox 464 1260 2044 1337">
    <p class='ocr_par' dir='ltr' id='par_1_13' title="bbox 464 1260 2044 1337">
     <span class='ocr_line' id='line_1_13' title="bbox 464 1260 2044 1337; baseline 0.009 -25"><span class='ocrx_word' id='word_1_66' title='bbox 464 1260 714 1328; x_wconf 72' lang='lat' dir='ltr'><strong>quaedam</strong></span> <span class='ocrx_word' id='word_1_67' title='bbox 747 1262 1009 1332; x_wconf 85' lang='lat' dir='ltr'><strong>specialia</strong></span> <span class='ocrx_word' id='word_1_68' title='bbox 1056 1264 1282 1337; x_wconf 89' lang='lat' dir='ltr'><strong>physica</strong></span> <span class='ocrx_word' id='word_1_69' title='bbox 1319 1267 1645 1334; x_wconf 71' lang='lat' dir='ltr'><strong>divinitatis,</strong></span> <span class='ocrx_word' id='word_1_70' title='bbox 1675 1284 1802 1325; x_wconf 91' lang='lat' dir='ltr'><strong>nam</strong></span> <span class='ocrx_word' id='word_1_71' title='bbox 1843 1270 2044 1327; x_wconf 87' lang='lat' dir='ltr'><strong>divini-</strong></span> 
     </span>
    </p>
   </div>
   <div class='ocr_carea' id='block_1_14' title="bbox 465 1354 2045 1425">
    <p class='ocr_par' dir='ltr' id='par_1_14' title="bbox 465 1354 2045 1425">
     <span class='ocr_line' id='line_1_14' title="bbox 465 1354 2045 1425; baseline 0.009 -20"><span class='ocrx_word' id='word_1_72' title='bbox 465 1354 607 1408; x_wconf 75' lang='lat' dir='ltr'><strong>savit</strong></span> <span class='ocrx_word' id='word_1_73' title='bbox 662 1363 724 1411; x_wconf 94' lang='lat' dir='ltr'><strong>ut</strong></span> <span class='ocrx_word' id='word_1_74' title='bbox 769 1365 968 1411; x_wconf 88' lang='lat' dir='ltr'><strong>natura</strong></span> <span class='ocrx_word' id='word_1_75' title='bbox 1023 1358 1354 1425; x_wconf 90' lang='lat' dir='ltr'><strong>divinisans,</strong></span> <span class='ocrx_word' id='word_1_76' title='bbox 1393 1359 1510 1416; x_wconf 72' lang='lat' dir='ltr'><strong>haec</strong></span> <span class='ocrx_word' id='word_1_77' title='bbox 1566 1377 1700 1417; x_wconf 89' lang='lat' dir='ltr'><strong>vero</strong></span> <span class='ocrx_word' id='word_1_78' title='bbox 1747 1362 2045 1420; x_wconf 84' lang='lat' dir='ltr'><strong>divinisata</strong></span> 
     </span>
    </p>
   </div>
   <div class='ocr_carea' id='block_1_15' title="bbox 461 1447 2045 1521">
    <p class='ocr_par' dir='ltr' id='par_1_15' title="bbox 461 1447 2045 1521">
     <span class='ocr_line' id='line_1_15' title="bbox 461 1447 2045 1521; baseline 0.009 -22"><span class='ocrx_word' id='word_1_79' title='bbox 461 1454 549 1501; x_wconf 89' lang='lat' dir='ltr'><strong>est</strong></span> <span class='ocrx_word' id='word_1_80' title='bbox 595 1456 657 1504; x_wconf 90' lang='lat' dir='ltr'><strong>ut</strong></span> <span class='ocrx_word' id='word_1_81' title='bbox 708 1447 892 1505; x_wconf 89' lang='lat' dir='ltr'><strong>divina</strong></span> <span class='ocrx_word' id='word_1_82' title='bbox 954 1450 1120 1517; x_wconf 79' lang='lat' dir='ltr'><strong>facta,</strong></span> <span class='ocrx_word' id='word_1_83' title='bbox 1168 1461 1225 1507; x_wconf 90' lang='lat' dir='ltr'><strong>et</strong></span> <span class='ocrx_word' id='word_1_84' title='bbox 1269 1452 1361 1509; x_wconf 87' lang='lat' dir='ltr'><strong>illa</strong></span> <span class='ocrx_word' id='word_1_85' title='bbox 1406 1454 1623 1510; x_wconf 84' lang='lat' dir='ltr'><strong>excelsa</strong></span> <span class='ocrx_word' id='word_1_86' title='bbox 1669 1464 1889 1521; x_wconf 88' lang='lat' dir='ltr'><strong>natura,</strong></span> <span class='ocrx_word' id='word_1_87' title='bbox 1927 1456 2045 1513; x_wconf 67' lang='lat' dir='ltr'><strong>haec</strong></span> 
     </span>
    </p>
   </div>
   <div class='ocr_carea' id='block_1_16' title="bbox 462 1542 2045 1619">
    <p class='ocr_par' dir='ltr' id='par_1_16' title="bbox 462 1542 2045 1619">
     <span class='ocr_line' id='line_1_16' title="bbox 462 1542 2045 1619; baseline 0.009 -29"><span class='ocrx_word' id='word_1_88' title='bbox 462 1554 597 1595; x_wconf 86' lang='lat' dir='ltr'><strong>vero</strong></span> <span class='ocrx_word' id='word_1_89' title='bbox 644 1557 779 1607; x_wconf 93' lang='lat' dir='ltr'><strong>non,</strong></span> <span class='ocrx_word' id='word_1_90' title='bbox 819 1550 875 1597; x_wconf 92' lang='lat' dir='ltr'><strong>et</strong></span> <span class='ocrx_word' id='word_1_91' title='bbox 914 1542 1009 1598; x_wconf 90' lang='lat' dir='ltr'><strong>illa</strong></span> <span class='ocrx_word' id='word_1_92' title='bbox 1055 1543 1206 1600; x_wconf 86' lang='lat' dir='ltr'><strong>dedit</strong></span> <span class='ocrx_word' id='word_1_93' title='bbox 1250 1546 1491 1616; x_wconf 82' lang='lat' dir='ltr'><strong>propria,</strong></span> <span class='ocrx_word' id='word_1_94' title='bbox 1532 1546 1648 1603; x_wconf 68' lang='lat' dir='ltr'><strong>haec</strong></span> <span class='ocrx_word' id='word_1_95' title='bbox 1675 1562 1807 1603; x_wconf 85' lang='lat' dir='ltr'><strong>vero</strong></span> <span class='ocrx_word' id='word_1_96' title='bbox 1833 1550 2045 1619; x_wconf 90' lang='lat' dir='ltr'><strong>accepit</strong></span> 
     </span>
    </p>
   </div>
   <div class='ocr_carea' id='block_1_17' title="bbox 466 1631 2046 1710">
    <p class='ocr_par' dir='ltr' id='par_1_17' title="bbox 466 1631 2046 1710">
     <span class='ocr_line' id='line_1_17' title="bbox 466 1631 2046 1710; baseline 0.007 -25"><span class='ocrx_word' id='word_1_97' title='bbox 466 1631 609 1686; x_wconf 91' lang='lat' dir='ltr'><strong>dona</strong></span> <span class='ocrx_word' id='word_1_98' title='bbox 643 1634 935 1700; x_wconf 88' lang='lat' dir='ltr'><strong>naturalia,</strong></span> <span class='ocrx_word' id='word_1_99' title='bbox 976 1634 1117 1691; x_wconf 83' lang='lat' dir='ltr'><strong>nihil</strong></span> <span class='ocrx_word' id='word_1_100' title='bbox 1162 1636 1330 1707; x_wconf 69' lang='lat' dir='ltr'><strong>igitur</strong></span> <span class='ocrx_word' id='word_1_101' title='bbox 1365 1637 1563 1693; x_wconf 91' lang='lat' dir='ltr'><strong>horum</strong></span> <span class='ocrx_word' id='word_1_102' title='bbox 1604 1638 1766 1695; x_wconf 88' lang='lat' dir='ltr'><strong>nobis</strong></span> <span class='ocrx_word' id='word_1_103' title='bbox 1796 1655 2046 1710; x_wconf 68' lang='lat' dir='ltr'><strong>persona:</strong></span> 
     </span>
    </p>
   </div>
   <div class='ocr_carea' id='block_1_18' title="bbox 468 1721 1632 1783">
    <p class='ocr_par' dir='ltr' id='par_1_18' title="bbox 468 1721 1632 1783">
     <span class='ocr_line' id='line_1_18' title="bbox 468 1721 1632 1783; baseline 0.006 -9"><span class='ocrx_word' id='word_1_104' title='bbox 468 1721 600 1778; x_wconf 89' lang='lat' dir='ltr'><strong>unio</strong></span> <span class='ocrx_word' id='word_1_105' title='bbox 636 1722 1047 1779; x_wconf 84' lang='lat' dir='ltr'><strong>distinctionem</strong></span> <span class='ocrx_word' id='word_1_106' title='bbox 1080 1733 1404 1781; x_wconf 85' lang='lat' dir='ltr'><strong>naturarum</strong></span> <span class='ocrx_word' id='word_1_107' title='bbox 1436 1726 1632 1783; x_wconf 79' lang='lat' dir='ltr'><strong>inlicit.</strong></span> 
     </span>
    </p>
   </div>
   <div class='ocr_carea' id='block_1_19' title="bbox 1059 1904 1447 1962">
    <p class='ocr_par' dir='ltr' id='par_1_19' title="bbox 1059 1904 1447 1962">
     <span class='ocr_line' id='line_1_19' title="bbox 1059 1904 1447 1962; baseline 0.003 -1"><span class='ocrx_word' id='word_1_108' title='bbox 1059 1904 1215 1961; x_wconf 83' lang='lat' dir='ltr'><strong>CAP.</strong></span> <span class='ocrx_word' id='word_1_109' title='bbox 1253 1904 1447 1962; x_wconf 87' lang='lat' dir='ltr'><strong>XXVI.</strong></span> 
     </span>
    </p>
   </div>
   <div class='ocr_carea' id='block_1_20' title="bbox 532 1992 2041 2071">
    <p class='ocr_par' dir='ltr' id='par_1_20' title="bbox 532 1992 2041 2071">
     <span class='ocr_line' id='line_1_20' title="bbox 532 1992 2041 2071; baseline 0.004 -20"><span class='ocrx_word' id='word_1_110' title='bbox 532 1992 591 2051; x_wconf 98' lang='lat' dir='ltr'><strong>Si</strong></span> <span class='ocrx_word' id='word_1_111' title='bbox 631 2004 829 2053; x_wconf 88' lang='lat' dir='ltr'><strong>natura</strong></span> <span class='ocrx_word' id='word_1_112' title='bbox 866 1996 1120 2054; x_wconf 84' lang='lat' dir='ltr'><strong>Christus</strong></span> <span class='ocrx_word' id='word_1_113' title='bbox 1161 2009 1247 2055; x_wconf 88' lang='lat' dir='ltr'><strong>est</strong></span> <span class='ocrx_word' id='word_1_114' title='bbox 1290 1999 1457 2065; x_wconf 89' lang='lat' dir='ltr'><strong>Deus,</strong></span> <span class='ocrx_word' id='word_1_115' title='bbox 1512 2000 1788 2071; x_wconf 90' lang='lat' dir='ltr'><strong>quomodo</strong></span> <span class='ocrx_word' id='word_1_116' title='bbox 1820 2000 1957 2057; x_wconf 90' lang='lat' dir='ltr'><strong>dicit</strong></span> <span class='ocrx_word' id='word_1_117' title='bbox 1986 2001 2041 2057; x_wconf 91' lang='lat' dir='ltr'><strong>in</strong></span> 
     </span>
    </p>
   </div>
   <div class='ocr_carea' id='block_1_21' title="bbox 462 2091 2043 2165">
    <p class='ocr_par' dir='ltr' id='par_1_21' title="bbox 462 2091 2043 2165">
     <span class='ocr_line' id='line_1_21' title="bbox 462 2091 2043 2165; baseline 0.003 -21"><span class='ocrx_word' id='word_1_118' title='bbox 462 2103 626 2145; x_wconf 84' lang='lat' dir='ltr'><strong>cruce</strong></span> <span class='ocrx_word' id='word_1_119' title='bbox 655 2106 670 2144; x_wconf 89' lang='lat'>:</span> <span class='ocrx_word' id='word_1_120' title='bbox 707 2109 726 2142; x_wconf 84' lang='grc' dir='ltr'><strong>ι</strong></span> <span class='ocrx_word' id='word_1_121' title='bbox 767 2091 911 2147; x_wconf 87' lang='lat' dir='ltr'><strong>Deus</strong></span> <span class='ocrx_word' id='word_1_122' title='bbox 942 2106 1120 2156; x_wconf 91' lang='lat' dir='ltr'><strong>meus,</strong></span> <span class='ocrx_word' id='word_1_123' title='bbox 1151 2093 1299 2149; x_wconf 91' lang='lat' dir='ltr'><strong>Deus</strong></span> <span class='ocrx_word' id='word_1_124' title='bbox 1329 2108 1508 2159; x_wconf 91' lang='lat' dir='ltr'><strong>meus,</strong></span> <span class='ocrx_word' id='word_1_125' title='bbox 1548 2110 1721 2165; x_wconf 90' lang='lat' dir='ltr'><strong>quare</strong></span> <span class='ocrx_word' id='word_1_126' title='bbox 1754 2109 1841 2149; x_wconf 89' lang='lat' dir='ltr'><strong>me</strong></span> <span class='ocrx_word' id='word_1_127' title='bbox 1877 2094 2043 2149; x_wconf 90' lang='lat' dir='ltr'><strong>dere-</strong></span> 
     </span>
    </p>
   </div>
   <div class='ocr_carea' id='block_1_22' title="bbox 459 2180 2041 2251">
    <p class='ocr_par' dir='ltr' id='par_1_22' title="bbox 459 2180 2041 2251">
     <span class='ocr_line' id='line_1_22' title="bbox 459 2180 2041 2251; baseline 0.003 -18"><span class='ocrx_word' id='word_1_128' title='bbox 459 2180 721 2251; x_wconf 87' lang='lat' dir='ltr'><strong>liquisti?</strong></span> <span class='ocrx_word' id='word_1_129' title='bbox 762 2200 782 2234; x_wconf 73' lang='grc'><strong>»</strong></span> <span class='ocrx_word' id='word_1_130' title='bbox 815 2182 935 2237; x_wconf 89' lang='lat' dir='ltr'><strong>Non</strong></span> <span class='ocrx_word' id='word_1_131' title='bbox 982 2184 1133 2239; x_wconf 85' lang='lat' dir='ltr'><strong>enim</strong></span> <span class='ocrx_word' id='word_1_132' title='bbox 1182 2184 1327 2240; x_wconf 93' lang='lat' dir='ltr'><strong>Deus</strong></span> <span class='ocrx_word' id='word_1_133' title='bbox 1377 2184 1474 2239; x_wconf 86' lang='lat' dir='ltr'><strong>Dei</strong></span> <span class='ocrx_word' id='word_1_134' title='bbox 1518 2193 1716 2239; x_wconf 87' lang='lat' dir='ltr'><strong>natura</strong></span> <span class='ocrx_word' id='word_1_135' title='bbox 1754 2183 2041 2249; x_wconf 89' lang='lat' dir='ltr'><strong>intellecti,</strong></span> 
     </span>
    </p>
   </div>
   <div class='ocr_carea' id='block_1_23' title="bbox 458 2271 2044 2347">
    <p class='ocr_par' dir='ltr' id='par_1_23' title="bbox 458 2271 2044 2347">
     <span class='ocr_line' id='line_1_23' title="bbox 458 2271 2044 2347; baseline 0.002 -20"><span class='ocrx_word' id='word_1_136' title='bbox 458 2271 555 2327; x_wconf 89' lang='lat' dir='ltr'><strong>scd</strong></span> <span class='ocrx_word' id='word_1_137' title='bbox 603 2288 737 2328; x_wconf 88' lang='lat' dir='ltr'><strong>vero</strong></span> <span class='ocrx_word' id='word_1_138' title='bbox 786 2282 980 2329; x_wconf 88' lang='lat' dir='ltr'><strong>natura</strong></span> <span class='ocrx_word' id='word_1_139' title='bbox 1026 2275 1194 2330; x_wconf 90' lang='lat' dir='ltr'><strong>homo</strong></span> <span class='ocrx_word' id='word_1_140' title='bbox 1228 2284 1315 2331; x_wconf 88' lang='lat' dir='ltr'><strong>est</strong></span> <span class='ocrx_word' id='word_1_141' title='bbox 1361 2276 1457 2347; x_wconf 85' lang='lat' dir='ltr'><strong>qui</strong></span> <span class='ocrx_word' id='word_1_142' title='bbox 1505 2276 1643 2331; x_wconf 87' lang='lat' dir='ltr'><strong>dicit</strong></span> <span class='ocrx_word' id='word_1_143' title='bbox 1688 2291 1821 2331; x_wconf 84' lang='lat' dir='ltr'><strong>sane</strong></span> <span class='ocrx_word' id='word_1_144' title='bbox 1870 2276 2044 2331; x_wconf 91' lang='lat' dir='ltr'><strong>Deum</strong></span> 
     </span>
    </p>
   </div>
   <div class='ocr_carea' id='block_1_24' title="bbox 457 2366 2044 2439">
    <p class='ocr_par' dir='ltr' id='par_1_24' title="bbox 457 2366 2044 2439">
     <span class='ocr_line' id='line_1_24' title="bbox 457 2366 2044 2439; baseline 0.001 -18"><span class='ocrx_word' id='word_1_145' title='bbox 457 2382 618 2421; x_wconf 86' lang='lat' dir='ltr'><strong>suum</strong></span> <span class='ocrx_word' id='word_1_146' title='bbox 657 2366 849 2421; x_wconf 87' lang='lat' dir='ltr'><strong>Deum.</strong></span> <span class='ocrx_word' id='word_1_147' title='bbox 883 2367 1021 2423; x_wconf 89' lang='lat' dir='ltr'><strong>Cum</strong></span> <span class='ocrx_word' id='word_1_148' title='bbox 1057 2368 1226 2439; x_wconf 81' lang='lat' dir='ltr'><strong>igitur</strong></span> <span class='ocrx_word' id='word_1_149' title='bbox 1250 2369 1467 2424; x_wconf 87' lang='lat' dir='ltr'><strong>Patrem</strong></span> <span class='ocrx_word' id='word_1_150' title='bbox 1497 2378 1746 2424; x_wconf 91' lang='lat' dir='ltr'><strong>nostrum</strong></span> <span class='ocrx_word' id='word_1_151' title='bbox 1783 2382 2044 2423; x_wconf 85' lang='lat' dir='ltr'><strong>vocamus</strong></span> 
     </span>
    </p>
   </div>
   <div class='ocr_carea' id='block_1_25' title="bbox 458 2456 2044 2529">
    <p class='ocr_par' dir='ltr' id='par_1_25' title="bbox 458 2456 2044 2529">
     <span class='ocr_line' id='line_1_25' title="bbox 458 2456 2044 2529; baseline 0.003 -21"><span class='ocrx_word' id='word_1_152' title='bbox 458 2462 516 2509; x_wconf 94' lang='lat' dir='ltr'><strong>ct</strong></span> <span class='ocrx_word' id='word_1_153' title='bbox 562 2469 707 2509; x_wconf 90' lang='lat' dir='ltr'><strong>nos:</strong></span> <span class='ocrx_word' id='word_1_154' title='bbox 753 2472 772 2506; x_wconf 83' lang='grc' dir='ltr'><strong>ι</strong></span> <span class='ocrx_word' id='word_1_155' title='bbox 801 2456 897 2526; x_wconf 89' lang='lat' dir='ltr'><strong>qui</strong></span> <span class='ocrx_word' id='word_1_156' title='bbox 936 2466 1025 2513; x_wconf 91' lang='lat' dir='ltr'><strong>est</strong></span> <span class='ocrx_word' id='word_1_157' title='bbox 1061 2456 1117 2511; x_wconf 90' lang='lat' dir='ltr'><strong>in</strong></span> <span class='ocrx_word' id='word_1_158' title='bbox 1145 2457 1304 2514; x_wconf 72' lang='lat' dir='ltr'><strong>cmlis</strong></span> <span class='ocrx_word' id='word_1_159' title='bbox 1336 2458 1533 2522; x_wconf 89' lang='lat' dir='ltr'><strong>Deum,</strong></span> <span class='ocrx_word' id='word_1_160' title='bbox 1568 2473 1702 2529; x_wconf 79' lang='lat' dir='ltr'><strong>ergo</strong></span> <span class='ocrx_word' id='word_1_161' title='bbox 1740 2457 1949 2513; x_wconf 89' lang='lat' dir='ltr'><strong>idcirco</strong></span> <span class='ocrx_word' id='word_1_162' title='bbox 1987 2466 2044 2513; x_wconf 92' lang='lat' dir='ltr'><strong>et</strong></span> 
     </span>
    </p>
   </div>
   <div class='ocr_carea' id='block_1_26' title="bbox 458 2548 2042 2615">
    <p class='ocr_par' dir='ltr' id='par_1_26' title="bbox 458 2548 2042 2615">
     <span class='ocr_line' id='line_1_26' title="bbox 458 2548 2042 2615; baseline 0.005 -16"><span class='ocrx_word' id='word_1_163' title='bbox 458 2560 561 2600; x_wconf 92' lang='lat' dir='ltr'><strong>nos</strong></span> <span class='ocrx_word' id='word_1_164' title='bbox 592 2548 895 2603; x_wconf 91' lang='lat' dir='ltr'><strong>secundum</strong></span> <span class='ocrx_word' id='word_1_165' title='bbox 947 2563 1171 2604; x_wconf 87' lang='lat' dir='ltr'><strong>carnem</strong></span> <span class='ocrx_word' id='word_1_166' title='bbox 1215 2558 1415 2605; x_wconf 87' lang='lat' dir='ltr'><strong>natura</strong></span> <span class='ocrx_word' id='word_1_167' title='bbox 1449 2565 1642 2606; x_wconf 88' lang='lat' dir='ltr'><strong>sumus</strong></span> <span class='ocrx_word' id='word_1_168' title='bbox 1670 2550 1765 2605; x_wconf 77' lang='lat' dir='ltr'><strong>lilii</strong></span> <span class='ocrx_word' id='word_1_169' title='bbox 1798 2550 1917 2615; x_wconf 91' lang='lat' dir='ltr'><strong>Dei,</strong></span> <span class='ocrx_word' id='word_1_170' title='bbox 1955 2552 2042 2607; x_wconf 87' lang='lat' dir='ltr'><strong>vel</strong></span> 
     </span>
    </p>
   </div>
   <div class='ocr_carea' id='block_1_27' title="bbox 458 2637 2043 2712">
    <p class='ocr_par' dir='ltr' id='par_1_27' title="bbox 458 2637 2043 2712">
     <span class='ocr_line' id='line_1_27' title="bbox 458 2637 2043 2712; baseline 0.006 -22"><span class='ocrx_word' id='word_1_171' title='bbox 458 2649 570 2691; x_wconf 87' lang='lat' dir='ltr'><strong>non</strong></span> <span class='ocrx_word' id='word_1_172' title='bbox 603 2637 800 2692; x_wconf 81' lang='lat' dir='ltr'><strong>certe?</strong></span> <span class='ocrx_word' id='word_1_173' title='bbox 835 2637 893 2693; x_wconf 87' lang='lat' dir='ltr'><strong>Si</strong></span> <span class='ocrx_word' id='word_1_174' title='bbox 923 2655 1034 2694; x_wconf 93' lang='lat' dir='ltr'><strong>non</strong></span> <span class='ocrx_word' id='word_1_175' title='bbox 1071 2640 1417 2697; x_wconf 90' lang='lat' dir='ltr'><strong>ostendimus</strong></span> <span class='ocrx_word' id='word_1_176' title='bbox 1448 2650 1660 2712; x_wconf 88' lang='lat' dir='ltr'><strong>patrem</strong></span> <span class='ocrx_word' id='word_1_177' title='bbox 1690 2649 1888 2697; x_wconf 91' lang='lat' dir='ltr'><strong>natura</strong></span> <span class='ocrx_word' id='word_1_178' title='bbox 1921 2657 2043 2699; x_wconf 88' lang='lat' dir='ltr'><strong>esse</strong></span> 
     </span>
    </p>
   </div>
   <div class='ocr_carea' id='block_1_28' title="bbox 458 2729 2043 2805">
    <p class='ocr_par' dir='ltr' id='par_1_28' title="bbox 458 2729 2043 2805">
     <span class='ocr_line' id='line_1_28' title="bbox 458 2729 2043 2805; baseline 0.006 -24"><span class='ocrx_word' id='word_1_179' title='bbox 458 2729 639 2783; x_wconf 88' lang='lat' dir='ltr'><strong>omnis</strong></span> <span class='ocrx_word' id='word_1_180' title='bbox 662 2731 836 2786; x_wconf 88' lang='lat' dir='ltr'><strong>nostri</strong></span> <span class='ocrx_word' id='word_1_181' title='bbox 860 2747 1027 2801; x_wconf 89' lang='lat' dir='ltr'><strong>quem</strong></span> <span class='ocrx_word' id='word_1_182' title='bbox 1054 2748 1315 2789; x_wconf 89' lang='lat' dir='ltr'><strong>vocamus</strong></span> <span class='ocrx_word' id='word_1_183' title='bbox 1339 2742 1572 2805; x_wconf 88' lang='lat' dir='ltr'><strong>patrem,</strong></span> <span class='ocrx_word' id='word_1_184' title='bbox 1603 2751 1709 2791; x_wconf 91' lang='lat' dir='ltr'><strong>nec</strong></span> <span class='ocrx_word' id='word_1_185' title='bbox 1728 2735 2043 2791; x_wconf 85' lang='lat' dir='ltr'><strong>necessario</strong></span> 
     </span>
    </p>
   </div>
   <div class='ocr_carea' id='block_1_29' title="bbox 456 2818 2043 2897">
    <p class='ocr_par' dir='ltr' id='par_1_29' title="bbox 456 2818 2043 2897">
     <span class='ocr_line' id='line_1_29' title="bbox 456 2818 2043 2897; baseline 0.007 -25"><span class='ocrx_word' id='word_1_186' title='bbox 456 2818 566 2873; x_wconf 90' lang='lat' dir='ltr'><strong>erit</strong></span> <span class='ocrx_word' id='word_1_187' title='bbox 612 2820 757 2876; x_wconf 91' lang='lat' dir='ltr'><strong>Deus</strong></span> <span class='ocrx_word' id='word_1_188' title='bbox 799 2822 982 2879; x_wconf 89' lang='lat' dir='ltr'><strong>omnis</strong></span> <span class='ocrx_word' id='word_1_189' title='bbox 1008 2824 1128 2896; x_wconf 83' lang='lat' dir='ltr'><strong>ejus</strong></span> <span class='ocrx_word' id='word_1_190' title='bbox 1173 2834 1385 2881; x_wconf 73' lang='lat' dir='ltr'><strong>natum</strong></span> <span class='ocrx_word' id='word_1_191' title='bbox 1403 2840 1568 2897; x_wconf 87' lang='lat' dir='ltr'><strong>quem</strong></span> <span class='ocrx_word' id='word_1_192' title='bbox 1597 2836 1761 2883; x_wconf 85' lang='lat' dir='ltr'><strong>vocat</strong></span> <span class='ocrx_word' id='word_1_193' title='bbox 1789 2826 2043 2890; x_wconf 82' lang='lat' dir='ltr'><strong>Christus</strong></span> 
     </span>
    </p>
   </div>
   <div class='ocr_carea' id='block_1_30' title="bbox 458 2910 846 2968">
    <p class='ocr_par' dir='ltr' id='par_1_30' title="bbox 458 2910 846 2968">
     <span class='ocr_line' id='line_1_30' title="bbox 458 2910 846 2968; baseline 0.008 -3"><span class='ocrx_word' id='word_1_194' title='bbox 458 2910 633 2965; x_wconf 91' lang='lat' dir='ltr'><strong>Deum</strong></span> <span class='ocrx_word' id='word_1_195' title='bbox 660 2926 846 2968; x_wconf 90' lang='lat' dir='ltr'><strong>suum.</strong></span> 
     </span>
    </p>
   </div>
   <div class='ocr_carea' id='block_1_31' title="bbox 1041 3003 1455 3071">
    <p class='ocr_par' dir='ltr' id='par_1_31' title="bbox 1041 3003 1455 3071">
     <span class='ocr_line' id='line_1_31' title="bbox 1041 3003 1455 3071; baseline 0.01 -10"><span class='ocrx_word' id='word_1_196' title='bbox 1041 3003 1198 3071; x_wconf 79' lang='lat' dir='ltr'><strong>CAP.</strong></span> <span class='ocrx_word' id='word_1_197' title='bbox 1240 3006 1455 3065; x_wconf 79' lang='lat' dir='ltr'><strong>XXVII.</strong></span> 
     </span>
    </p>
   </div>
   <div class='ocr_carea' id='block_1_32' title="bbox 528 3088 2040 3175">
    <p class='ocr_par' dir='ltr' id='par_1_32' title="bbox 528 3088 2040 3175">
     <span class='ocr_line' id='line_1_32' title="bbox 528 3088 2040 3175; baseline 0.012 -32"><span class='ocrx_word' id='word_1_198' title='bbox 528 3088 586 3145; x_wconf 89' lang='lat' dir='ltr'><strong>Si</strong></span> <span class='ocrx_word' id='word_1_199' title='bbox 614 3099 806 3147; x_wconf 86' lang='lat' dir='ltr'><strong>natura</strong></span> <span class='ocrx_word' id='word_1_200' title='bbox 835 3094 1006 3150; x_wconf 88' lang='lat' dir='ltr'><strong>Deum</strong></span> <span class='ocrx_word' id='word_1_201' title='bbox 1038 3111 1159 3153; x_wconf 90' lang='lat' dir='ltr'><strong>esse</strong></span> <span class='ocrx_word' id='word_1_202' title='bbox 1181 3098 1366 3154; x_wconf 86' lang='lat' dir='ltr'><strong>Jesum</strong></span> <span class='ocrx_word' id='word_1_203' title='bbox 1394 3101 1665 3158; x_wconf 67' lang='lat' dir='ltr'><strong>daemonia</strong></span> <span class='ocrx_word' id='word_1_204' title='bbox 1704 3102 1914 3172; x_wconf 90' lang='lat' dir='ltr'><strong>vident,</strong></span> <span class='ocrx_word' id='word_1_205' title='bbox 1941 3106 2040 3175; x_wconf 86' lang='lat' dir='ltr'><strong>ait,</strong></span> 
     </span>
    </p>
   </div>
   <div class='ocr_carea' id='block_1_33' title="bbox 2142 621 3716 695">
    <p class='ocr_par' dir='ltr' id='par_1_33' title="bbox 2142 621 3716 695">
     <span class='ocr_line' id='line_1_33' title="bbox 2142 621 3716 695; baseline -0.001 -18"><span class='ocrx_word' id='word_1_206' title='bbox 2142 624 2491 691; x_wconf 87' lang='grc' dir='ltr'>οἰκειοῦνται,</span> <span class='ocrx_word' id='word_1_207' title='bbox 2526 626 2606 687; x_wconf 89' lang='grc' dir='ltr'><strong>είς</strong></span> <span class='ocrx_word' id='word_1_208' title='bbox 2644 623 2941 695; x_wconf 89' lang='grc' dir='ltr'>πρόσωπον</span> <span class='ocrx_word' id='word_1_209' title='bbox 2985 623 3085 693; x_wconf 82' lang='grc' dir='ltr'>τῆς</span> <span class='ocrx_word' id='word_1_210' title='bbox 3117 622 3314 677; x_wconf 76' lang='grc' dir='ltr'>ἑαυτοῦ</span> <span class='ocrx_word' id='word_1_211' title='bbox 3344 621 3547 693; x_wconf 85' lang='grc' dir='ltr'>σαρκὸς</span> <span class='ocrx_word' id='word_1_212' title='bbox 3573 627 3716 691; x_wconf 85' lang='grc' dir='ltr'>γινό-</span> 
     </span>
    </p>
   </div>
   <div class='ocr_carea' id='block_1_34' title="bbox 2144 714 3721 789">
    <p class='ocr_par' dir='ltr' id='par_1_34' title="bbox 2144 714 3721 789">
     <span class='ocr_line' id='line_1_34' title="bbox 2144 714 3721 789; baseline -0.003 -17"><span class='ocrx_word' id='word_1_213' title='bbox 2144 734 2302 789; x_wconf 84' lang='grc' dir='ltr'>μενα,</span> <span class='ocrx_word' id='word_1_214' title='bbox 2330 718 2441 770; x_wconf 71' lang='grc' dir='ltr'>εἴτε</span> <span class='ocrx_word' id='word_1_215' title='bbox 2477 716 2683 787; x_wconf 84' lang='grc' dir='ltr'>φυσικά</span> <span class='ocrx_word' id='word_1_216' title='bbox 2712 715 2886 783; x_wconf 86' lang='grc' dir='ltr'>πάθη,</span> <span class='ocrx_word' id='word_1_217' title='bbox 2913 716 3024 769; x_wconf 83' lang='grc' dir='ltr'>εῐτε</span> <span class='ocrx_word' id='word_1_218' title='bbox 3072 714 3345 786; x_wconf 84' lang='grc' dir='ltr'>ὲξωτέρας</span> <span class='ocrx_word' id='word_1_219' title='bbox 3373 714 3579 786; x_wconf 78' lang='grc' dir='ltr'>ὕϐρεις,</span> <span class='ocrx_word' id='word_1_220' title='bbox 3611 714 3721 768; x_wconf 72' lang='grc' dir='ltr'>εἴτε</span> 
     </span>
    </p>
   </div>
   <div class='ocr_carea' id='block_1_35' title="bbox 2139 806 3721 880">
    <p class='ocr_par' dir='ltr' id='par_1_35' title="bbox 2139 806 3721 880">
     <span class='ocr_line' id='line_1_35' title="bbox 2139 806 3721 880; baseline -0.003 -16"><span class='ocrx_word' id='word_1_221' title='bbox 2139 812 2245 864; x_wconf 80' lang='grc' dir='ltr'>ὅτι</span> <span class='ocrx_word' id='word_1_222' title='bbox 2288 809 2381 863; x_wconf 77' lang='grc' dir='ltr'>οὖν</span> <span class='ocrx_word' id='word_1_223' title='bbox 2397 811 2536 880; x_wconf 81' lang='grc' dir='ltr'>αὐτῇ</span> <span class='ocrx_word' id='word_1_224' title='bbox 2591 808 2973 879; x_wconf 75' lang='grc' dir='ltr'>συμσεδηκόςο</span> <span class='ocrx_word' id='word_1_225' title='bbox 3009 810 3074 879; x_wconf 79' lang='grc' dir='ltr'><strong>τῇ</strong></span> <span class='ocrx_word' id='word_1_226' title='bbox 3104 806 3216 879; x_wconf 88' lang='lat'><strong>7&amp;9</strong></span> <span class='ocrx_word' id='word_1_227' title='bbox 3272 808 3380 879; x_wconf 82' lang='grc' dir='ltr'>ίδίᾳ</span> <span class='ocrx_word' id='word_1_228' title='bbox 3424 808 3721 861; x_wconf 79' lang='grc' dir='ltr'><strong>ὑποστάσει</strong></span> 
     </span>
    </p>
   </div>
   <div class='ocr_carea' id='block_1_36' title="bbox 2141 899 3722 976">
    <p class='ocr_par' dir='ltr' id='par_1_36' title="bbox 2141 899 3722 976">
     <span class='ocr_line' id='line_1_36' title="bbox 2141 899 3722 976; baseline -0.004 -17"><span class='ocrx_word' id='word_1_229' title='bbox 2141 903 2309 976; x_wconf 68' lang='grc' dir='ltr'>αὐτὴν</span> <span class='ocrx_word' id='word_1_230' title='bbox 2334 900 2661 972; x_wconf 81' lang='grc' dir='ltr'>ἀνειληφὼς,</span> <span class='ocrx_word' id='word_1_231' title='bbox 2682 901 3202 973; x_wconf 73' lang='grc' dir='ltr'>ὲπροσωποποίησεν</span> <span class='ocrx_word' id='word_1_232' title='bbox 3221 915 3236 932; x_wconf 79' lang='grc' dir='ltr'><strong><em>ο</em></strong></span> <span class='ocrx_word' id='word_1_233' title='bbox 3270 900 3333 953; x_wconf 89' lang='grc' dir='ltr'><strong>οὑ</strong></span> <span class='ocrx_word' id='word_1_234' title='bbox 3360 899 3547 969; x_wconf 84' lang='grc' dir='ltr'>μέντοι</span> <span class='ocrx_word' id='word_1_235' title='bbox 3596 899 3722 963; x_wconf 81' lang='grc' dir='ltr'>τοὺς</span> 
     </span>
    </p>
   </div>
   <div class='ocr_carea' id='block_1_37' title="bbox 2141 989 3723 1065">
    <p class='ocr_par' dir='ltr' id='par_1_37' title="bbox 2141 989 3723 1065">
     <span class='ocr_line' id='line_1_37' title="bbox 2141 989 3723 1065; baseline -0.004 -16"><span class='ocrx_word' id='word_1_236' title='bbox 2141 995 2333 1064; x_wconf 80' lang='grc' dir='ltr'><strong>λόγους</strong></span> <span class='ocrx_word' id='word_1_237' title='bbox 2363 995 2465 1065; x_wconf 79' lang='grc' dir='ltr'>τῆς</span> <span class='ocrx_word' id='word_1_238' title='bbox 2515 993 2732 1065; x_wconf 88' lang='grc' dir='ltr'>φύσεως</span> <span class='ocrx_word' id='word_1_239' title='bbox 2776 991 2878 1061; x_wconf 82' lang='grc' dir='ltr'>τῆς</span> <span class='ocrx_word' id='word_1_240' title='bbox 2912 990 3136 1063; x_wconf 83' lang='grc' dir='ltr'>σαρκὸς,</span> <span class='ocrx_word' id='word_1_241' title='bbox 3169 991 3465 1044; x_wconf 74' lang='grc' dir='ltr'><strong>οἰκειοῦται</strong></span> <span class='ocrx_word' id='word_1_242' title='bbox 3493 992 3527 1061; x_wconf 77' lang='grc' dir='ltr'><strong>ἡ</strong></span> <span class='ocrx_word' id='word_1_243' title='bbox 3561 989 3723 1059; x_wconf 83' lang='grc' dir='ltr'><strong>φύσις</strong></span> 
     </span>
    </p>
   </div>
   <div class='ocr_carea' id='block_1_38' title="bbox 2141 1081 3722 1155">
    <p class='ocr_par' dir='ltr' id='par_1_38' title="bbox 2141 1081 3722 1155">
     <span class='ocr_line' id='line_1_38' title="bbox 2141 1081 3722 1155; baseline -0.003 -16"><span class='ocrx_word' id='word_1_244' title='bbox 2141 1084 2239 1139; x_wconf 89' lang='grc' dir='ltr'><strong>τοῦ</strong></span> <span class='ocrx_word' id='word_1_245' title='bbox 2288 1084 2496 1154; x_wconf 78' lang='grc' dir='ltr'>Λόγουο</span> <span class='ocrx_word' id='word_1_246' title='bbox 2528 1085 2626 1139; x_wconf 82' lang='grc' dir='ltr'>καὶ</span> <span class='ocrx_word' id='word_1_247' title='bbox 2652 1081 2935 1148; x_wconf 82' lang='grc' dir='ltr'><strong>ἀξιώσασα</strong></span> <span class='ocrx_word' id='word_1_248' title='bbox 2968 1082 3076 1155; x_wconf 88' lang='lat'><strong>7&amp;9</strong></span> <span class='ocrx_word' id='word_1_249' title='bbox 3116 1081 3343 1154; x_wconf 81' lang='grc' dir='ltr'>ὕστερον</span> <span class='ocrx_word' id='word_1_250' title='bbox 3378 1084 3479 1153; x_wconf 78' lang='grc' dir='ltr'>τὴν</span> <span class='ocrx_word' id='word_1_251' title='bbox 3508 1083 3722 1154; x_wconf 79' lang='grc' dir='ltr'>ἀνθρω-</span> 
     </span>
    </p>
   </div>
   <div class='ocr_carea' id='block_1_39' title="bbox 2141 1173 3724 1249">
    <p class='ocr_par' dir='ltr' id='par_1_39' title="bbox 2141 1173 3724 1249">
     <span class='ocr_line' id='line_1_39' title="bbox 2141 1173 3724 1249; baseline -0.004 -18"><span class='ocrx_word' id='word_1_252' title='bbox 2141 1176 2377 1249; x_wconf 83' lang='grc' dir='ltr'>πότητα,</span> <span class='ocrx_word' id='word_1_253' title='bbox 2442 1178 2478 1247; x_wconf 78' lang='grc' dir='ltr'>ἡ</span> <span class='ocrx_word' id='word_1_254' title='bbox 2518 1175 2711 1246; x_wconf 89' lang='grc' dir='ltr'>θεότης</span> <span class='ocrx_word' id='word_1_255' title='bbox 2758 1175 2897 1247; x_wconf 83' lang='grc' dir='ltr'>πρὸς</span> <span class='ocrx_word' id='word_1_256' title='bbox 2949 1176 3018 1245; x_wconf 79' lang='grc' dir='ltr'>τῇ</span> <span class='ocrx_word' id='word_1_257' title='bbox 3076 1174 3373 1229; x_wconf 82' lang='grc' dir='ltr'><strong>ὑποστάσει</strong></span> <span class='ocrx_word' id='word_1_258' title='bbox 3421 1175 3518 1228; x_wconf 80' lang='grc' dir='ltr'>καὶ</span> <span class='ocrx_word' id='word_1_259' title='bbox 3563 1173 3724 1227; x_wconf 86' lang='grc' dir='ltr'>θείων</span> 
     </span>
    </p>
   </div>
   <div class='ocr_carea' id='block_1_40' title="bbox 2144 1260 3725 1338">
    <p class='ocr_par' dir='ltr' id='par_1_40' title="bbox 2144 1260 3725 1338">
     <span class='ocr_line' id='line_1_40' title="bbox 2144 1260 3725 1338; baseline -0.004 -16"><span class='ocrx_word' id='word_1_260' title='bbox 2144 1267 2389 1338; x_wconf 81' lang='grc' dir='ltr'>φυσικῶν</span> <span class='ocrx_word' id='word_1_261' title='bbox 2425 1266 2753 1337; x_wconf 72' lang='grc' dir='ltr'><strong>ἰδιωμάτων,</strong></span> <span class='ocrx_word' id='word_1_262' title='bbox 2795 1265 2945 1334; x_wconf 78' lang='grc' dir='ltr'>ὅμως</span> <span class='ocrx_word' id='word_1_263' title='bbox 2978 1263 3173 1327; x_wconf 78' lang='grc' dir='ltr'>ίδιάζει</span> <span class='ocrx_word' id='word_1_264' title='bbox 3218 1263 3313 1317; x_wconf 75' lang='grc' dir='ltr'>καὶ</span> <span class='ocrx_word' id='word_1_265' title='bbox 3355 1260 3550 1327; x_wconf 85' lang='grc' dir='ltr'>οὑτως,</span> <span class='ocrx_word' id='word_1_266' title='bbox 3579 1260 3725 1316; x_wconf 81' lang='grc' dir='ltr'>κατᾶ</span> 
     </span>
    </p>
   </div>
   <div class='ocr_carea' id='block_1_41' title="bbox 2140 1354 3723 1430">
    <p class='ocr_par' dir='ltr' id='par_1_41' title="bbox 2140 1354 3723 1430">
     <span class='ocr_line' id='line_1_41' title="bbox 2140 1354 3723 1430; baseline -0.005 -15"><span class='ocrx_word' id='word_1_267' title='bbox 2140 1377 2270 1416; x_wconf 82' lang='grc' dir='ltr'>τινα</span> <span class='ocrx_word' id='word_1_268' title='bbox 2298 1359 2509 1430; x_wconf 85' lang='grc' dir='ltr'>φυσικά</span> <span class='ocrx_word' id='word_1_269' title='bbox 2535 1358 2706 1430; x_wconf 84' lang='grc' dir='ltr'>αὐτῆς</span> <span class='ocrx_word' id='word_1_270' title='bbox 2747 1356 3029 1430; x_wconf 68' lang='grc' dir='ltr'>ἐξαίρετα·</span> <span class='ocrx_word' id='word_1_271' title='bbox 3062 1358 3097 1429; x_wconf 82' lang='grc' dir='ltr'><strong>η</strong></span> <span class='ocrx_word' id='word_1_272' title='bbox 3132 1354 3231 1427; x_wconf 81' lang='grc' dir='ltr'>μὲν</span> <span class='ocrx_word' id='word_1_273' title='bbox 3257 1355 3369 1425; x_wconf 88' lang='lat'><strong>7&amp;9</strong></span> <span class='ocrx_word' id='word_1_274' title='bbox 3390 1354 3619 1409; x_wconf 85' lang='grc' dir='ltr'>ὲθέωσεν</span> <span class='ocrx_word' id='word_1_275' title='bbox 3645 1355 3723 1415; x_wconf 85' lang='grc' dir='ltr'>ὼς</span> 
     </span>
    </p>
   </div>
   <div class='ocr_carea' id='block_1_42' title="bbox 2145 1446 3719 1522">
    <p class='ocr_par' dir='ltr' id='par_1_42' title="bbox 2145 1446 3719 1522">
     <span class='ocr_line' id='line_1_42' title="bbox 2145 1446 3719 1522; baseline -0.006 -15"><span class='ocrx_word' id='word_1_276' title='bbox 2145 1451 2390 1516; x_wconf 77' lang='grc' dir='ltr'>θεοποιὸς</span> <span class='ocrx_word' id='word_1_277' title='bbox 2432 1454 2628 1522; x_wconf 81' lang='grc' dir='ltr'>φύσις’</span> <span class='ocrx_word' id='word_1_278' title='bbox 2697 1451 2731 1522; x_wconf 87' lang='grc' dir='ltr'><strong>ή</strong></span> <span class='ocrx_word' id='word_1_279' title='bbox 2781 1450 2842 1504; x_wconf 82' lang='grc' dir='ltr'>δὲ</span> <span class='ocrx_word' id='word_1_280' title='bbox 2889 1448 3096 1519; x_wconf 84' lang='grc' dir='ltr'>ὲθεώθη</span> <span class='ocrx_word' id='word_1_281' title='bbox 3158 1446 3233 1511; x_wconf 84' lang='grc' dir='ltr'><strong>ὡς</strong></span> <span class='ocrx_word' id='word_1_282' title='bbox 3294 1446 3719 1515; x_wconf 83' lang='grc' dir='ltr'>θεοποιουμένη·</span> 
     </span>
    </p>
   </div>
   <div class='ocr_carea' id='block_1_43' title="bbox 2144 1536 3721 1613">
    <p class='ocr_par' dir='ltr' id='par_1_43' title="bbox 2144 1536 3721 1613">
     <span class='ocr_line' id='line_1_43' title="bbox 2144 1536 3721 1613; baseline -0.006 -17"><span class='ocrx_word' id='word_1_283' title='bbox 2144 1542 2284 1613; x_wconf 80' lang='grc' dir='ltr'>καὶή</span> <span class='ocrx_word' id='word_1_284' title='bbox 2311 1542 2411 1613; x_wconf 73' lang='grc' dir='ltr'>μὲν</span> <span class='ocrx_word' id='word_1_285' title='bbox 2436 1540 2626 1612; x_wconf 80' lang='grc' dir='ltr'>ὑψώθη</span> <span class='ocrx_word' id='word_1_286' title='bbox 2655 1539 2817 1611; x_wconf 84' lang='grc' dir='ltr'>φύσις</span> <span class='ocrx_word' id='word_1_287' title='bbox 2837 1557 2853 1572; x_wconf 75' lang='grc' dir='ltr'>σ</span> <span class='ocrx_word' id='word_1_288' title='bbox 2889 1541 2923 1610; x_wconf 84' lang='grc' dir='ltr'>ἠ</span> <span class='ocrx_word' id='word_1_289' title='bbox 2947 1539 3005 1592; x_wconf 76' lang='grc' dir='ltr'>δὲ</span> <span class='ocrx_word' id='word_1_290' title='bbox 3033 1538 3154 1609; x_wconf 83' lang='grc' dir='ltr'>οὐχί</span> <span class='ocrx_word' id='word_1_291' title='bbox 3177 1555 3192 1570; x_wconf 76' lang='grc' dir='ltr'><strong><em>ο</em></strong></span> <span class='ocrx_word' id='word_1_292' title='bbox 3227 1537 3325 1591; x_wconf 81' lang='grc' dir='ltr'>καὶ</span> <span class='ocrx_word' id='word_1_293' title='bbox 3355 1538 3387 1607; x_wconf 80' lang='grc' dir='ltr'><strong>ἡ</strong></span> <span class='ocrx_word' id='word_1_294' title='bbox 3424 1536 3523 1607; x_wconf 81' lang='grc' dir='ltr'>μὲν</span> <span class='ocrx_word' id='word_1_295' title='bbox 3550 1536 3721 1590; x_wconf 74' lang='grc' dir='ltr'>ἔδωκε</span> 
     </span>
    </p>
   </div>
   <div class='ocr_carea' id='block_1_44' title="bbox 2144 1623 3723 1704">
    <p class='ocr_par' dir='ltr' id='par_1_44' title="bbox 2144 1623 3723 1704">
     <span class='ocr_line' id='line_1_44' title="bbox 2144 1623 3723 1704; baseline -0.007 -16"><span class='ocrx_word' id='word_1_296' title='bbox 2144 1633 2216 1688; x_wconf 84' lang='grc' dir='ltr'><strong>τὰ</strong></span> <span class='ocrx_word' id='word_1_297' title='bbox 2238 1633 2373 1688; x_wconf 80' lang='grc' dir='ltr'>ίδια·</span> <span class='ocrx_word' id='word_1_298' title='bbox 2404 1634 2438 1704; x_wconf 82' lang='grc' dir='ltr'><strong>η</strong></span> <span class='ocrx_word' id='word_1_299' title='bbox 2466 1632 2525 1685; x_wconf 79' lang='grc' dir='ltr'>δὲ</span> <span class='ocrx_word' id='word_1_300' title='bbox 2553 1631 2713 1686; x_wconf 77' lang='grc' dir='ltr'>ἐλαύε</span> <span class='ocrx_word' id='word_1_301' title='bbox 2741 1629 2812 1684; x_wconf 82' lang='grc' dir='ltr'><strong>τά</strong></span> <span class='ocrx_word' id='word_1_302' title='bbox 2835 1630 3044 1701; x_wconf 84' lang='grc' dir='ltr'>δόματα</span> <span class='ocrx_word' id='word_1_303' title='bbox 3073 1628 3142 1682; x_wconf 88' lang='grc' dir='ltr'><strong>τά</strong></span> <span class='ocrx_word' id='word_1_304' title='bbox 3168 1626 3379 1698; x_wconf 87' lang='grc' dir='ltr'>φυσικά</span> <span class='ocrx_word' id='word_1_305' title='bbox 3398 1643 3414 1658; x_wconf 87' lang='grc'><strong>·</strong></span> <span class='ocrx_word' id='word_1_306' title='bbox 3451 1625 3605 1679; x_wconf 80' lang='grc' dir='ltr'>οὐδὲν</span> <span class='ocrx_word' id='word_1_307' title='bbox 3628 1623 3723 1678; x_wconf 75' lang='grc' dir='ltr'>οὖν</span> 
     </span>
    </p>
   </div>
   <div class='ocr_carea' id='block_1_45' title="bbox 2146 1717 3724 1797">
    <p class='ocr_par' dir='ltr' id='par_1_45' title="bbox 2146 1717 3724 1797">
     <span class='ocr_line' id='line_1_45' title="bbox 2146 1717 3724 1797; baseline -0.007 -16"><span class='ocrx_word' id='word_1_308' title='bbox 2146 1729 2212 1781; x_wconf 82' lang='grc' dir='ltr'>ὲκ</span> <span class='ocrx_word' id='word_1_309' title='bbox 2232 1726 2398 1781; x_wconf 84' lang='grc' dir='ltr'>τῶνδε</span> <span class='ocrx_word' id='word_1_310' title='bbox 2428 1727 2560 1797; x_wconf 79' lang='grc' dir='ltr'>ἡμῖν</span> <span class='ocrx_word' id='word_1_311' title='bbox 2586 1726 2621 1796; x_wconf 82' lang='grc' dir='ltr'><strong>η</strong></span> <span class='ocrx_word' id='word_1_312' title='bbox 2662 1722 2757 1777; x_wconf 89' lang='grc' dir='ltr'><strong>τοῦ</strong></span> <span class='ocrx_word' id='word_1_313' title='bbox 2787 1721 3086 1794; x_wconf 81' lang='grc' dir='ltr'><strong>προσώπου</strong></span> <span class='ocrx_word' id='word_1_314' title='bbox 3118 1720 3312 1784; x_wconf 76' lang='grc' dir='ltr'>ένωσις</span> <span class='ocrx_word' id='word_1_315' title='bbox 3327 1718 3426 1790; x_wconf 76' lang='grc' dir='ltr'>τὴν</span> <span class='ocrx_word' id='word_1_316' title='bbox 3455 1717 3724 1789; x_wconf 81' lang='grc' dir='ltr'>διαφοράν</span> 
     </span>
    </p>
   </div>
   <div class='ocr_carea' id='block_1_46' title="bbox 2145 1815 2875 1889">
    <p class='ocr_par' dir='ltr' id='par_1_46' title="bbox 2145 1815 2875 1889">
     <span class='ocr_line' id='line_1_46' title="bbox 2145 1815 2875 1889; baseline -0.008 -16"><span class='ocrx_word' id='word_1_317' title='bbox 2145 1818 2257 1873; x_wconf 85' lang='grc' dir='ltr'><strong>τῶν</strong></span> <span class='ocrx_word' id='word_1_318' title='bbox 2285 1817 2503 1889; x_wconf 89' lang='grc' dir='ltr'>φύσεων</span> <span class='ocrx_word' id='word_1_319' title='bbox 2534 1815 2875 1888; x_wconf 78' lang='grc' dir='ltr'>λυμαίνεται.</span> 
     </span>
    </p>
   </div>
   <div class='ocr_carea' id='block_1_47' title="bbox 2711 1907 3155 1975">
    <p class='ocr_par' dir='ltr' id='par_1_47' title="bbox 2711 1907 3155 1975">
     <span class='ocr_line' id='line_1_47' title="bbox 2711 1907 3155 1975; baseline 0.002 -13"><span class='ocrx_word' id='word_1_320' title='bbox 2711 1908 2967 1962; x_wconf 75' lang='grc' dir='ltr'><strong>κεφΑΑ.</strong></span> <span class='ocrx_word' id='word_1_321' title='bbox 3008 1907 3155 1975; x_wconf 75' lang='lat' dir='ltr'><strong>Kq&#39;.</strong></span> 
     </span>
    </p>
   </div>
   <div class='ocr_carea' id='block_1_48' title="bbox 2216 1991 3722 2072">
    <p class='ocr_par' dir='ltr' id='par_1_48' title="bbox 2216 1991 3722 2072">
     <span class='ocr_line' id='line_1_48' title="bbox 2216 1991 3722 2072; baseline -0.006 -16"><span class='ocrx_word' id='word_1_322' title='bbox 2216 2002 2280 2057; x_wconf 83' lang='grc' dir='ltr'>Εἰ</span> <span class='ocrx_word' id='word_1_323' title='bbox 2310 2001 2471 2072; x_wconf 88' lang='grc' dir='ltr'>φύσει</span> <span class='ocrx_word' id='word_1_324' title='bbox 2501 2000 2633 2064; x_wconf 72' lang='grc' dir='ltr'>Θεὸς</span> <span class='ocrx_word' id='word_1_325' title='bbox 2659 1999 2959 2070; x_wconf 87' lang='grc' dir='ltr'>όΧριστὸς,</span> <span class='ocrx_word' id='word_1_326' title='bbox 2979 1998 3095 2062; x_wconf 83' lang='grc' dir='ltr'><strong>πῶς</strong></span> <span class='ocrx_word' id='word_1_327' title='bbox 3118 1998 3266 2066; x_wconf 81' lang='grc' dir='ltr'>λέγει</span> <span class='ocrx_word' id='word_1_328' title='bbox 3295 1996 3355 2051; x_wconf 76' lang='grc' dir='ltr'>ὲν</span> <span class='ocrx_word' id='word_1_329' title='bbox 3370 1994 3447 2067; x_wconf 81' lang='grc' dir='ltr'><strong>τῷ</strong></span> <span class='ocrx_word' id='word_1_330' title='bbox 3476 1991 3722 2065; x_wconf 81' lang='grc' dir='ltr'>σταυρῷ,</span> 
     </span>
    </p>
   </div>
   <div class='ocr_carea' id='block_1_49' title="bbox 2150 2083 3722 2164">
    <p class='ocr_par' dir='ltr' id='par_1_49' title="bbox 2150 2083 3722 2164">
     <span class='ocr_line' id='line_1_49' title="bbox 2150 2083 3722 2164; baseline -0.007 -17"><span class='ocrx_word' id='word_1_331' title='bbox 2150 2112 2173 2147; x_wconf 74' lang='grc' dir='ltr'><strong>ι</strong></span> <span class='ocrx_word' id='word_1_332' title='bbox 2202 2093 2303 2147; x_wconf 87' lang='grc' dir='ltr'><strong>Θεέ</strong></span> <span class='ocrx_word' id='word_1_333' title='bbox 2331 2110 2454 2164; x_wconf 87' lang='grc' dir='ltr'>μου,</span> <span class='ocrx_word' id='word_1_334' title='bbox 2472 2091 2573 2145; x_wconf 85' lang='grc' dir='ltr'><strong>Θεέ</strong></span> <span class='ocrx_word' id='word_1_335' title='bbox 2592 2108 2718 2161; x_wconf 83' lang='grc' dir='ltr'>μου,</span> <span class='ocrx_word' id='word_1_336' title='bbox 2736 2090 2822 2144; x_wconf 79' lang='grc' dir='ltr'>ἵνα</span> <span class='ocrx_word' id='word_1_337' title='bbox 2840 2090 2895 2143; x_wconf 92' lang='grc' dir='ltr'><strong>τί</strong></span> <span class='ocrx_word' id='word_1_338' title='bbox 2917 2107 2984 2161; x_wconf 86' lang='grc' dir='ltr'><strong>με</strong></span> <span class='ocrx_word' id='word_1_339' title='bbox 3002 2087 3357 2157; x_wconf 78' lang='grc' dir='ltr'>ἐγκατέλιπες</span> <span class='ocrx_word' id='word_1_340' title='bbox 3378 2102 3395 2153; x_wconf 75' lang='grc' dir='ltr'><strong>ς</strong></span> <span class='ocrx_word' id='word_1_341' title='bbox 3432 2103 3451 2137; x_wconf 72' lang='grc' dir='ltr'><strong>ι</strong></span> <span class='ocrx_word' id='word_1_342' title='bbox 3476 2083 3596 2137; x_wconf 82' lang='grc' dir='ltr'>οὑδὲ</span> <span class='ocrx_word' id='word_1_343' title='bbox 3612 2084 3722 2153; x_wconf 89' lang='grc' dir='ltr'><strong>γάρ</strong></span> 
     </span>
    </p>
   </div>
   <div class='ocr_carea' id='block_1_50' title="bbox 2144 2176 3721 2254">
    <p class='ocr_par' dir='ltr' id='par_1_50' title="bbox 2144 2176 3721 2254">
     <span class='ocr_line' id='line_1_50' title="bbox 2144 2176 3721 2254; baseline -0.008 -13"><span class='ocrx_word' id='word_1_344' title='bbox 2144 2189 2261 2242; x_wconf 74' lang='grc' dir='ltr'>ἐστι</span> <span class='ocrx_word' id='word_1_345' title='bbox 2282 2185 2413 2239; x_wconf 88' lang='grc' dir='ltr'>Θεοῦ</span> <span class='ocrx_word' id='word_1_346' title='bbox 2433 2185 2564 2249; x_wconf 89' lang='grc' dir='ltr'><strong>Θεὸς</strong></span> <span class='ocrx_word' id='word_1_347' title='bbox 2581 2184 2739 2253; x_wconf 88' lang='grc' dir='ltr'>φύσει</span> <span class='ocrx_word' id='word_1_348' title='bbox 2754 2182 3041 2254; x_wconf 78' lang='grc' dir='ltr'>νοουμένου</span> <span class='ocrx_word' id='word_1_349' title='bbox 3062 2199 3075 2214; x_wconf 88' lang='grc'><strong>·</strong></span> <span class='ocrx_word' id='word_1_350' title='bbox 3099 2181 3207 2253; x_wconf 77' lang='grc' dir='ltr'>ἄρα</span> <span class='ocrx_word' id='word_1_351' title='bbox 3225 2176 3319 2234; x_wconf 77' lang='grc' dir='ltr'>οὖν</span> <span class='ocrx_word' id='word_1_352' title='bbox 3340 2177 3499 2248; x_wconf 84' lang='grc' dir='ltr'>φύσει</span> <span class='ocrx_word' id='word_1_353' title='bbox 3512 2176 3721 2247; x_wconf 80' lang='grc' dir='ltr'>ἄνθρω-</span> 
     </span>
    </p>
   </div>
   <div class='ocr_carea' id='block_1_51' title="bbox 2144 2269 3722 2346">
    <p class='ocr_par' dir='ltr' id='par_1_51' title="bbox 2144 2269 3722 2346">
     <span class='ocr_line' id='line_1_51' title="bbox 2144 2269 3722 2346; baseline -0.01 -12"><span class='ocrx_word' id='word_1_354' title='bbox 2144 2280 2242 2343; x_wconf 81' lang='grc' dir='ltr'><strong>πός</strong></span> <span class='ocrx_word' id='word_1_355' title='bbox 2263 2282 2407 2333; x_wconf 75' lang='grc' dir='ltr'>ἐστιν</span> <span class='ocrx_word' id='word_1_356' title='bbox 2434 2278 2463 2329; x_wconf 87' lang='grc' dir='ltr'><strong>ό</strong></span> <span class='ocrx_word' id='word_1_357' title='bbox 2477 2275 2651 2346; x_wconf 86' lang='grc' dir='ltr'>λέγων</span> <span class='ocrx_word' id='word_1_358' title='bbox 2672 2275 2869 2331; x_wconf 79' lang='grc' dir='ltr'>ἑαυτοῦ</span> <span class='ocrx_word' id='word_1_359' title='bbox 2890 2274 3022 2329; x_wconf 91' lang='grc' dir='ltr'>Θεὸν</span> <span class='ocrx_word' id='word_1_360' title='bbox 3042 2275 3133 2327; x_wconf 80' lang='grc' dir='ltr'><strong>τὸν</strong></span> <span class='ocrx_word' id='word_1_361' title='bbox 3162 2272 3294 2327; x_wconf 88' lang='grc' dir='ltr'>Θεὸν</span> <span class='ocrx_word' id='word_1_362' title='bbox 3322 2270 3529 2339; x_wconf 82' lang='grc' dir='ltr'>σαφῶς.</span> <span class='ocrx_word' id='word_1_363' title='bbox 3569 2269 3722 2321; x_wconf 70' lang='grc' dir='ltr'>Ἐπεὶ</span> 
     </span>
    </p>
   </div>
   <div class='ocr_carea' id='block_1_52' title="bbox 2143 2362 3720 2443">
    <p class='ocr_par' dir='ltr' id='par_1_52' title="bbox 2143 2362 3720 2443">
     <span class='ocr_line' id='line_1_52' title="bbox 2143 2362 3720 2443; baseline -0.009 -16"><span class='ocrx_word' id='word_1_364' title='bbox 2143 2369 2238 2427; x_wconf 81' lang='grc' dir='ltr'>οὖν</span> <span class='ocrx_word' id='word_1_365' title='bbox 2282 2372 2504 2443; x_wconf 83' lang='grc' dir='ltr'>Πατέρα</span> <span class='ocrx_word' id='word_1_366' title='bbox 2562 2369 2720 2441; x_wconf 83' lang='grc' dir='ltr'>ἡμῶν</span> <span class='ocrx_word' id='word_1_367' title='bbox 2766 2368 2863 2422; x_wconf 72' lang='grc' dir='ltr'>καὶ</span> <span class='ocrx_word' id='word_1_368' title='bbox 2912 2369 3075 2439; x_wconf 77' lang='grc' dir='ltr'>ἡμεῖς</span> <span class='ocrx_word' id='word_1_369' title='bbox 3104 2366 3197 2420; x_wconf 89' lang='grc' dir='ltr'><strong>τὸν</strong></span> <span class='ocrx_word' id='word_1_370' title='bbox 3228 2367 3285 2419; x_wconf 82' lang='grc' dir='ltr'>ὲν</span> <span class='ocrx_word' id='word_1_371' title='bbox 3318 2367 3432 2428; x_wconf 88' lang='grc' dir='ltr'>τοῖς</span> <span class='ocrx_word' id='word_1_372' title='bbox 3470 2362 3720 2433; x_wconf 79' lang='grc' dir='ltr'>οὐρανοῖς</span> 
     </span>
    </p>
   </div>
   <div class='ocr_carea' id='block_1_53' title="bbox 2143 2455 3726 2533">
    <p class='ocr_par' dir='ltr' id='par_1_53' title="bbox 2143 2455 3726 2533">
     <span class='ocr_line' id='line_1_53' title="bbox 2143 2455 3726 2533; baseline -0.008 -13"><span class='ocrx_word' id='word_1_373' title='bbox 2143 2465 2278 2519; x_wconf 85' lang='grc' dir='ltr'>Θεὸν</span> <span class='ocrx_word' id='word_1_374' title='bbox 2324 2463 2620 2532; x_wconf 78' lang='grc' dir='ltr'>καλοῦμεν,</span> <span class='ocrx_word' id='word_1_375' title='bbox 2652 2464 2763 2533; x_wconf 82' lang='grc' dir='ltr'>ἄρα</span> <span class='ocrx_word' id='word_1_376' title='bbox 2794 2478 2857 2530; x_wconf 91' lang='grc' dir='ltr'><strong>γε</strong></span> <span class='ocrx_word' id='word_1_377' title='bbox 2890 2459 2980 2514; x_wconf 84' lang='grc' dir='ltr'><strong>διὰ</strong></span> <span class='ocrx_word' id='word_1_378' title='bbox 3022 2458 3143 2513; x_wconf 89' lang='grc' dir='ltr'>τόδε</span> <span class='ocrx_word' id='word_1_379' title='bbox 3193 2457 3289 2511; x_wconf 72' lang='grc' dir='ltr'>καὶ</span> <span class='ocrx_word' id='word_1_380' title='bbox 3328 2457 3489 2528; x_wconf 79' lang='grc' dir='ltr'>ἡμεῖς</span> <span class='ocrx_word' id='word_1_381' title='bbox 3536 2455 3632 2508; x_wconf 73' lang='lat' dir='ltr'><strong>xai.</strong></span> <span class='ocrx_word' id='word_1_382' title='bbox 3663 2455 3726 2507; x_wconf 76' lang='grc' dir='ltr'><strong>τὸ</strong></span> 
     </span>
    </p>
   </div>
   <div class='ocr_carea' id='block_1_54' title="bbox 2144 2548 3721 2628">
    <p class='ocr_par' dir='ltr' id='par_1_54' title="bbox 2144 2548 3721 2628">
     <span class='ocr_line' id='line_1_54' title="bbox 2144 2548 3721 2628; baseline -0.006 -16"><span class='ocrx_word' id='word_1_383' title='bbox 2144 2556 2287 2613; x_wconf 89' lang='grc' dir='ltr'><strong>κατά</strong></span> <span class='ocrx_word' id='word_1_384' title='bbox 2309 2558 2492 2628; x_wconf 84' lang='grc' dir='ltr'>σάρκα</span> <span class='ocrx_word' id='word_1_385' title='bbox 2525 2555 2684 2625; x_wconf 83' lang='grc' dir='ltr'>φύσει</span> <span class='ocrx_word' id='word_1_386' title='bbox 2721 2554 2830 2607; x_wconf 77' lang='grc' dir='ltr'>υἰοὶ</span> <span class='ocrx_word' id='word_1_387' title='bbox 2874 2552 3035 2615; x_wconf 87' lang='grc' dir='ltr'>Θεοῦ,</span> <span class='ocrx_word' id='word_1_388' title='bbox 3062 2552 3095 2622; x_wconf 78' lang='grc' dir='ltr'>ἢ</span> <span class='ocrx_word' id='word_1_389' title='bbox 3122 2551 3181 2605; x_wconf 87' lang='grc' dir='ltr'><strong>οὑ</strong></span> <span class='ocrx_word' id='word_1_390' title='bbox 3214 2551 3378 2621; x_wconf 88' lang='grc' dir='ltr'>δῆτα;</span> <span class='ocrx_word' id='word_1_391' title='bbox 3407 2550 3471 2602; x_wconf 86' lang='grc' dir='ltr'>Εἰ</span> <span class='ocrx_word' id='word_1_392' title='bbox 3502 2548 3609 2619; x_wconf 83' lang='grc' dir='ltr'>γὰρ</span> <span class='ocrx_word' id='word_1_393' title='bbox 3640 2548 3721 2617; x_wconf 80' lang='grc' dir='ltr'>μὴ</span> 
     </span>
    </p>
   </div>
   <div class='ocr_carea' id='block_1_55' title="bbox 2145 2637 3721 2719">
    <p class='ocr_par' dir='ltr' id='par_1_55' title="bbox 2145 2637 3721 2719">
     <span class='ocr_line' id='line_1_55' title="bbox 2145 2637 3721 2719; baseline -0.008 -18"><span class='ocrx_word' id='word_1_394' title='bbox 2145 2648 2304 2719; x_wconf 89' lang='grc' dir='ltr'>φύσει</span> <span class='ocrx_word' id='word_1_395' title='bbox 2342 2644 2558 2715; x_wconf 86' lang='grc' dir='ltr'>πατέρα</span> <span class='ocrx_word' id='word_1_396' title='bbox 2600 2643 2695 2699; x_wconf 89' lang='grc' dir='ltr'><strong>τοῦ</strong></span> <span class='ocrx_word' id='word_1_397' title='bbox 2738 2643 2862 2698; x_wconf 80' lang='grc' dir='ltr'>ὅλου</span> <span class='ocrx_word' id='word_1_398' title='bbox 2908 2641 3063 2715; x_wconf 75' lang='grc' dir='ltr'>ἡμῶν</span> <span class='ocrx_word' id='word_1_399' title='bbox 3093 2640 3380 2712; x_wconf 84' lang='grc' dir='ltr'>δηλοῦμεν,</span> <span class='ocrx_word' id='word_1_400' title='bbox 3413 2639 3473 2692; x_wconf 85' lang='grc' dir='ltr'>ὃν</span> <span class='ocrx_word' id='word_1_401' title='bbox 3518 2637 3721 2693; x_wconf 80' lang='grc' dir='ltr'>καλοῦ-</span> 
     </span>
    </p>
   </div>
   <div class='ocr_carea' id='block_1_56' title="bbox 2146 2723 3721 2813">
    <p class='ocr_par' dir='ltr' id='par_1_56' title="bbox 2146 2723 3721 2813">
     <span class='ocr_line' id='line_1_56' title="bbox 2146 2723 3721 2813; baseline -0.007 -18"><span class='ocrx_word' id='word_1_402' title='bbox 2146 2758 2248 2813; x_wconf 88' lang='grc' dir='ltr'><strong>μεν</strong></span> <span class='ocrx_word' id='word_1_403' title='bbox 2288 2740 2531 2810; x_wconf 86' lang='grc' dir='ltr'>Πατέρα,</span> <span class='ocrx_word' id='word_1_404' title='bbox 2574 2737 2694 2792; x_wconf 77' lang='grc' dir='ltr'>οὑδὲ</span> <span class='ocrx_word' id='word_1_405' title='bbox 2738 2736 2923 2807; x_wconf 82' lang='grc' dir='ltr'>πάσης</span> <span class='ocrx_word' id='word_1_406' title='bbox 2952 2734 3170 2805; x_wconf 87' lang='grc' dir='ltr'>φύσεως</span> <span class='ocrx_word' id='word_1_407' title='bbox 3200 2733 3366 2787; x_wconf 87' lang='grc' dir='ltr'>αὑτοῦ</span> <span class='ocrx_word' id='word_1_408' title='bbox 3403 2731 3536 2788; x_wconf 86' lang='grc' dir='ltr'>Θεὸν</span> <span class='ocrx_word' id='word_1_409' title='bbox 3578 2723 3721 2785; x_wconf 74' lang='grc' dir='ltr'>εἶναι</span> 
     </span>
    </p>
   </div>
   <div class='ocr_carea' id='block_1_57' title="bbox 2144 2827 3357 2904">
    <p class='ocr_par' dir='ltr' id='par_1_57' title="bbox 2144 2827 3357 2904">
     <span class='ocr_line' id='line_1_57' title="bbox 2144 2827 3357 2904; baseline -0.004 -16"><span class='ocrx_word' id='word_1_410' title='bbox 2144 2834 2387 2904; x_wconf 85' lang='grc' dir='ltr'><strong>ἀνάγκη,</strong></span> <span class='ocrx_word' id='word_1_411' title='bbox 2423 2832 2483 2886; x_wconf 84' lang='grc' dir='ltr'>ὃν</span> <span class='ocrx_word' id='word_1_412' title='bbox 2513 2831 2671 2887; x_wconf 87' lang='grc' dir='ltr'><strong>καλεί</strong></span> <span class='ocrx_word' id='word_1_413' title='bbox 2695 2831 2826 2886; x_wconf 85' lang='grc' dir='ltr'>Θεὸν</span> <span class='ocrx_word' id='word_1_414' title='bbox 2850 2828 3016 2885; x_wconf 84' lang='grc' dir='ltr'>αὑτοῦ</span> <span class='ocrx_word' id='word_1_415' title='bbox 3050 2831 3078 2884; x_wconf 83' lang='grc' dir='ltr'>ὁ</span> <span class='ocrx_word' id='word_1_416' title='bbox 3099 2827 3357 2900; x_wconf 81' lang='grc' dir='ltr'>Χριστός.</span> 
     </span>
    </p>
   </div>
   <div class='ocr_carea' id='block_1_58' title="bbox 2720 3015 3142 3070">
    <p class='ocr_par' dir='ltr' id='par_1_58' title="bbox 2720 3015 3142 3070">
     <span class='ocr_line' id='line_1_58' title="bbox 2720 3015 3142 3070; baseline -0.002 0"><span class='ocrx_word' id='word_1_417' title='bbox 2720 3015 2974 3070; x_wconf 77' lang='grc' dir='ltr'><strong>ΚΕΦΑΛ.</strong></span> <span class='ocrx_word' id='word_1_418' title='bbox 3013 3015 3142 3069; x_wconf 84' lang='grc' dir='ltr'><strong>ΚΖ’.</strong></span> 
     </span>
    </p>
   </div>
   <div class='ocr_carea' id='block_1_59' title="bbox 2212 3099 3720 3179">
    <p class='ocr_par' dir='ltr' id='par_1_59' title="bbox 2212 3099 3720 3179">
     <span class='ocr_line' id='line_1_59' title="bbox 2212 3099 3720 3179; baseline -0.008 -15"><span class='ocrx_word' id='word_1_419' title='bbox 2212 3110 2278 3163; x_wconf 81' lang='grc' dir='ltr'>Εἰ</span> <span class='ocrx_word' id='word_1_420' title='bbox 2307 3108 2465 3179; x_wconf 85' lang='grc' dir='ltr'>φύσει</span> <span class='ocrx_word' id='word_1_421' title='bbox 2501 3108 2637 3163; x_wconf 89' lang='grc' dir='ltr'>Θεὸν</span> <span class='ocrx_word' id='word_1_422' title='bbox 2673 3103 2813 3162; x_wconf 80' lang='grc' dir='ltr'>εἰναι</span> <span class='ocrx_word' id='word_1_423' title='bbox 2833 3106 2949 3179; x_wconf 60' lang='grc' dir='ltr'><strong>⁴ᾔδει</strong></span> <span class='ocrx_word' id='word_1_424' title='bbox 2978 3105 3070 3160; x_wconf 89' lang='grc' dir='ltr'><strong>τὸν</strong></span> <span class='ocrx_word' id='word_1_425' title='bbox 3106 3102 3315 3175; x_wconf 87' lang='grc' dir='ltr'>Ἰησοῦν</span> <span class='ocrx_word' id='word_1_426' title='bbox 3341 3101 3410 3157; x_wconf 80' lang='grc' dir='ltr'><strong>τὰ</strong></span> <span class='ocrx_word' id='word_1_427' title='bbox 3437 3099 3720 3165; x_wconf 84' lang='grc' dir='ltr'>δαιμόνια,</span> 
     </span>
    </p>
   </div>
   <div class='ocr_carea' id='block_1_60' title="bbox 460 3181 2040 3279">
    <p class='ocr_par' dir='ltr' id='par_1_60' title="bbox 460 3181 2036 3263">
     <span class='ocr_line' id='line_1_60' title="bbox 460 3181 2036 3263; baseline 0.011 -31"><span class='ocrx_word' id='word_1_428' title='bbox 460 3181 739 3249; x_wconf 87' lang='lat' dir='ltr'><strong>quomodo</strong></span> <span class='ocrx_word' id='word_1_429' title='bbox 756 3183 893 3238; x_wconf 76' lang='lat' dir='ltr'><strong>dixit</strong></span> <span class='ocrx_word' id='word_1_430' title='bbox 917 3204 932 3241; x_wconf 86' lang='lat'><strong>:</strong></span> <span class='ocrx_word' id='word_1_431' title='bbox 962 3205 981 3238; x_wconf 81' lang='grc' dir='ltr'><strong>ι</strong></span> <span class='ocrx_word' id='word_1_432' title='bbox 998 3186 1206 3259; x_wconf 85' lang='lat' dir='ltr'><strong>Adjuro</strong></span> <span class='ocrx_word' id='word_1_433' title='bbox 1221 3198 1271 3244; x_wconf 92' lang='lat' dir='ltr'><strong>te</strong></span> <span class='ocrx_word' id='word_1_434' title='bbox 1286 3190 1456 3247; x_wconf 89' lang='lat' dir='ltr'><strong>Deum</strong></span> <span class='ocrx_word' id='word_1_435' title='bbox 1473 3207 1542 3247; x_wconf 92' lang='lat' dir='ltr'><strong>ne</strong></span> <span class='ocrx_word' id='word_1_436' title='bbox 1567 3199 1826 3263; x_wconf 85' lang='lat' dir='ltr'><strong>torqueas</strong></span> <span class='ocrx_word' id='word_1_437' title='bbox 1839 3211 1940 3251; x_wconf 92' lang='lat' dir='ltr'><strong>nos</strong></span> <span class='ocrx_word' id='word_1_438' title='bbox 1956 3194 1969 3245; x_wconf 82' lang='lat' dir='ltr'><strong>i</strong></span> <span class='ocrx_word' id='word_1_439' title='bbox 1987 3235 2001 3250; x_wconf 97' lang='lat'><strong>.</strong></span> <span class='ocrx_word' id='word_1_440' title='bbox 2017 3215 2036 3249; x_wconf 74' lang='grc' dir='ltr'><strong>ι</strong></span> 
     </span>
    </p>
   </div>
   <div class='ocr_carea' id='block_1_61' title="bbox 2142 3181 3722 3279">
    <p class='ocr_par' dir='ltr' id='par_1_61' title="bbox 2145 3191 3722 3272">
     <span class='ocr_line' id='line_1_61' title="bbox 2145 3191 3722 3272; baseline -0.008 -16"><span class='ocrx_word' id='word_1_441' title='bbox 2145 3200 2300 3272; x_wconf 82' lang='grc' dir='ltr'>φησί,</span> <span class='ocrx_word' id='word_1_442' title='bbox 2319 3200 2437 3263; x_wconf 87' lang='grc' dir='ltr'><strong>πῶς</strong></span> <span class='ocrx_word' id='word_1_443' title='bbox 2462 3200 2665 3270; x_wconf 75' lang='grc' dir='ltr'>ἔλεγεν·</span> <span class='ocrx_word' id='word_1_444' title='bbox 2691 3217 2709 3252; x_wconf 90' lang='grc' dir='ltr'><strong>ι</strong></span> <span class='ocrx_word' id='word_1_445' title='bbox 2732 3196 3031 3270; x_wconf 79' lang='grc' dir='ltr'>Ἐξορκίζω</span> <span class='ocrx_word' id='word_1_446' title='bbox 3057 3213 3116 3251; x_wconf 94' lang='grc' dir='ltr'><strong>σε</strong></span> <span class='ocrx_word' id='word_1_447' title='bbox 3139 3196 3229 3249; x_wconf 90' lang='grc' dir='ltr'><strong>τὸν</strong></span> <span class='ocrx_word' id='word_1_448' title='bbox 3251 3194 3384 3248; x_wconf 89' lang='grc' dir='ltr'>Θεὸν</span> <span class='ocrx_word' id='word_1_449' title='bbox 3417 3193 3503 3247; x_wconf 82' lang='grc' dir='ltr'>ἵνα</span> <span class='ocrx_word' id='word_1_450' title='bbox 3523 3191 3596 3262; x_wconf 82' lang='grc' dir='ltr'>μὴ</span> <span class='ocrx_word' id='word_1_451' title='bbox 3619 3191 3722 3261; x_wconf 83' lang='grc' dir='ltr'>βα-</span> 
     </span>
    </p>
   </div>
   <div class='ocr_carea' id='block_1_62' title="bbox 467 3271 2040 3363">
    <p class='ocr_par' dir='ltr' id='par_1_62' title="bbox 467 3271 2040 3346">
     <span class='ocr_line' id='line_1_62' title="bbox 467 3271 2040 3346; baseline 0.01 -19"><span class='ocrx_word' id='word_1_452' title='bbox 467 3271 552 3327; x_wconf 90' lang='lat' dir='ltr'><strong>Sit</strong></span> <span class='ocrx_word' id='word_1_453' title='bbox 581 3273 748 3343; x_wconf 78' lang='lat' dir='ltr'><strong>igitur</strong></span> <span class='ocrx_word' id='word_1_454' title='bbox 771 3277 918 3346; x_wconf 91' lang='lat' dir='ltr'><strong>quod</strong></span> <span class='ocrx_word' id='word_1_455' title='bbox 950 3294 1060 3334; x_wconf 92' lang='lat' dir='ltr'><strong>non</strong></span> <span class='ocrx_word' id='word_1_456' title='bbox 1092 3282 1351 3339; x_wconf 90' lang='lat' dir='ltr'><strong>noverint</strong></span> <span class='ocrx_word' id='word_1_457' title='bbox 1388 3300 1515 3339; x_wconf 90' lang='lat' dir='ltr'><strong>eum</strong></span> <span class='ocrx_word' id='word_1_458' title='bbox 1551 3286 1722 3341; x_wconf 89' lang='lat' dir='ltr'><strong>Deum</strong></span> <span class='ocrx_word' id='word_1_459' title='bbox 1771 3287 2040 3343; x_wconf 89' lang='lat' dir='ltr'><strong>immundi</strong></span> 
     </span>
    </p>
   </div>
   <div class='ocr_carea' id='block_1_63' title="bbox 2142 3271 3724 3363">
    <p class='ocr_par' dir='ltr' id='par_1_63' title="bbox 2147 3271 3724 3363">
     <span class='ocr_line' id='line_1_63' title="bbox 2147 3271 3724 3363; baseline -0.006 -17"><span class='ocrx_word' id='word_1_460' title='bbox 2147 3271 2371 3363; x_wconf 77' lang='grc' dir='ltr'>σανίσῃς</span> <span class='ocrx_word' id='word_1_461' title='bbox 2418 3294 2596 3363; x_wconf 73' lang='grc' dir='ltr'>ἡμᾶςς</span> <span class='ocrx_word' id='word_1_462' title='bbox 2639 3311 2659 3345; x_wconf 72' lang='grc' dir='ltr'><strong>ι</strong></span> <span class='ocrx_word' id='word_1_463' title='bbox 2697 3292 2877 3346; x_wconf 82' lang='grc' dir='ltr'>Ἔστω</span> <span class='ocrx_word' id='word_1_464' title='bbox 2898 3290 2992 3344; x_wconf 79' lang='grc' dir='ltr'>οὖν</span> <span class='ocrx_word' id='word_1_465' title='bbox 3014 3292 3091 3360; x_wconf 80' lang='grc' dir='ltr'>μὴ</span> <span class='ocrx_word' id='word_1_466' title='bbox 3134 3288 3331 3342; x_wconf 84' lang='grc' dir='ltr'>εἰδέναι</span> <span class='ocrx_word' id='word_1_467' title='bbox 3374 3285 3539 3339; x_wconf 87' lang='grc' dir='ltr'>αὑτὸν</span> <span class='ocrx_word' id='word_1_468' title='bbox 3586 3283 3724 3337; x_wconf 88' lang='grc' dir='ltr'>Θεὸν</span> 
     </span>
    </p>
   </div>
   <div class='ocr_carea' id='block_1_64' title="bbox 462 3367 2044 3449">
    <p class='ocr_par' dir='ltr' id='par_1_64' title="bbox 462 3367 2044 3449">
     <span class='ocr_line' id='line_1_64' title="bbox 462 3367 2044 3449; baseline 0.011 -30"><span class='ocrx_word' id='word_1_469' title='bbox 462 3367 712 3435; x_wconf 86' lang='lat' dir='ltr'><strong>spiritus,</strong></span> <span class='ocrx_word' id='word_1_470' title='bbox 750 3384 856 3425; x_wconf 88' lang='lat' dir='ltr'><strong>nec</strong></span> <span class='ocrx_word' id='word_1_471' title='bbox 883 3386 1016 3443; x_wconf 84' lang='lat' dir='ltr'><strong>ergo</strong></span> <span class='ocrx_word' id='word_1_472' title='bbox 1041 3373 1240 3444; x_wconf 89' lang='lat' dir='ltr'><strong>aliquis</strong></span> <span class='ocrx_word' id='word_1_473' title='bbox 1270 3376 1415 3431; x_wconf 92' lang='lat' dir='ltr'><strong>inter</strong></span> <span class='ocrx_word' id='word_1_474' title='bbox 1449 3377 1705 3434; x_wconf 88' lang='lat' dir='ltr'><strong>homines</strong></span> <span class='ocrx_word' id='word_1_475' title='bbox 1736 3388 1919 3449; x_wconf 87' lang='lat' dir='ltr'><strong>potest</strong></span> <span class='ocrx_word' id='word_1_476' title='bbox 1955 3381 2044 3437; x_wconf 89' lang='lat' dir='ltr'><strong>di-</strong></span> 
     </span>
    </p>
   </div>
   <div class='ocr_carea' id='block_1_65' title="bbox 464 3461 2043 3542">
    <p class='ocr_par' dir='ltr' id='par_1_65' title="bbox 464 3461 2043 3542">
     <span class='ocr_line' id='line_1_65' title="bbox 464 3461 2043 3542; baseline 0.009 -28"><span class='ocrx_word' id='word_1_477' title='bbox 464 3474 590 3516; x_wconf 88' lang='lat' dir='ltr'><strong>cere</strong></span> <span class='ocrx_word' id='word_1_478' title='bbox 633 3461 926 3518; x_wconf 91' lang='lat' dir='ltr'><strong>Dominum</strong></span> <span class='ocrx_word' id='word_1_479' title='bbox 979 3474 1036 3521; x_wconf 90' lang='lat' dir='ltr'><strong>et</strong></span> <span class='ocrx_word' id='word_1_480' title='bbox 1075 3466 1246 3522; x_wconf 81' lang='lat' dir='ltr'><strong>Deum</strong></span> <span class='ocrx_word' id='word_1_481' title='bbox 1286 3468 1495 3535; x_wconf 84' lang='lat' dir='ltr'><strong>Jesum,</strong></span> <span class='ocrx_word' id='word_1_482' title='bbox 1542 3470 1649 3525; x_wconf 90' lang='lat' dir='ltr'><strong>nisi</strong></span> <span class='ocrx_word' id='word_1_483' title='bbox 1699 3471 1959 3542; x_wconf 90' lang='lat' dir='ltr'><strong>loquatur</strong></span> <span class='ocrx_word' id='word_1_484' title='bbox 1986 3473 2043 3529; x_wconf 88' lang='lat' dir='ltr'><strong>in</strong></span> 
     </span>
    </p>
   </div>
   <div class='ocr_carea' id='block_1_66' title="bbox 464 3551 2045 3632">
    <p class='ocr_par' dir='ltr' id='par_1_66' title="bbox 464 3551 2045 3632">
     <span class='ocr_line' id='line_1_66' title="bbox 464 3551 2045 3632; baseline 0.009 -25"><span class='ocrx_word' id='word_1_485' title='bbox 464 3551 674 3625; x_wconf 87' lang='lat' dir='ltr'><strong>Spiritu</strong></span> <span class='ocrx_word' id='word_1_486' title='bbox 702 3564 913 3623; x_wconf 90' lang='lat' dir='ltr'><strong>sancto,</strong></span> <span class='ocrx_word' id='word_1_487' title='bbox 931 3558 1075 3613; x_wconf 89' lang='lat' dir='ltr'><strong>sicut</strong></span> <span class='ocrx_word' id='word_1_488' title='bbox 1106 3560 1370 3632; x_wconf 85' lang='lat' dir='ltr'><strong>scriptum</strong></span> <span class='ocrx_word' id='word_1_489' title='bbox 1400 3562 1548 3629; x_wconf 58' lang='lat' dir='ltr'><strong>esti,</strong></span> <span class='ocrx_word' id='word_1_490' title='bbox 1579 3584 1597 3616; x_wconf 85' lang='grc' dir='ltr'><strong>ι</strong></span> <span class='ocrx_word' id='word_1_491' title='bbox 1624 3564 1767 3631; x_wconf 86' lang='lat' dir='ltr'><strong>Quid</strong></span> <span class='ocrx_word' id='word_1_492' title='bbox 1800 3582 1933 3621; x_wconf 90' lang='lat' dir='ltr'><strong>vero</strong></span> <span class='ocrx_word' id='word_1_493' title='bbox 1962 3567 2045 3621; x_wconf 87' lang='lat' dir='ltr'><strong>vi-</strong></span> 
     </span>
    </p>
   </div>
   <div class='ocr_carea' id='block_1_67' title="bbox 466 3646 2043 3722">
    <p class='ocr_par' dir='ltr' id='par_1_67' title="bbox 466 3646 2043 3722">
     <span class='ocr_line' id='line_1_67' title="bbox 466 3646 2043 3722; baseline 0.01 -23"><span class='ocrx_word' id='word_1_494' title='bbox 466 3646 634 3701; x_wconf 86' lang='lat' dir='ltr'><strong>detur</strong></span> <span class='ocrx_word' id='word_1_495' title='bbox 671 3647 829 3705; x_wconf 82' lang='lat' dir='ltr'><strong>vobis</strong></span> <span class='ocrx_word' id='word_1_496' title='bbox 863 3650 1090 3722; x_wconf 79' lang='lat' dir='ltr'><strong>dignum</strong></span> <span class='ocrx_word' id='word_1_497' title='bbox 1130 3653 1237 3709; x_wconf 83' lang='lat' dir='ltr'><strong>ﬁde</strong></span> <span class='ocrx_word' id='word_1_498' title='bbox 1266 3654 1376 3711; x_wconf 90' lang='lat' dir='ltr'><strong>dici</strong></span> <span class='ocrx_word' id='word_1_499' title='bbox 1404 3656 1473 3710; x_wconf 90' lang='lat' dir='ltr'><strong>ab</strong></span> <span class='ocrx_word' id='word_1_500' title='bbox 1508 3657 1750 3713; x_wconf 90' lang='lat' dir='ltr'><strong>inimicis</strong></span> <span class='ocrx_word' id='word_1_501' title='bbox 1791 3659 2043 3715; x_wconf 88' lang='lat' dir='ltr'><strong>veritatis</strong></span> 
     </span>
    </p>
   </div>
   <div class='ocr_carea' id='block_1_68' title="bbox 466 3742 2034 3821">
    <p class='ocr_par' dir='ltr' id='par_1_68' title="bbox 466 3742 2034 3821">
     <span class='ocr_line' id='line_1_68' title="bbox 466 3742 2034 3821; baseline 0.007 -27"><span class='ocrx_word' id='word_1_502' title='bbox 466 3753 703 3812; x_wconf 87' lang='lat' dir='ltr'><strong>semper,</strong></span> <span class='ocrx_word' id='word_1_503' title='bbox 724 3742 1067 3801; x_wconf 60' lang='lat' dir='ltr'><strong>daemonibus</strong></span> <span class='ocrx_word' id='word_1_504' title='bbox 1091 3747 1269 3803; x_wconf 90' lang='lat' dir='ltr'><strong>unicis</strong></span> <span class='ocrx_word' id='word_1_505' title='bbox 1287 3757 1345 3805; x_wconf 90' lang='lat' dir='ltr'><strong>et</strong></span> <span class='ocrx_word' id='word_1_506' title='bbox 1364 3750 1642 3821; x_wconf 73' lang='lat' dir='ltr'><strong>magistris</strong></span> <span class='ocrx_word' id='word_1_507' title='bbox 1674 3751 1945 3808; x_wconf 82' lang='lat' dir='ltr'><strong>mendacii</strong></span> <span class='ocrx_word' id='word_1_508' title='bbox 1970 3754 1993 3806; x_wconf 90' lang='lat'><strong>?</strong></span> <span class='ocrx_word' id='word_1_509' title='bbox 2015 3771 2034 3805; x_wconf 76' lang='grc' dir='ltr'><strong>ι</strong></span> 
     </span>
    </p>
   </div>
   <div class='ocr_carea' id='block_1_69' title="bbox 1028 3922 1477 3983">
    <p class='ocr_par' dir='ltr' id='par_1_69' title="bbox 1028 3922 1477 3983">
     <span class='ocr_line' id='line_1_69' title="bbox 1028 3922 1477 3983; baseline 0.007 -3"><span class='ocrx_word' id='word_1_510' title='bbox 1028 3922 1180 3981; x_wconf 81' lang='lat' dir='ltr'><strong>CAP.</strong></span> <span class='ocrx_word' id='word_1_511' title='bbox 1237 3925 1477 3983; x_wconf 79' lang='lat' dir='ltr'><strong>XXVIII.</strong></span> 
     </span>
    </p>
   </div>
   <div class='ocr_carea' id='block_1_70' title="bbox 537 4014 2044 4090">
    <p class='ocr_par' dir='ltr' id='par_1_70' title="bbox 537 4014 2044 4090">
     <span class='ocr_line' id='line_1_70' title="bbox 537 4014 2044 4090; baseline 0.006 -20"><span class='ocrx_word' id='word_1_512' title='bbox 537 4014 595 4070; x_wconf 91' lang='lat' dir='ltr'><strong>Si</strong></span> <span class='ocrx_word' id='word_1_513' title='bbox 624 4030 775 4082; x_wconf 90' lang='lat' dir='ltr'><strong>caro,</strong></span> <span class='ocrx_word' id='word_1_514' title='bbox 805 4032 937 4074; x_wconf 88' lang='lat' dir='ltr'><strong>caro</strong></span> <span class='ocrx_word' id='word_1_515' title='bbox 960 4027 1047 4074; x_wconf 89' lang='lat' dir='ltr'><strong>est</strong></span> <span class='ocrx_word' id='word_1_516' title='bbox 1084 4027 1141 4075; x_wconf 88' lang='lat' dir='ltr'><strong>et</strong></span> <span class='ocrx_word' id='word_1_517' title='bbox 1180 4035 1290 4076; x_wconf 95' lang='lat' dir='ltr'><strong>non</strong></span> <span class='ocrx_word' id='word_1_518' title='bbox 1328 4021 1608 4090; x_wconf 89' lang='lat' dir='ltr'><strong>divinitas,</strong></span> <span class='ocrx_word' id='word_1_519' title='bbox 1653 4038 1779 4078; x_wconf 91' lang='lat' dir='ltr'><strong>cum</strong></span> <span class='ocrx_word' id='word_1_520' title='bbox 1823 4040 1932 4080; x_wconf 91' lang='lat' dir='ltr'><strong>non</strong></span> <span class='ocrx_word' id='word_1_521' title='bbox 1972 4024 2044 4081; x_wconf 90' lang='lat' dir='ltr'><strong>sit</strong></span> 
     </span>
    </p>
   </div>
   <div class='ocr_carea' id='block_1_71' title="bbox 466 4104 2045 4187">
    <p class='ocr_par' dir='ltr' id='par_1_71' title="bbox 466 4104 2045 4187">
     <span class='ocr_line' id='line_1_71' title="bbox 466 4104 2045 4187; baseline 0.007 -27"><span class='ocrx_word' id='word_1_522' title='bbox 466 4104 727 4162; x_wconf 91' lang='lat' dir='ltr'><strong>divinitas</strong></span> <span class='ocrx_word' id='word_1_523' title='bbox 754 4123 1023 4166; x_wconf 85' lang='lat' dir='ltr'><strong>conversa</strong></span> <span class='ocrx_word' id='word_1_524' title='bbox 1055 4111 1108 4167; x_wconf 90' lang='lat' dir='ltr'><strong>in</strong></span> <span class='ocrx_word' id='word_1_525' title='bbox 1134 4127 1381 4179; x_wconf 87' lang='lat' dir='ltr'><strong>carnem,</strong></span> <span class='ocrx_word' id='word_1_526' title='bbox 1414 4130 1517 4170; x_wconf 93' lang='lat' dir='ltr'><strong>nec</strong></span> <span class='ocrx_word' id='word_1_527' title='bbox 1559 4115 1761 4170; x_wconf 91' lang='lat' dir='ltr'><strong>iterum</strong></span> <span class='ocrx_word' id='word_1_528' title='bbox 1805 4117 2045 4187; x_wconf 89' lang='lat' dir='ltr'><strong>complet</strong></span> 
     </span>
    </p>
   </div>
   <div class='ocr_carea' id='block_1_72' title="bbox 466 4197 2040 4275">
    <p class='ocr_par' dir='ltr' id='par_1_72' title="bbox 466 4197 2040 4275">
     <span class='ocr_line' id='line_1_72' title="bbox 466 4197 2040 4275; baseline 0.008 -25"><span class='ocrx_word' id='word_1_529' title='bbox 466 4197 831 4253; x_wconf 89' lang='lat' dir='ltr'><strong>substantiam</strong></span> <span class='ocrx_word' id='word_1_530' title='bbox 888 4201 1102 4267; x_wconf 87' lang='lat' dir='ltr'><strong>carnis,</strong></span> <span class='ocrx_word' id='word_1_531' title='bbox 1159 4203 1439 4273; x_wconf 91' lang='lat' dir='ltr'><strong>quomodo</strong></span> <span class='ocrx_word' id='word_1_532' title='bbox 1505 4215 1730 4275; x_wconf 89' lang='lat' dir='ltr'><strong>propter</strong></span> <span class='ocrx_word' id='word_1_533' title='bbox 1790 4207 2040 4263; x_wconf 87' lang='lat' dir='ltr'><strong>eamdem</strong></span> 
     </span>
    </p>
   </div>
   <div class='ocr_carea' id='block_1_73' title="bbox 465 4295 2042 4359">
    <p class='ocr_par' dir='ltr' id='par_1_73' title="bbox 465 4295 2042 4359">
     <span class='ocr_line' id='line_1_73' title="bbox 465 4295 2042 4359; baseline 0.005 -10"><span class='ocrx_word' id='word_1_534' title='bbox 465 4309 686 4349; x_wconf 88' lang='lat' dir='ltr'><strong>causam</strong></span> <span class='ocrx_word' id='word_1_535' title='bbox 716 4334 730 4359; x_wconf 96' lang='lat'><strong>,</strong></span> <span class='ocrx_word' id='word_1_536' title='bbox 767 4310 878 4350; x_wconf 93' lang='lat' dir='ltr'><strong>non</strong></span> <span class='ocrx_word' id='word_1_537' title='bbox 901 4295 1067 4351; x_wconf 90' lang='lat' dir='ltr'><strong>homo</strong></span> <span class='ocrx_word' id='word_1_538' title='bbox 1090 4304 1177 4353; x_wconf 82' lang='lat' dir='ltr'><strong>est</strong></span> <span class='ocrx_word' id='word_1_539' title='bbox 1200 4306 1256 4353; x_wconf 91' lang='lat' dir='ltr'><strong>et</strong></span> <span class='ocrx_word' id='word_1_540' title='bbox 1279 4314 1388 4353; x_wconf 93' lang='lat' dir='ltr'><strong>non</strong></span> <span class='ocrx_word' id='word_1_541' title='bbox 1417 4298 1725 4356; x_wconf 83' lang='lat' dir='ltr'><strong>divinitas?</strong></span> <span class='ocrx_word' id='word_1_542' title='bbox 1750 4300 1884 4356; x_wconf 84' lang='lat' dir='ltr'><strong>Nam</strong></span> <span class='ocrx_word' id='word_1_543' title='bbox 1914 4316 2042 4357; x_wconf 91' lang='lat' dir='ltr'><strong>vere</strong></span> 
     </span>
    </p>
   </div>
   <div class='ocr_carea' id='block_1_74' title="bbox 464 4384 2045 4453">
    <p class='ocr_par' dir='ltr' id='par_1_74' title="bbox 464 4384 2045 4453">
     <span class='ocr_line' id='line_1_74' title="bbox 464 4384 2045 4453; baseline 0.004 -15"><span class='ocrx_word' id='word_1_544' title='bbox 464 4393 659 4439; x_wconf 92' lang='lat' dir='ltr'><strong>natura</strong></span> <span class='ocrx_word' id='word_1_545' title='bbox 686 4384 869 4441; x_wconf 88' lang='lat' dir='ltr'><strong>carnis</strong></span> <span class='ocrx_word' id='word_1_546' title='bbox 898 4394 983 4441; x_wconf 89' lang='lat' dir='ltr'><strong>est</strong></span> <span class='ocrx_word' id='word_1_547' title='bbox 1001 4387 1262 4453; x_wconf 91' lang='lat' dir='ltr'><strong>carnalis,</strong></span> <span class='ocrx_word' id='word_1_548' title='bbox 1288 4396 1344 4442; x_wconf 93' lang='lat' dir='ltr'><strong>et</strong></span> <span class='ocrx_word' id='word_1_549' title='bbox 1377 4395 1573 4443; x_wconf 90' lang='lat' dir='ltr'><strong>natura</strong></span> <span class='ocrx_word' id='word_1_550' title='bbox 1595 4388 1957 4447; x_wconf 86' lang='lat' dir='ltr'><strong>humanitatis</strong></span> <span class='ocrx_word' id='word_1_551' title='bbox 1982 4398 2045 4445; x_wconf 92' lang='lat' dir='ltr'><strong>ut</strong></span> 
     </span>
    </p>
   </div>
   <div class='ocr_carea' id='block_1_75' title="bbox 465 4476 2042 4554">
    <p class='ocr_par' dir='ltr' id='par_1_75' title="bbox 465 4476 2042 4554">
     <span class='ocr_line' id='line_1_75' title="bbox 465 4476 2042 4554; baseline 0.004 -24"><span class='ocrx_word' id='word_1_552' title='bbox 465 4476 720 4531; x_wconf 73' lang='lat' dir='ltr'><strong>humanae</strong></span> <span class='ocrx_word' id='word_1_553' title='bbox 771 4484 856 4532; x_wconf 89' lang='lat' dir='ltr'><strong>est</strong></span> <span class='ocrx_word' id='word_1_554' title='bbox 899 4476 1162 4543; x_wconf 89' lang='lat' dir='ltr'><strong>humana,</strong></span> <span class='ocrx_word' id='word_1_555' title='bbox 1208 4478 1307 4534; x_wconf 90' lang='lat' dir='ltr'><strong>sed</strong></span> <span class='ocrx_word' id='word_1_556' title='bbox 1351 4494 1462 4534; x_wconf 90' lang='lat' dir='ltr'><strong>non</strong></span> <span class='ocrx_word' id='word_1_557' title='bbox 1506 4480 1624 4537; x_wconf 60' lang='lat' dir='ltr'><strong>hac</strong></span> <span class='ocrx_word' id='word_1_558' title='bbox 1656 4482 1879 4552; x_wconf 83' lang='lat' dir='ltr'><strong>propria</strong></span> <span class='ocrx_word' id='word_1_559' title='bbox 1939 4482 2042 4554; x_wconf 84' lang='lat' dir='ltr'><strong>hy-</strong></span> 
     </span>
    </p>
   </div>
   <div class='ocr_carea' id='block_1_76' title="bbox 2142 3374 3725 3455">
    <p class='ocr_par' dir='ltr' id='par_1_76' title="bbox 2142 3374 3725 3455">
     <span class='ocr_line' id='line_1_76' title="bbox 2142 3374 3725 3455; baseline -0.008 -18"><span class='ocrx_word' id='word_1_560' title='bbox 2142 3382 2212 3437; x_wconf 84' lang='grc' dir='ltr'><strong>τά</strong></span> <span class='ocrx_word' id='word_1_561' title='bbox 2246 3383 2538 3455; x_wconf 86' lang='grc' dir='ltr'>ἀκάθαρτα</span> <span class='ocrx_word' id='word_1_562' title='bbox 2596 3382 2921 3453; x_wconf 85' lang='grc' dir='ltr'>πνεύματα·</span> <span class='ocrx_word' id='word_1_563' title='bbox 2965 3378 3088 3433; x_wconf 83' lang='grc' dir='ltr'>οὑδὲ</span> <span class='ocrx_word' id='word_1_564' title='bbox 3130 3377 3239 3448; x_wconf 87' lang='grc' dir='ltr'><strong>γὰρ</strong></span> <span class='ocrx_word' id='word_1_565' title='bbox 3280 3376 3390 3431; x_wconf 78' lang='grc' dir='ltr'><strong>τῶν</strong></span> <span class='ocrx_word' id='word_1_566' title='bbox 3418 3374 3725 3445; x_wconf 79' lang='grc' dir='ltr'>ἀνθρώπων</span> 
     </span>
    </p>
   </div>
   <div class='ocr_carea' id='block_1_77' title="bbox 2142 3468 3722 3548">
    <p class='ocr_par' dir='ltr' id='par_1_77' title="bbox 2142 3468 3722 3548">
     <span class='ocr_line' id='line_1_77' title="bbox 2142 3468 3722 3548; baseline -0.007 -16"><span class='ocrx_word' id='word_1_567' title='bbox 2142 3496 2225 3543; x_wconf 87' lang='grc' dir='ltr'><strong>τις</strong></span> <span class='ocrx_word' id='word_1_568' title='bbox 2251 3479 2478 3533; x_wconf 87' lang='grc' dir='ltr'>δύναται</span> <span class='ocrx_word' id='word_1_569' title='bbox 2518 3480 2693 3532; x_wconf 84' lang='grc' dir='ltr'>εἰπεῖν</span> <span class='ocrx_word' id='word_1_570' title='bbox 2731 3476 2941 3548; x_wconf 83' lang='grc' dir='ltr'>Κύριον</span> <span class='ocrx_word' id='word_1_571' title='bbox 2987 3476 3165 3529; x_wconf 82' lang='grc' dir='ltr'>εἰτουν</span> <span class='ocrx_word' id='word_1_572' title='bbox 3193 3472 3331 3526; x_wconf 86' lang='grc' dir='ltr'>Θεὸν</span> <span class='ocrx_word' id='word_1_573' title='bbox 3358 3473 3450 3525; x_wconf 87' lang='grc' dir='ltr'><strong>τὸν</strong></span> <span class='ocrx_word' id='word_1_574' title='bbox 3488 3468 3722 3540; x_wconf 78' lang='grc' dir='ltr'>Ἰησοῦν.</span> 
     </span>
    </p>
   </div>
   <div class='ocr_carea' id='block_1_78' title="bbox 2142 3561 3721 3642">
    <p class='ocr_par' dir='ltr' id='par_1_78' title="bbox 2142 3561 3721 3642">
     <span class='ocr_line' id='line_1_78' title="bbox 2142 3561 3721 3642; baseline -0.008 -16"><span class='ocrx_word' id='word_1_575' title='bbox 2142 3573 2192 3626; x_wconf 86' lang='grc' dir='ltr'><strong>εἰ</strong></span> <span class='ocrx_word' id='word_1_576' title='bbox 2237 3570 2314 3642; x_wconf 82' lang='grc' dir='ltr'>μὴ</span> <span class='ocrx_word' id='word_1_577' title='bbox 2353 3573 2411 3623; x_wconf 82' lang='grc' dir='ltr'>ἐν</span> <span class='ocrx_word' id='word_1_578' title='bbox 2445 3570 2726 3640; x_wconf 78' lang='grc' dir='ltr'>Πνεύματι</span> <span class='ocrx_word' id='word_1_579' title='bbox 2760 3568 2901 3639; x_wconf 84' lang='grc' dir='ltr'>ἁγίῳ</span> <span class='ocrx_word' id='word_1_580' title='bbox 2933 3566 3105 3633; x_wconf 77' lang='grc' dir='ltr'>λαλεῖ,</span> <span class='ocrx_word' id='word_1_581' title='bbox 3145 3563 3333 3627; x_wconf 84' lang='grc' dir='ltr'>καθὼς</span> <span class='ocrx_word' id='word_1_582' title='bbox 3376 3561 3721 3634; x_wconf 75' lang='grc' dir='ltr'>γέγραπταιο</span> 
     </span>
    </p>
   </div>
   <div class='ocr_carea' id='block_1_79' title="bbox 2148 3652 3726 3733">
    <p class='ocr_par' dir='ltr' id='par_1_79' title="bbox 2148 3652 3726 3733">
     <span class='ocr_line' id='line_1_79' title="bbox 2148 3652 3726 3733; baseline -0.007 -16"><span class='ocrx_word' id='word_1_583' title='bbox 2148 3681 2169 3717; x_wconf 79' lang='grc' dir='ltr'><strong>ι</strong></span> <span class='ocrx_word' id='word_1_584' title='bbox 2201 3664 2266 3717; x_wconf 89' lang='grc' dir='ltr'>Τί</span> <span class='ocrx_word' id='word_1_585' title='bbox 2294 3662 2386 3717; x_wconf 75' lang='grc' dir='ltr'>οὖν</span> <span class='ocrx_word' id='word_1_586' title='bbox 2438 3664 2568 3733; x_wconf 82' lang='grc' dir='ltr'>ὑμῖν</span> <span class='ocrx_word' id='word_1_587' title='bbox 2598 3662 2926 3728; x_wconf 76' lang='grc' dir='ltr'>ἀξιοπίστως</span> <span class='ocrx_word' id='word_1_588' title='bbox 2966 3656 3220 3729; x_wconf 84' lang='grc' dir='ltr'>εἰρῆσθαι</span> <span class='ocrx_word' id='word_1_589' title='bbox 3271 3656 3419 3709; x_wconf 82' lang='grc' dir='ltr'>δοκεῖ</span> <span class='ocrx_word' id='word_1_590' title='bbox 3456 3654 3561 3708; x_wconf 82' lang='grc' dir='ltr'><strong>ὑπὸ</strong></span> <span class='ocrx_word' id='word_1_591' title='bbox 3613 3652 3726 3707; x_wconf 81' lang='grc' dir='ltr'><strong>τῶν</strong></span> 
     </span>
    </p>
   </div>
   <div class='ocr_carea' id='block_1_80' title="bbox 2142 3746 3726 3828">
    <p class='ocr_par' dir='ltr' id='par_1_80' title="bbox 2142 3746 3726 3828">
     <span class='ocr_line' id='line_1_80' title="bbox 2142 3746 3726 3828; baseline -0.006 -17"><span class='ocrx_word' id='word_1_592' title='bbox 2142 3756 2355 3828; x_wconf 73' lang='grc' dir='ltr'>ἐχθρῶν</span> <span class='ocrx_word' id='word_1_593' title='bbox 2404 3774 2465 3810; x_wconf 91' lang='grc' dir='ltr'><strong>τε</strong></span> <span class='ocrx_word' id='word_1_594' title='bbox 2502 3758 2605 3827; x_wconf 81' lang='grc' dir='ltr'>τῆς</span> <span class='ocrx_word' id='word_1_595' title='bbox 2646 3754 2909 3825; x_wconf 82' lang='grc' dir='ltr'>ἀληθείας</span> <span class='ocrx_word' id='word_1_596' title='bbox 2960 3754 3067 3818; x_wconf 71' lang='grc' dir='ltr'>ἀεὶ,</span> <span class='ocrx_word' id='word_1_597' title='bbox 3118 3750 3214 3805; x_wconf 82' lang='grc' dir='ltr'><strong>καί</strong></span> <span class='ocrx_word' id='word_1_598' title='bbox 3243 3747 3412 3820; x_wconf 87' lang='grc' dir='ltr'>φίλων</span> <span class='ocrx_word' id='word_1_599' title='bbox 3448 3748 3541 3802; x_wconf 77' lang='grc' dir='ltr'>καὶ</span> <span class='ocrx_word' id='word_1_600' title='bbox 3577 3746 3726 3802; x_wconf 88' lang='grc' dir='ltr'>διδα-</span> 
     </span>
    </p>
   </div>
   <div class='ocr_carea' id='block_1_81' title="bbox 2144 3845 3134 3918">
    <p class='ocr_par' dir='ltr' id='par_1_81' title="bbox 2144 3845 3134 3918">
     <span class='ocr_line' id='line_1_81' title="bbox 2144 3845 3134 3918; baseline -0.008 -15"><span class='ocrx_word' id='word_1_601' title='bbox 2144 3849 2359 3904; x_wconf 82' lang='grc' dir='ltr'>σκάλων</span> <span class='ocrx_word' id='word_1_602' title='bbox 2386 3848 2480 3903; x_wconf 87' lang='grc' dir='ltr'><strong>τοῦ</strong></span> <span class='ocrx_word' id='word_1_603' title='bbox 2509 3847 2737 3918; x_wconf 76' lang='grc' dir='ltr'>ψεύδους</span> <span class='ocrx_word' id='word_1_604' title='bbox 2757 3845 3077 3916; x_wconf 76' lang='grc' dir='ltr'>δαιμονίων;</span> <span class='ocrx_word' id='word_1_605' title='bbox 3113 3861 3134 3895; x_wconf 73' lang='grc' dir='ltr'><strong>ι</strong></span> 
     </span>
    </p>
   </div>
   <div class='ocr_carea' id='block_1_82' title="bbox 2722 3938 3149 3994">
    <p class='ocr_par' dir='ltr' id='par_1_82' title="bbox 2722 3938 3149 3994">
     <span class='ocr_line' id='line_1_82' title="bbox 2722 3938 3149 3994; baseline -0.012 0"><span class='ocrx_word' id='word_1_606' title='bbox 2722 3939 2971 3994; x_wconf 78' lang='grc' dir='ltr'><strong>ΚΕΦΑΛ.</strong></span> <span class='ocrx_word' id='word_1_607' title='bbox 3012 3938 3149 3990; x_wconf 80' lang='lat' dir='ltr'><strong>KH&#39;.</strong></span> 
     </span>
    </p>
   </div>
   <div class='ocr_carea' id='block_1_83' title="bbox 2214 4028 3726 4107">
    <p class='ocr_par' dir='ltr' id='par_1_83' title="bbox 2214 4028 3726 4107">
     <span class='ocr_line' id='line_1_83' title="bbox 2214 4028 3726 4107; baseline -0.004 -20"><span class='ocrx_word' id='word_1_608' title='bbox 2214 4034 2278 4089; x_wconf 85' lang='grc' dir='ltr'>Εἰ</span> <span class='ocrx_word' id='word_1_609' title='bbox 2315 4037 2348 4107; x_wconf 80' lang='grc' dir='ltr'>ἠ</span> <span class='ocrx_word' id='word_1_610' title='bbox 2399 4034 2558 4105; x_wconf 64' lang='grc' dir='ltr'>σὰρξ,</span> <span class='ocrx_word' id='word_1_611' title='bbox 2607 4032 2745 4100; x_wconf 89' lang='grc' dir='ltr'>σάρξ</span> <span class='ocrx_word' id='word_1_612' title='bbox 2776 4034 2893 4086; x_wconf 77' lang='grc' dir='ltr'>ἐστι</span> <span class='ocrx_word' id='word_1_613' title='bbox 2940 4031 3034 4085; x_wconf 76' lang='grc' dir='ltr'>καὶ</span> <span class='ocrx_word' id='word_1_614' title='bbox 3066 4032 3127 4085; x_wconf 84' lang='grc' dir='ltr'>οὐ</span> <span class='ocrx_word' id='word_1_615' title='bbox 3170 4029 3383 4101; x_wconf 77' lang='grc' dir='ltr'>θεότης,</span> <span class='ocrx_word' id='word_1_616' title='bbox 3413 4028 3536 4083; x_wconf 73' lang='grc' dir='ltr'>ἐπεὶ</span> <span class='ocrx_word' id='word_1_617' title='bbox 3585 4028 3726 4099; x_wconf 69' lang='grc' dir='ltr'>μηδὲ</span> 
     </span>
    </p>
   </div>
   <div class='ocr_carea' id='block_1_84' title="bbox 2142 4119 3727 4196">
    <p class='ocr_par' dir='ltr' id='par_1_84' title="bbox 2142 4119 3727 4196">
     <span class='ocr_line' id='line_1_84' title="bbox 2142 4119 3727 4196; baseline -0.004 -17"><span class='ocrx_word' id='word_1_618' title='bbox 2142 4125 2359 4196; x_wconf 69' lang='grc' dir='ltr'>ἐτράπη</span> <span class='ocrx_word' id='word_1_619' title='bbox 2401 4126 2433 4195; x_wconf 81' lang='grc' dir='ltr'>ἡ</span> <span class='ocrx_word' id='word_1_620' title='bbox 2479 4124 2672 4193; x_wconf 88' lang='grc' dir='ltr'>θεότης</span> <span class='ocrx_word' id='word_1_621' title='bbox 2707 4123 2788 4186; x_wconf 88' lang='grc' dir='ltr'><strong>είς</strong></span> <span class='ocrx_word' id='word_1_622' title='bbox 2835 4122 3033 4192; x_wconf 84' lang='grc' dir='ltr'>σάρκα,</span> <span class='ocrx_word' id='word_1_623' title='bbox 3086 4119 3222 4191; x_wconf 83' lang='grc' dir='ltr'>μηδὲ</span> <span class='ocrx_word' id='word_1_624' title='bbox 3282 4119 3448 4173; x_wconf 81' lang='grc' dir='ltr'>πάλιν</span> <span class='ocrx_word' id='word_1_625' title='bbox 3493 4135 3727 4173; x_wconf 82' lang='grc' dir='ltr'>συνανα-</span> 
     </span>
    </p>
   </div>
   <div class='ocr_carea' id='block_1_85' title="bbox 2143 4209 3726 4287">
    <p class='ocr_par' dir='ltr' id='par_1_85' title="bbox 2143 4209 3726 4287">
     <span class='ocr_line' id='line_1_85' title="bbox 2143 4209 3726 4287; baseline -0.003 -19"><span class='ocrx_word' id='word_1_626' title='bbox 2143 4214 2345 4287; x_wconf 86' lang='grc' dir='ltr'>πληροῖ</span> <span class='ocrx_word' id='word_1_627' title='bbox 2386 4217 2487 4286; x_wconf 83' lang='grc' dir='ltr'>τὴν</span> <span class='ocrx_word' id='word_1_628' title='bbox 2532 4214 2721 4268; x_wconf 81' lang='grc' dir='ltr'>οὐσίαν</span> <span class='ocrx_word' id='word_1_629' title='bbox 2767 4213 2865 4283; x_wconf 86' lang='grc' dir='ltr'><strong>τῆς</strong></span> <span class='ocrx_word' id='word_1_630' title='bbox 2914 4212 3139 4283; x_wconf 90' lang='grc' dir='ltr'>σαρκὸς,</span> <span class='ocrx_word' id='word_1_631' title='bbox 3175 4212 3291 4274; x_wconf 84' lang='grc' dir='ltr'><strong>πῶς</strong></span> <span class='ocrx_word' id='word_1_632' title='bbox 3314 4209 3403 4265; x_wconf 81' lang='grc' dir='ltr'><strong>διὰ</strong></span> <span class='ocrx_word' id='word_1_633' title='bbox 3425 4211 3523 4282; x_wconf 78' lang='grc' dir='ltr'>τὴν</span> <span class='ocrx_word' id='word_1_634' title='bbox 3548 4211 3726 4279; x_wconf 75' lang='grc' dir='ltr'>αὑτὴν</span> 
     </span>
    </p>
   </div>
   <div class='ocr_carea' id='block_1_86' title="bbox 2143 4302 3724 4379">
    <p class='ocr_par' dir='ltr' id='par_1_86' title="bbox 2143 4302 3724 4379">
     <span class='ocr_line' id='line_1_86' title="bbox 2143 4302 3724 4379; baseline -0.003 -17"><span class='ocrx_word' id='word_1_635' title='bbox 2143 4308 2344 4371; x_wconf 87' lang='grc' dir='ltr'>αἰτίαν,</span> <span class='ocrx_word' id='word_1_636' title='bbox 2382 4306 2504 4379; x_wconf 80' lang='grc' dir='ltr'>οὑχὶ</span> <span class='ocrx_word' id='word_1_637' title='bbox 2555 4306 2652 4360; x_wconf 82' lang='grc' dir='ltr'>καὶ</span> <span class='ocrx_word' id='word_1_638' title='bbox 2696 4307 2723 4360; x_wconf 84' lang='grc' dir='ltr'><strong>ό</strong></span> <span class='ocrx_word' id='word_1_639' title='bbox 2768 4305 3055 4377; x_wconf 76' lang='grc' dir='ltr'>ἄνθρωπός</span> <span class='ocrx_word' id='word_1_640' title='bbox 3094 4306 3213 4358; x_wconf 75' lang='grc' dir='ltr'>ἐστι</span> <span class='ocrx_word' id='word_1_641' title='bbox 3261 4306 3358 4358; x_wconf 64' lang='grc' dir='ltr'><strong>καὶ⁵</strong></span> <span class='ocrx_word' id='word_1_642' title='bbox 3394 4303 3455 4358; x_wconf 87' lang='grc' dir='ltr'><strong>οὑ</strong></span> <span class='ocrx_word' id='word_1_643' title='bbox 3496 4302 3724 4375; x_wconf 85' lang='grc' dir='ltr'>θεότης;</span> 
     </span>
    </p>
   </div>
   <div class='ocr_carea' id='block_1_87' title="bbox 2143 4394 3729 4470">
    <p class='ocr_par' dir='ltr' id='par_1_87' title="bbox 2143 4394 3729 4470">
     <span class='ocr_line' id='line_1_87' title="bbox 2143 4394 3729 4470; baseline -0.003 -16"><span class='ocrx_word' id='word_1_644' title='bbox 2143 4400 2256 4455; x_wconf 75' lang='grc' dir='ltr'><strong>Καὶ</strong></span> <span class='ocrx_word' id='word_1_645' title='bbox 2302 4399 2411 4470; x_wconf 86' lang='grc' dir='ltr'><strong>γάρ</strong></span> <span class='ocrx_word' id='word_1_646' title='bbox 2455 4398 2670 4467; x_wconf 83' lang='grc' dir='ltr'>ἀληθῶς</span> <span class='ocrx_word' id='word_1_647' title='bbox 2710 4396 2746 4467; x_wconf 78' lang='grc' dir='ltr'>ἦ</span> <span class='ocrx_word' id='word_1_648' title='bbox 2806 4413 2864 4450; x_wconf 88' lang='grc' dir='ltr'><strong>τε</strong></span> <span class='ocrx_word' id='word_1_649' title='bbox 2900 4398 2999 4466; x_wconf 77' lang='grc' dir='ltr'>τῆς</span> <span class='ocrx_word' id='word_1_650' title='bbox 3048 4394 3269 4466; x_wconf 86' lang='grc' dir='ltr'>σαρκὸς,</span> <span class='ocrx_word' id='word_1_651' title='bbox 3317 4395 3552 4466; x_wconf 85' lang='grc' dir='ltr'>σαρκική</span> <span class='ocrx_word' id='word_1_652' title='bbox 3604 4395 3729 4449; x_wconf 64' lang='grc' dir='ltr'>ἐστι</span> 
     </span>
    </p>
   </div>
   <div class='ocr_carea' id='block_1_88' title="bbox 2144 4485 3728 4560">
    <p class='ocr_par' dir='ltr' id='par_1_88' title="bbox 2144 4485 3728 4560">
     <span class='ocr_line' id='line_1_88' title="bbox 2144 4485 3728 4560; baseline -0.002 -17"><span class='ocrx_word' id='word_1_653' title='bbox 2144 4490 2305 4558; x_wconf 85' lang='grc' dir='ltr'>φύσις</span> <span class='ocrx_word' id='word_1_654' title='bbox 2327 4507 2343 4523; x_wconf 78' lang='grc' dir='ltr'><strong>ο</strong></span> <span class='ocrx_word' id='word_1_655' title='bbox 2367 4489 2402 4560; x_wconf 81' lang='grc' dir='ltr'><strong>ἥ</strong></span> <span class='ocrx_word' id='word_1_656' title='bbox 2433 4506 2492 4541; x_wconf 90' lang='grc' dir='ltr'><strong>τε</strong></span> <span class='ocrx_word' id='word_1_657' title='bbox 2520 4488 2624 4559; x_wconf 80' lang='grc' dir='ltr'>τῆς</span> <span class='ocrx_word' id='word_1_658' title='bbox 2658 4487 3078 4559; x_wconf 88' lang='grc' dir='ltr'>ἀνθρωπότητος</span> <span class='ocrx_word' id='word_1_659' title='bbox 3113 4486 3188 4550; x_wconf 86' lang='grc' dir='ltr'><strong>ὡς</strong></span> <span class='ocrx_word' id='word_1_660' title='bbox 3214 4485 3583 4557; x_wconf 83' lang='grc' dir='ltr'>ἀνθρωπείας,</span> <span class='ocrx_word' id='word_1_661' title='bbox 3623 4486 3728 4540; x_wconf 76' lang='grc' dir='ltr'>ἀν·</span> 
     </span>
    </p>
   </div>
   <div class='ocr_carea' id='block_1_89' title="bbox 464 4560 2040 4653">
    <p class='ocr_par' dir='ltr' id='par_1_89' title="bbox 464 4567 2040 4643">
     <span class='ocr_line' id='line_1_89' title="bbox 464 4567 2040 4643; baseline 0.004 -22"><span class='ocrx_word' id='word_1_662' title='bbox 464 4567 730 4637; x_wconf 84' lang='lat' dir='ltr'><strong>postasis,</strong></span> <span class='ocrx_word' id='word_1_663' title='bbox 763 4582 867 4623; x_wconf 92' lang='lat' dir='ltr'><strong>nec</strong></span> <span class='ocrx_word' id='word_1_664' title='bbox 895 4568 1105 4637; x_wconf 91' lang='lat' dir='ltr'><strong>aliquid</strong></span> <span class='ocrx_word' id='word_1_665' title='bbox 1136 4570 1335 4625; x_wconf 89' lang='lat' dir='ltr'><strong>horum</strong></span> <span class='ocrx_word' id='word_1_666' title='bbox 1364 4570 1418 4623; x_wconf 87' lang='lat' dir='ltr'><strong>in</strong></span> <span class='ocrx_word' id='word_1_667' title='bbox 1447 4569 1668 4627; x_wconf 87' lang='lat' dir='ltr'><strong>Christo</strong></span> <span class='ocrx_word' id='word_1_668' title='bbox 1698 4581 1782 4627; x_wconf 89' lang='lat' dir='ltr'><strong>est</strong></span> <span class='ocrx_word' id='word_1_669' title='bbox 1819 4588 2040 4643; x_wconf 87' lang='lat' dir='ltr'><strong>separa-</strong></span> 
     </span>
    </p>
   </div>
   <div class='ocr_carea' id='block_1_90' title="bbox 2142 4560 3729 4653">
    <p class='ocr_par' dir='ltr' id='par_1_90' title="bbox 2142 4577 3729 4653">
     <span class='ocr_line' id='line_1_90' title="bbox 2142 4577 3729 4653; baseline -0.001 -19"><span class='ocrx_word' id='word_1_670' title='bbox 2142 4581 2390 4653; x_wconf 88' lang='grc' dir='ltr'>θρωπεία</span> <span class='ocrx_word' id='word_1_671' title='bbox 2444 4580 2560 4633; x_wconf 75' lang='grc' dir='ltr'>ἐστὶ</span> <span class='ocrx_word' id='word_1_672' title='bbox 2632 4580 2827 4648; x_wconf 78' lang='grc' dir='ltr'>φύσιςο</span> <span class='ocrx_word' id='word_1_673' title='bbox 2871 4578 2988 4633; x_wconf 85' lang='grc' dir='ltr'>ἀλλ’</span> <span class='ocrx_word' id='word_1_674' title='bbox 3034 4580 3133 4650; x_wconf 87' lang='grc' dir='ltr'><strong>οὑχ</strong></span> <span class='ocrx_word' id='word_1_675' title='bbox 3174 4578 3501 4642; x_wconf 86' lang='grc' dir='ltr'>ὑποστάσεις</span> <span class='ocrx_word' id='word_1_676' title='bbox 3544 4577 3729 4633; x_wconf 84' lang='grc' dir='ltr'>ταῦτα</span> 
     </span>
    </p>
   </div>
   <div class='ocr_carea' id='block_1_91' title="bbox 464 4662 2038 4723">
    <p class='ocr_par' dir='ltr' id='par_1_91' title="bbox 464 4662 2038 4723">
     <span class='ocr_line' id='line_1_91' title="bbox 464 4662 2038 4723; baseline 0.003 -6"><span class='ocrx_word' id='word_1_677' title='bbox 464 4662 565 4718; x_wconf 88' lang='lat' dir='ltr'><strong>tim</strong></span> <span class='ocrx_word' id='word_1_678' title='bbox 597 4662 669 4718; x_wconf 85' lang='lat' dir='ltr'><strong>ab</strong></span> <span class='ocrx_word' id='word_1_679' title='bbox 714 4662 892 4717; x_wconf 88' lang='lat' dir='ltr'><strong>altero</strong></span> <span class='ocrx_word' id='word_1_680' title='bbox 933 4662 1290 4719; x_wconf 83' lang='lat' dir='ltr'><strong>submissum.</strong></span> <span class='ocrx_word' id='word_1_681' title='bbox 1331 4663 1467 4719; x_wconf 89' lang='lat' dir='ltr'><strong>Nam</strong></span> <span class='ocrx_word' id='word_1_682' title='bbox 1517 4666 1572 4720; x_wconf 90' lang='lat' dir='ltr'><strong>in</strong></span> <span class='ocrx_word' id='word_1_683' title='bbox 1614 4666 1739 4722; x_wconf 89' lang='lat' dir='ltr'><strong>aliis</strong></span> <span class='ocrx_word' id='word_1_684' title='bbox 1779 4667 2038 4723; x_wconf 91' lang='lat' dir='ltr'><strong>omnibus</strong></span> 
     </span>
    </p>
   </div>
   <div class='ocr_carea' id='block_1_92' title="bbox 466 4754 2037 4826">
    <p class='ocr_par' dir='ltr' id='par_1_92' title="bbox 466 4754 2037 4826">
     <span class='ocr_line' id='line_1_92' title="bbox 466 4754 2037 4826; baseline 0.001 -16"><span class='ocrx_word' id='word_1_685' title='bbox 466 4754 791 4824; x_wconf 87' lang='lat' dir='ltr'><strong>simpliciter</strong></span> <span class='ocrx_word' id='word_1_686' title='bbox 831 4754 1154 4810; x_wconf 90' lang='lat' dir='ltr'><strong>hominibus</strong></span> <span class='ocrx_word' id='word_1_687' title='bbox 1181 4770 1291 4810; x_wconf 92' lang='lat' dir='ltr'><strong>non</strong></span> <span class='ocrx_word' id='word_1_688' title='bbox 1318 4756 1643 4826; x_wconf 86' lang='lat' dir='ltr'><strong>simpliciter</strong></span> <span class='ocrx_word' id='word_1_689' title='bbox 1672 4757 1912 4813; x_wconf 89' lang='lat' dir='ltr'><strong>hominis</strong></span> <span class='ocrx_word' id='word_1_690' title='bbox 1940 4774 2037 4812; x_wconf 83' lang='lat' dir='ltr'><strong>na-</strong></span> 
     </span>
    </p>
   </div>
   <div class='ocr_carea' id='block_1_93' title="bbox 465 4847 2032 4920">
    <p class='ocr_par' dir='ltr' id='par_1_93' title="bbox 465 4847 2032 4920">
     <span class='ocr_line' id='line_1_93' title="bbox 465 4847 2032 4920; baseline 0.003 -19"><span class='ocrx_word' id='word_1_691' title='bbox 465 4856 613 4913; x_wconf 91' lang='lat' dir='ltr'><strong>tura,</strong></span> <span class='ocrx_word' id='word_1_692' title='bbox 656 4847 753 4902; x_wconf 87' lang='lat' dir='ltr'><strong>sed</strong></span> <span class='ocrx_word' id='word_1_693' title='bbox 792 4847 1079 4920; x_wconf 79' lang='lat' dir='ltr'><strong>cujusdam</strong></span> <span class='ocrx_word' id='word_1_694' title='bbox 1106 4863 1339 4918; x_wconf 64' lang='lat' dir='ltr'><strong>qumque</strong></span> <span class='ocrx_word' id='word_1_695' title='bbox 1363 4857 1558 4905; x_wconf 84' lang='lat' dir='ltr'><strong>natura</strong></span> <span class='ocrx_word' id='word_1_696' title='bbox 1606 4850 1771 4905; x_wconf 86' lang='lat' dir='ltr'><strong>unius</strong></span> <span class='ocrx_word' id='word_1_697' title='bbox 1803 4860 2032 4916; x_wconf 64' lang='lat' dir='ltr'><strong>naturae,</strong></span> 
     </span>
    </p>
   </div>
   <div class='ocr_carea' id='block_1_94' title="bbox 461 4938 2037 5013">
    <p class='ocr_par' dir='ltr' id='par_1_94' title="bbox 461 4938 2037 5013">
     <span class='ocr_line' id='line_1_94' title="bbox 461 4938 2037 5013; baseline 0.001 -18"><span class='ocrx_word' id='word_1_698' title='bbox 461 4948 517 4995; x_wconf 93' lang='lat' dir='ltr'><strong>et</strong></span> <span class='ocrx_word' id='word_1_699' title='bbox 583 4938 843 4995; x_wconf 89' lang='lat' dir='ltr'><strong>similiter</strong></span> <span class='ocrx_word' id='word_1_700' title='bbox 897 4954 1003 4994; x_wconf 88' lang='lat' dir='ltr'><strong>nec</strong></span> <span class='ocrx_word' id='word_1_701' title='bbox 1064 4955 1197 4994; x_wconf 91' lang='lat' dir='ltr'><strong>caro</strong></span> <span class='ocrx_word' id='word_1_702' title='bbox 1242 4955 1309 4995; x_wconf 85' lang='lat' dir='ltr'><strong>ex</strong></span> <span class='ocrx_word' id='word_1_703' title='bbox 1356 4940 1463 4996; x_wconf 91' lang='lat' dir='ltr'><strong>hoc</strong></span> <span class='ocrx_word' id='word_1_704' title='bbox 1528 4941 1852 5013; x_wconf 88' lang='lat' dir='ltr'><strong>simpliciter</strong></span> <span class='ocrx_word' id='word_1_705' title='bbox 1908 4957 2037 4997; x_wconf 89' lang='lat' dir='ltr'><strong>caro</strong></span> 
     </span>
    </p>
   </div>
   <div class='ocr_carea' id='block_1_95' title="bbox 457 5032 2035 5107">
    <p class='ocr_par' dir='ltr' id='par_1_95' title="bbox 457 5032 2035 5107">
     <span class='ocr_line' id='line_1_95' title="bbox 457 5032 2035 5107; baseline 0.002 -19"><span class='ocrx_word' id='word_1_706' title='bbox 457 5034 686 5100; x_wconf 87' lang='lat' dir='ltr'><strong>dicitur,</strong></span> <span class='ocrx_word' id='word_1_707' title='bbox 724 5032 1064 5090; x_wconf 87' lang='lat' dir='ltr'><strong>discernitur</strong></span> <span class='ocrx_word' id='word_1_708' title='bbox 1110 5034 1179 5089; x_wconf 89' lang='lat' dir='ltr'><strong>ab</strong></span> <span class='ocrx_word' id='word_1_709' title='bbox 1222 5034 1404 5089; x_wconf 88' lang='lat' dir='ltr'><strong>anima</strong></span> <span class='ocrx_word' id='word_1_710' title='bbox 1451 5036 1674 5106; x_wconf 89' lang='lat' dir='ltr'><strong>propria</strong></span> <span class='ocrx_word' id='word_1_711' title='bbox 1722 5036 2035 5107; x_wconf 85' lang='lat' dir='ltr'><strong>hypostasi,</strong></span> 
     </span>
    </p>
   </div>
   <div class='ocr_carea' id='block_1_96' title="bbox 462 5122 2037 5196">
    <p class='ocr_par' dir='ltr' id='par_1_96' title="bbox 462 5122 2037 5196">
     <span class='ocr_line' id='line_1_96' title="bbox 462 5122 2037 5196; baseline 0.003 -19"><span class='ocrx_word' id='word_1_712' title='bbox 462 5138 566 5179; x_wconf 93' lang='lat' dir='ltr'><strong>nec</strong></span> <span class='ocrx_word' id='word_1_713' title='bbox 611 5122 789 5178; x_wconf 89' lang='lat' dir='ltr'><strong>anima</strong></span> <span class='ocrx_word' id='word_1_714' title='bbox 835 5138 867 5178; x_wconf 90' lang='lat' dir='ltr'><strong>a</strong></span> <span class='ocrx_word' id='word_1_715' title='bbox 918 5139 1106 5179; x_wconf 88' lang='lat' dir='ltr'><strong>carne.</strong></span> <span class='ocrx_word' id='word_1_716' title='bbox 1138 5124 1298 5179; x_wconf 85' lang='lat' dir='ltr'><strong>Ratio</strong></span> <span class='ocrx_word' id='word_1_717' title='bbox 1342 5125 1587 5196; x_wconf 84' lang='lat' dir='ltr'><strong>mysterii</strong></span> <span class='ocrx_word' id='word_1_718' title='bbox 1643 5126 2037 5182; x_wconf 89' lang='lat' dir='ltr'><strong>incarnationis</strong></span> 
     </span>
    </p>
   </div>
   <div class='ocr_carea' id='block_1_97' title="bbox 462 5213 2037 5285">
    <p class='ocr_par' dir='ltr' id='par_1_97' title="bbox 462 5213 2037 5285">
     <span class='ocr_line' id='line_1_97' title="bbox 462 5213 2037 5285; baseline 0.002 -17"><span class='ocrx_word' id='word_1_719' title='bbox 462 5214 711 5285; x_wconf 78' lang='lat' dir='ltr'><strong>magistri</strong></span> <span class='ocrx_word' id='word_1_720' title='bbox 750 5214 929 5270; x_wconf 87' lang='lat' dir='ltr'><strong>nostri</strong></span> <span class='ocrx_word' id='word_1_721' title='bbox 968 5213 1074 5270; x_wconf 90' lang='lat' dir='ltr'><strong>hoc</strong></span> <span class='ocrx_word' id='word_1_722' title='bbox 1134 5214 1317 5280; x_wconf 87' lang='lat' dir='ltr'><strong>docet,</strong></span> <span class='ocrx_word' id='word_1_723' title='bbox 1360 5222 1417 5270; x_wconf 90' lang='lat' dir='ltr'><strong>et</strong></span> <span class='ocrx_word' id='word_1_724' title='bbox 1461 5215 1531 5270; x_wconf 87' lang='lat' dir='ltr'><strong>dc</strong></span> <span class='ocrx_word' id='word_1_725' title='bbox 1571 5215 1677 5270; x_wconf 92' lang='lat' dir='ltr'><strong>hoc</strong></span> <span class='ocrx_word' id='word_1_726' title='bbox 1722 5215 1887 5271; x_wconf 83' lang='lat' dir='ltr'><strong>ﬁdem</strong></span> <span class='ocrx_word' id='word_1_727' title='bbox 1932 5232 2037 5271; x_wconf 91' lang='lat' dir='ltr'><strong>no-</strong></span> 
     </span>
    </p>
   </div>
   <div class='ocr_carea' id='block_1_98' title="bbox 464 5306 2035 5377">
    <p class='ocr_par' dir='ltr' id='par_1_98' title="bbox 464 5306 2035 5377">
     <span class='ocr_line' id='line_1_98' title="bbox 464 5306 2035 5377; baseline 0.001 -16"><span class='ocrx_word' id='word_1_728' title='bbox 464 5316 635 5361; x_wconf 84' lang='lat' dir='ltr'><strong>stram</strong></span> <span class='ocrx_word' id='word_1_729' title='bbox 683 5306 944 5377; x_wconf 89' lang='lat' dir='ltr'><strong>postulat,</strong></span> <span class='ocrx_word' id='word_1_730' title='bbox 976 5306 1124 5377; x_wconf 91' lang='lat' dir='ltr'><strong>quod</strong></span> <span class='ocrx_word' id='word_1_731' title='bbox 1158 5306 1627 5376; x_wconf 69' lang='lat' dir='ltr'><strong>przeexsistentem</strong></span> <span class='ocrx_word' id='word_1_732' title='bbox 1664 5307 1915 5363; x_wconf 71' lang='lat' dir='ltr'><strong>humana:</strong></span> <span class='ocrx_word' id='word_1_733' title='bbox 1934 5322 2035 5363; x_wconf 82' lang='lat' dir='ltr'><strong>na-</strong></span> 
     </span>
    </p>
   </div>
   <div class='ocr_carea' id='block_1_99' title="bbox 465 5399 2042 5470">
    <p class='ocr_par' dir='ltr' id='par_1_99' title="bbox 465 5399 2042 5470">
     <span class='ocr_line' id='line_1_99' title="bbox 465 5399 2042 5470; baseline 0.001 -17"><span class='ocrx_word' id='word_1_734' title='bbox 465 5406 600 5454; x_wconf 72' lang='lat' dir='ltr'><strong>turae</strong></span> <span class='ocrx_word' id='word_1_735' title='bbox 648 5399 963 5470; x_wconf 81' lang='lat' dir='ltr'><strong>hypostasin</strong></span> <span class='ocrx_word' id='word_1_736' title='bbox 1012 5414 1169 5455; x_wconf 91' lang='lat' dir='ltr'><strong>suam</strong></span> <span class='ocrx_word' id='word_1_737' title='bbox 1213 5406 1269 5454; x_wconf 93' lang='lat' dir='ltr'><strong>et</strong></span> <span class='ocrx_word' id='word_1_738' title='bbox 1317 5408 1567 5455; x_wconf 86' lang='lat' dir='ltr'><strong>naturam</strong></span> <span class='ocrx_word' id='word_1_739' title='bbox 1610 5408 1737 5455; x_wconf 91' lang='lat' dir='ltr'><strong>ante</strong></span> <span class='ocrx_word' id='word_1_740' title='bbox 1780 5400 1977 5456; x_wconf 65' lang='lat' dir='ltr'><strong>smcula</strong></span> <span class='ocrx_word' id='word_1_741' title='bbox 2010 5414 2042 5455; x_wconf 89' lang='lat' dir='ltr'><strong>a</strong></span> 
     </span>
    </p>
   </div>
   <div class='ocr_carea' id='block_1_100' title="bbox 464 5490 2042 5563">
    <p class='ocr_par' dir='ltr' id='par_1_100' title="bbox 464 5490 2042 5563">
     <span class='ocr_line' id='line_1_100' title="bbox 464 5490 2042 5563; baseline -0.001 -15"><span class='ocrx_word' id='word_1_742' title='bbox 464 5507 627 5548; x_wconf 84' lang='lat' dir='ltr'><strong>carne</strong></span> <span class='ocrx_word' id='word_1_743' title='bbox 657 5493 894 5547; x_wconf 87' lang='lat' dir='ltr'><strong>alienam</strong></span> <span class='ocrx_word' id='word_1_744' title='bbox 909 5491 1151 5548; x_wconf 80' lang='lat' dir='ltr'><strong>Verbum</strong></span> <span class='ocrx_word' id='word_1_745' title='bbox 1180 5490 1234 5545; x_wconf 91' lang='lat' dir='ltr'><strong>in</strong></span> <span class='ocrx_word' id='word_1_746' title='bbox 1265 5491 1669 5561; x_wconf 82' lang='lat' dir='ltr'><strong>posterioribus</strong></span> <span class='ocrx_word' id='word_1_747' title='bbox 1699 5492 2042 5563; x_wconf 89' lang='lat' dir='ltr'><strong>temporibus</strong></span> 
     </span>
    </p>
   </div>
   <div class='ocr_carea' id='block_1_101' title="bbox 469 5582 2037 5655">
    <p class='ocr_par' dir='ltr' id='par_1_101' title="bbox 469 5582 2037 5655">
     <span class='ocr_line' id='line_1_101' title="bbox 469 5582 2037 5655; baseline 0.002 -18"><span class='ocrx_word' id='word_1_748' title='bbox 469 5583 576 5638; x_wconf 88' lang='lat' dir='ltr'><strong>sibi</strong></span> <span class='ocrx_word' id='word_1_749' title='bbox 630 5596 851 5637; x_wconf 88' lang='lat' dir='ltr'><strong>carnem</strong></span> <span class='ocrx_word' id='word_1_750' title='bbox 893 5597 1183 5637; x_wconf 89' lang='lat' dir='ltr'><strong>assumens</strong></span> <span class='ocrx_word' id='word_1_751' title='bbox 1231 5582 1286 5636; x_wconf 90' lang='lat' dir='ltr'><strong>in</strong></span> <span class='ocrx_word' id='word_1_752' title='bbox 1330 5582 1556 5653; x_wconf 89' lang='lat' dir='ltr'><strong>propria</strong></span> <span class='ocrx_word' id='word_1_753' title='bbox 1592 5584 1871 5655; x_wconf 85' lang='lat' dir='ltr'><strong>hypostasi</strong></span> <span class='ocrx_word' id='word_1_754' title='bbox 1928 5600 2037 5640; x_wconf 88' lang='lat' dir='ltr'><strong>non</strong></span> 
     </span>
    </p>
   </div>
   <div class='ocr_carea' id='block_1_102' title="bbox 468 5674 1893 5744">
    <p class='ocr_par' dir='ltr' id='par_1_102' title="bbox 468 5674 1893 5744">
     <span class='ocr_line' id='line_1_102' title="bbox 468 5674 1893 5744; baseline 0.004 -16"><span class='ocrx_word' id='word_1_755' title='bbox 468 5674 736 5744; x_wconf 89' lang='lat' dir='ltr'><strong>simplicis</strong></span> <span class='ocrx_word' id='word_1_756' title='bbox 780 5675 1023 5731; x_wconf 90' lang='lat' dir='ltr'><strong>hominis</strong></span> <span class='ocrx_word' id='word_1_757' title='bbox 1056 5675 1351 5730; x_wconf 90' lang='lat' dir='ltr'><strong>humanam</strong></span> <span class='ocrx_word' id='word_1_758' title='bbox 1384 5686 1639 5732; x_wconf 85' lang='lat' dir='ltr'><strong>naturam</strong></span> <span class='ocrx_word' id='word_1_759' title='bbox 1668 5678 1893 5735; x_wconf 91' lang='lat' dir='ltr'><strong>subivit.</strong></span> 
     </span>
    </p>
   </div>
   <div class='ocr_carea' id='block_1_103' title="bbox 2148 4669 3729 4741">
    <p class='ocr_par' dir='ltr' id='par_1_103' title="bbox 2148 4669 3729 4741">
     <span class='ocr_line' id='line_1_103' title="bbox 2148 4669 3729 4741; baseline -0.001 -16"><span class='ocrx_word' id='word_1_760' title='bbox 2148 4672 2335 4733; x_wconf 74' lang='grc' dir='ltr'>ίδικαὶ,</span> <span class='ocrx_word' id='word_1_761' title='bbox 2367 4670 2489 4725; x_wconf 79' lang='grc' dir='ltr'>οὐδέ</span> <span class='ocrx_word' id='word_1_762' title='bbox 2528 4688 2580 4725; x_wconf 88' lang='grc' dir='ltr'><strong>τι</strong></span> <span class='ocrx_word' id='word_1_763' title='bbox 2609 4670 2816 4725; x_wconf 86' lang='grc' dir='ltr'>τούτων</span> <span class='ocrx_word' id='word_1_764' title='bbox 2857 4671 2915 4724; x_wconf 74' lang='grc' dir='ltr'>ὲν</span> <span class='ocrx_word' id='word_1_765' title='bbox 2955 4669 3178 4741; x_wconf 86' lang='grc' dir='ltr'>Χριστῷ</span> <span class='ocrx_word' id='word_1_766' title='bbox 3219 4669 3729 4740; x_wconf 84' lang='grc' dir='ltr'>ἀπεσχοινισμένως</span> 
     </span>
    </p>
   </div>
   <div class='ocr_carea' id='block_1_104' title="bbox 2143 4760 3731 4835">
    <p class='ocr_par' dir='ltr' id='par_1_104' title="bbox 2143 4760 3731 4835">
     <span class='ocr_line' id='line_1_104' title="bbox 2143 4760 3731 4835; baseline -0.001 -20"><span class='ocrx_word' id='word_1_767' title='bbox 2143 4763 2265 4816; x_wconf 67' lang='grc' dir='ltr'>ἐστὶ</span> <span class='ocrx_word' id='word_1_768' title='bbox 2311 4762 2406 4815; x_wconf 88' lang='grc' dir='ltr'><strong>τοῦ</strong></span> <span class='ocrx_word' id='word_1_769' title='bbox 2455 4763 2646 4831; x_wconf 70' lang='grc' dir='ltr'>ἑτέρου</span> <span class='ocrx_word' id='word_1_770' title='bbox 2689 4762 2967 4831; x_wconf 77' lang='grc' dir='ltr'>ὑφεστώςο</span> <span class='ocrx_word' id='word_1_771' title='bbox 3009 4764 3108 4817; x_wconf 73' lang='grc' dir='ltr'>καὶ</span> <span class='ocrx_word' id='word_1_772' title='bbox 3155 4762 3213 4816; x_wconf 82' lang='grc' dir='ltr'>ὲν</span> <span class='ocrx_word' id='word_1_773' title='bbox 3252 4764 3365 4824; x_wconf 88' lang='grc' dir='ltr'>τοῖς</span> <span class='ocrx_word' id='word_1_774' title='bbox 3390 4760 3575 4824; x_wconf 77' lang='grc' dir='ltr'>ἀλλοις</span> <span class='ocrx_word' id='word_1_775' title='bbox 3608 4761 3731 4835; x_wconf 79' lang='grc' dir='ltr'><strong>γὰρ</strong></span> 
     </span>
    </p>
   </div>
   <div class='ocr_carea' id='block_1_105' title="bbox 2142 4852 3728 4926">
    <p class='ocr_par' dir='ltr' id='par_1_105' title="bbox 2142 4852 3728 4926">
     <span class='ocr_line' id='line_1_105' title="bbox 2142 4852 3728 4926; baseline -0.003 -16"><span class='ocrx_word' id='word_1_776' title='bbox 2142 4856 2278 4910; x_wconf 83' lang='grc' dir='ltr'>πᾶσι</span> <span class='ocrx_word' id='word_1_777' title='bbox 2300 4853 2476 4923; x_wconf 77' lang='grc' dir='ltr'>ψιλοῖς</span> <span class='ocrx_word' id='word_1_778' title='bbox 2506 4852 2837 4926; x_wconf 86' lang='grc' dir='ltr'>ἀνθρώποις,</span> <span class='ocrx_word' id='word_1_779' title='bbox 2862 4853 2960 4924; x_wconf 87' lang='grc' dir='ltr'>οὑχ</span> <span class='ocrx_word' id='word_1_780' title='bbox 3005 4854 3038 4924; x_wconf 77' lang='grc' dir='ltr'>ἡ</span> <span class='ocrx_word' id='word_1_781' title='bbox 3069 4852 3163 4906; x_wconf 87' lang='grc' dir='ltr'><strong>τοῦ</strong></span> <span class='ocrx_word' id='word_1_782' title='bbox 3188 4852 3477 4924; x_wconf 79' lang='grc' dir='ltr'>ἀνθρώπου</span> <span class='ocrx_word' id='word_1_783' title='bbox 3509 4853 3728 4919; x_wconf 79' lang='grc' dir='ltr'>ἁπλῶς,</span> 
     </span>
    </p>
   </div>
   <div class='ocr_carea' id='block_1_106' title="bbox 2142 4940 3732 5013">
    <p class='ocr_par' dir='ltr' id='par_1_106' title="bbox 2142 4940 3732 5013">
     <span class='ocr_line' id='line_1_106' title="bbox 2142 4940 3732 5013; baseline 0 -16"><span class='ocrx_word' id='word_1_784' title='bbox 2142 4942 2279 4998; x_wconf 85' lang='grc' dir='ltr'><strong>ἀλλά</strong></span> <span class='ocrx_word' id='word_1_785' title='bbox 2308 4941 2464 4996; x_wconf 85' lang='grc' dir='ltr'>τοῦδέ</span> <span class='ocrx_word' id='word_1_786' title='bbox 2525 4959 2669 5005; x_wconf 87' lang='grc' dir='ltr'>τινος</span> <span class='ocrx_word' id='word_1_787' title='bbox 2682 4941 2895 5013; x_wconf 81' lang='grc' dir='ltr'>,ἑκάστη</span> <span class='ocrx_word' id='word_1_788' title='bbox 2917 4959 2976 4995; x_wconf 90' lang='grc' dir='ltr'><strong>τε</strong></span> <span class='ocrx_word' id='word_1_789' title='bbox 3008 4940 3169 5011; x_wconf 81' lang='grc' dir='ltr'>φύσις</span> <span class='ocrx_word' id='word_1_790' title='bbox 3198 4942 3559 5004; x_wconf 84' lang='grc' dir='ltr'>ὲνυπόστατος</span> <span class='ocrx_word' id='word_1_791' title='bbox 3589 4944 3732 5011; x_wconf 82' lang='grc' dir='ltr'>ὁρᾶ-</span> 
     </span>
    </p>
   </div>
   <div class='ocr_carea' id='block_1_107' title="bbox 2141 5030 3733 5106">
    <p class='ocr_par' dir='ltr' id='par_1_107' title="bbox 2141 5030 3733 5106">
     <span class='ocr_line' id='line_1_107' title="bbox 2141 5030 3733 5106; baseline -0.001 -18"><span class='ocrx_word' id='word_1_792' title='bbox 2141 5052 2231 5088; x_wconf 87' lang='grc' dir='ltr'><strong>ται</strong></span> <span class='ocrx_word' id='word_1_793' title='bbox 2256 5051 2271 5067; x_wconf 77' lang='grc'><strong>’</strong></span> <span class='ocrx_word' id='word_1_794' title='bbox 2303 5035 2398 5088; x_wconf 82' lang='grc' dir='ltr'><strong>καί</strong></span> <span class='ocrx_word' id='word_1_795' title='bbox 2432 5035 2583 5106; x_wconf 83' lang='grc' dir='ltr'>ὅμως</span> <span class='ocrx_word' id='word_1_796' title='bbox 2608 5033 2733 5088; x_wconf 77' lang='grc' dir='ltr'>οὔτε</span> <span class='ocrx_word' id='word_1_797' title='bbox 2763 5036 2797 5106; x_wconf 86' lang='grc' dir='ltr'><strong>ή</strong></span> <span class='ocrx_word' id='word_1_798' title='bbox 2839 5032 2977 5104; x_wconf 87' lang='grc' dir='ltr'>σὰρξ</span> <span class='ocrx_word' id='word_1_799' title='bbox 3009 5034 3075 5086; x_wconf 80' lang='grc' dir='ltr'>ὲκ</span> <span class='ocrx_word' id='word_1_800' title='bbox 3111 5030 3206 5086; x_wconf 87' lang='grc' dir='ltr'><strong>τοῦ</strong></span> <span class='ocrx_word' id='word_1_801' title='bbox 3248 5032 3385 5101; x_wconf 80' lang='grc' dir='ltr'>σὰρξ</span> <span class='ocrx_word' id='word_1_802' title='bbox 3418 5032 3601 5096; x_wconf 79' lang='grc' dir='ltr'>ἁπλῶς</span> <span class='ocrx_word' id='word_1_803' title='bbox 3627 5031 3733 5087; x_wconf 74' lang='grc' dir='ltr'><strong>λέ-</strong></span> 
     </span>
    </p>
   </div>
   <div class='ocr_carea' id='block_1_108' title="bbox 2142 5122 3730 5198">
    <p class='ocr_par' dir='ltr' id='par_1_108' title="bbox 2142 5122 3730 5198">
     <span class='ocr_line' id='line_1_108' title="bbox 2142 5122 3730 5198; baseline 0 -19"><span class='ocrx_word' id='word_1_804' title='bbox 2142 5126 2337 5195; x_wconf 91' lang='grc' dir='ltr'>γεσθαι</span> <span class='ocrx_word' id='word_1_805' title='bbox 2371 5126 2699 5198; x_wconf 84' lang='grc' dir='ltr'>διακρίνοιτο</span> <span class='ocrx_word' id='word_1_806' title='bbox 2729 5126 2829 5198; x_wconf 81' lang='grc' dir='ltr'>τῆς</span> <span class='ocrx_word' id='word_1_807' title='bbox 2856 5125 3040 5197; x_wconf 74' lang='grc' dir='ltr'>ψυχῆς</span> <span class='ocrx_word' id='word_1_808' title='bbox 3088 5124 3198 5196; x_wconf 77' lang='grc' dir='ltr'>ἰδίᾳ</span> <span class='ocrx_word' id='word_1_809' title='bbox 3239 5123 3557 5188; x_wconf 86' lang='grc' dir='ltr'>ὑποστάσει,</span> <span class='ocrx_word' id='word_1_810' title='bbox 3590 5122 3730 5179; x_wconf 75' lang='grc' dir='ltr'>οὔτε</span> 
     </span>
    </p>
   </div>
   <div class='ocr_carea' id='block_1_109' title="bbox 2140 5213 3732 5290">
    <p class='ocr_par' dir='ltr' id='par_1_109' title="bbox 2140 5213 3732 5290">
     <span class='ocr_line' id='line_1_109' title="bbox 2140 5213 3732 5290; baseline -0.002 -19"><span class='ocrx_word' id='word_1_811' title='bbox 2140 5220 2177 5290; x_wconf 82' lang='grc' dir='ltr'>ἠ</span> <span class='ocrx_word' id='word_1_812' title='bbox 2230 5217 2379 5290; x_wconf 77' lang='grc' dir='ltr'>ψυχὴ</span> <span class='ocrx_word' id='word_1_813' title='bbox 2431 5218 2531 5287; x_wconf 82' lang='grc' dir='ltr'>τῆς</span> <span class='ocrx_word' id='word_1_814' title='bbox 2590 5216 2832 5288; x_wconf 86' lang='grc' dir='ltr'>σαρκός·</span> <span class='ocrx_word' id='word_1_815' title='bbox 2889 5218 2918 5269; x_wconf 88' lang='grc' dir='ltr'><strong>ό</strong></span> <span class='ocrx_word' id='word_1_816' title='bbox 2967 5215 3063 5269; x_wconf 90' lang='grc' dir='ltr'><strong>τοῦ</strong></span> <span class='ocrx_word' id='word_1_817' title='bbox 3114 5215 3421 5289; x_wconf 88' lang='grc' dir='ltr'>μυστηρίου</span> <span class='ocrx_word' id='word_1_818' title='bbox 3460 5213 3590 5283; x_wconf 88' lang='grc' dir='ltr'>γοῦν</span> <span class='ocrx_word' id='word_1_819' title='bbox 3615 5218 3732 5288; x_wconf 80' lang='grc' dir='ltr'>τῆς</span> 
     </span>
    </p>
   </div>
   <div class='ocr_carea' id='block_1_110' title="bbox 2140 5306 3734 5384">
    <p class='ocr_par' dir='ltr' id='par_1_110' title="bbox 2140 5306 3734 5384">
     <span class='ocr_line' id='line_1_110' title="bbox 2140 5306 3734 5384; baseline -0.003 -18"><span class='ocrx_word' id='word_1_820' title='bbox 2140 5312 2607 5384; x_wconf 72' lang='grc' dir='ltr'>ἑνανθρωπήσεως</span> <span class='ocrx_word' id='word_1_821' title='bbox 2646 5309 2741 5363; x_wconf 87' lang='grc' dir='ltr'><strong>τοῦ</strong></span> <span class='ocrx_word' id='word_1_822' title='bbox 2802 5309 3079 5362; x_wconf 89' lang='grc' dir='ltr'>Δεσπότου</span> <span class='ocrx_word' id='word_1_823' title='bbox 3131 5308 3290 5381; x_wconf 75' lang='grc' dir='ltr'>ἡμῶν</span> <span class='ocrx_word' id='word_1_824' title='bbox 3342 5307 3497 5376; x_wconf 91' lang='grc' dir='ltr'>λόγος</span> <span class='ocrx_word' id='word_1_825' title='bbox 3550 5306 3734 5362; x_wconf 84' lang='grc' dir='ltr'>τοῦτο</span> 
     </span>
    </p>
   </div>
   <div class='ocr_carea' id='block_1_111' title="bbox 2139 5398 3733 5473">
    <p class='ocr_par' dir='ltr' id='par_1_111' title="bbox 2139 5398 3733 5473">
     <span class='ocr_line' id='line_1_111' title="bbox 2139 5398 3733 5473; baseline -0.004 -13"><span class='ocrx_word' id='word_1_826' title='bbox 2139 5405 2414 5462; x_wconf 82' lang='grc' dir='ltr'>διδάσκει·</span> <span class='ocrx_word' id='word_1_827' title='bbox 2455 5402 2553 5456; x_wconf 73' lang='grc' dir='ltr'>καὶ</span> <span class='ocrx_word' id='word_1_828' title='bbox 2600 5400 2732 5473; x_wconf 80' lang='grc' dir='ltr'>περὶ</span> <span class='ocrx_word' id='word_1_829' title='bbox 2776 5400 2968 5455; x_wconf 86' lang='grc' dir='ltr'>τούτου</span> <span class='ocrx_word' id='word_1_830' title='bbox 3011 5399 3112 5471; x_wconf 79' lang='grc' dir='ltr'>τὴν</span> <span class='ocrx_word' id='word_1_831' title='bbox 3150 5400 3333 5453; x_wconf 86' lang='grc' dir='ltr'>πίστιν</span> <span class='ocrx_word' id='word_1_832' title='bbox 3367 5399 3513 5471; x_wconf 77' lang='grc' dir='ltr'>ἡμᾶς</span> <span class='ocrx_word' id='word_1_833' title='bbox 3547 5398 3733 5454; x_wconf 85' lang='grc' dir='ltr'>ἀπαι-</span> 
     </span>
    </p>
   </div>
   <div class='ocr_carea' id='block_1_112' title="bbox 2137 5489 3733 5567">
    <p class='ocr_par' dir='ltr' id='par_1_112' title="bbox 2137 5489 3733 5567">
     <span class='ocr_line' id='line_1_112' title="bbox 2137 5489 3733 5567; baseline -0.006 -15"><span class='ocrx_word' id='word_1_834' title='bbox 2137 5501 2249 5553; x_wconf 69' lang='grc' dir='ltr'>τεῖ*</span> <span class='ocrx_word' id='word_1_835' title='bbox 2277 5498 2353 5563; x_wconf 84' lang='grc' dir='ltr'><strong>ὡς</strong></span> <span class='ocrx_word' id='word_1_836' title='bbox 2382 5498 2481 5567; x_wconf 82' lang='grc' dir='ltr'>τὴν</span> <span class='ocrx_word' id='word_1_837' title='bbox 2502 5494 2969 5565; x_wconf 82' lang='grc' dir='ltr'>προϋπάρχουσαν</span> <span class='ocrx_word' id='word_1_838' title='bbox 2995 5496 3092 5563; x_wconf 78' lang='grc' dir='ltr'>τῆς</span> <span class='ocrx_word' id='word_1_839' title='bbox 3119 5490 3465 5563; x_wconf 87' lang='grc' dir='ltr'>ἀνθρωπείας</span> <span class='ocrx_word' id='word_1_840' title='bbox 3496 5489 3733 5560; x_wconf 80' lang='grc' dir='ltr'>φύσεως</span> 
     </span>
    </p>
   </div>
   <div class='ocr_carea' id='block_1_113' title="bbox 2138 5580 3737 5654">
    <p class='ocr_par' dir='ltr' id='par_1_113' title="bbox 2138 5580 3737 5654">
     <span class='ocr_line' id='line_1_113' title="bbox 2138 5580 3737 5654; baseline -0.006 -11"><span class='ocrx_word' id='word_1_841' title='bbox 2138 5590 2436 5643; x_wconf 80' lang='grc' dir='ltr'>ὑπόστασιν</span> <span class='ocrx_word' id='word_1_842' title='bbox 2476 5584 2673 5641; x_wconf 81' lang='grc' dir='ltr'>ἑαυτοῦ</span> <span class='ocrx_word' id='word_1_843' title='bbox 2733 5584 2828 5639; x_wconf 79' lang='grc' dir='ltr'>καὶ</span> <span class='ocrx_word' id='word_1_844' title='bbox 2870 5582 3033 5654; x_wconf 93' lang='grc' dir='ltr'>φύσιν</span> <span class='ocrx_word' id='word_1_845' title='bbox 3072 5584 3101 5637; x_wconf 87' lang='grc' dir='ltr'><strong>ό</strong></span> <span class='ocrx_word' id='word_1_846' title='bbox 3140 5582 3308 5650; x_wconf 89' lang='grc' dir='ltr'>Λόγος</span> <span class='ocrx_word' id='word_1_847' title='bbox 3342 5580 3440 5651; x_wconf 74' lang='grc' dir='ltr'>τὴν</span> <span class='ocrx_word' id='word_1_848' title='bbox 3470 5581 3737 5650; x_wconf 72' lang='grc' dir='ltr'>ἄσαρκου</span> 
     </span>
    </p>
   </div>
   <div class='ocr_carea' id='block_1_114' title="bbox 2137 5673 3726 5753">
    <p class='ocr_par' dir='ltr' id='par_1_114' title="bbox 2137 5673 3726 5753">
     <span class='ocr_line' id='line_1_114' title="bbox 2137 5673 3726 5753; baseline -0.002 -20"><span class='ocrx_word' id='word_1_849' title='bbox 2137 5681 2244 5753; x_wconf 91' lang='grc' dir='ltr'><strong>πρὸ</strong></span> <span class='ocrx_word' id='word_1_850' title='bbox 2282 5678 2514 5744; x_wconf 86' lang='grc' dir='ltr'>αἰώνων,</span> <span class='ocrx_word' id='word_1_851' title='bbox 2559 5678 2617 5731; x_wconf 84' lang='grc' dir='ltr'>ὲν</span> <span class='ocrx_word' id='word_1_852' title='bbox 2650 5676 2898 5747; x_wconf 87' lang='grc' dir='ltr'>ὑστέροις</span> <span class='ocrx_word' id='word_1_853' title='bbox 2928 5677 3142 5747; x_wconf 81' lang='grc' dir='ltr'>καιροῖς</span> <span class='ocrx_word' id='word_1_854' title='bbox 3174 5673 3354 5745; x_wconf 79' lang='grc' dir='ltr'>ἑαυτῷ</span> <span class='ocrx_word' id='word_1_855' title='bbox 3386 5673 3567 5745; x_wconf 77' lang='grc' dir='ltr'>σάρκα</span> <span class='ocrx_word' id='word_1_856' title='bbox 3610 5690 3726 5730; x_wconf 67' lang='grc' dir='ltr'><strong>πι-</strong></span> 
     </span>
    </p>
   </div>
   <div class='ocr_carea' id='block_1_115' title="bbox 472 5767 3224 5848">
    <p class='ocr_par' dir='ltr' id='par_1_115' title="bbox 472 5767 3224 5848">
     <span class='ocr_line' id='line_1_115' title="bbox 472 5767 3224 5848; baseline 0.002 -29"><span class='ocrx_word' id='word_1_857' title='bbox 472 5767 705 5834; x_wconf 81' lang='grc' dir='ltr'>ριὸαλὼν</span> <span class='ocrx_word' id='word_1_858' title='bbox 746 5769 885 5839; x_wconf 80' lang='grc' dir='ltr'>αὐτῇ</span> <span class='ocrx_word' id='word_1_859' title='bbox 927 5771 995 5841; x_wconf 80' lang='grc' dir='ltr'><strong>τῇ</strong></span> <span class='ocrx_word' id='word_1_860' title='bbox 1032 5769 1138 5840; x_wconf 77' lang='grc' dir='ltr'>ἰδίᾳ</span> <span class='ocrx_word' id='word_1_861' title='bbox 1176 5769 1472 5825; x_wconf 85' lang='grc' dir='ltr'>ὑποστάσει</span> <span class='ocrx_word' id='word_1_862' title='bbox 1505 5773 1605 5826; x_wconf 81' lang='grc' dir='ltr'><strong>οὑκ</strong></span> <span class='ocrx_word' id='word_1_863' title='bbox 1634 5772 1927 5845; x_wconf 85' lang='grc' dir='ltr'>ἀνθρώπου</span> <span class='ocrx_word' id='word_1_864' title='bbox 1956 5773 2115 5844; x_wconf 69' lang='grc' dir='ltr'>ψιλοῦ</span> <span class='ocrx_word' id='word_1_865' title='bbox 2148 5776 2247 5848; x_wconf 82' lang='grc' dir='ltr'>τὴν</span> <span class='ocrx_word' id='word_1_866' title='bbox 2273 5773 2619 5845; x_wconf 84' lang='grc' dir='ltr'>ἀνθρωπείαν</span> <span class='ocrx_word' id='word_1_867' title='bbox 2643 5772 2804 5843; x_wconf 85' lang='grc' dir='ltr'>φύσιν</span> <span class='ocrx_word' id='word_1_868' title='bbox 2829 5770 3224 5842; x_wconf 81' lang='grc' dir='ltr'>ένυπέστησεν.</span> 
     </span>
    </p>
   </div>
   <div class='ocr_carea' id='block_1_116' title="bbox 538 5882 1509 5958">
    <p class='ocr_par' dir='ltr' id='par_1_116' title="bbox 538 5882 1509 5958">
     <span class='ocr_line' id='line_1_116' title="bbox 538 5882 1509 5958; baseline 0.012 -24"><span class='ocrx_word' id='word_1_869' title='bbox 538 5895 553 5931; x_wconf 75' lang='grc' dir='ltr'><strong>ι</strong></span> <span class='ocrx_word' id='word_1_870' title='bbox 586 5882 723 5938; x_wconf 81' lang='lat' dir='ltr'><strong>Luc.</strong></span> <span class='ocrx_word' id='word_1_871' title='bbox 754 5900 868 5951; x_wconf 84' lang='lat' dir='ltr'><strong>vut,</strong></span> <span class='ocrx_word' id='word_1_872' title='bbox 892 5886 981 5940; x_wconf 68' lang='lat'><strong>28.</strong></span> <span class='ocrx_word' id='word_1_873' title='bbox 1053 5885 1130 5944; x_wconf 68' lang='grc' dir='ltr'>Η</span> <span class='ocrx_word' id='word_1_874' title='bbox 1163 5886 1288 5943; x_wconf 85' lang='lat' dir='ltr'><strong>Cor.</strong></span> <span class='ocrx_word' id='word_1_875' title='bbox 1319 5904 1416 5958; x_wconf 71' lang='grc' dir='ltr'>ιιι,</span> <span class='ocrx_word' id='word_1_876' title='bbox 1454 5889 1509 5945; x_wconf 79' lang='grc'><strong>5.</strong></span> 
     </span>
    </p>
   </div>
  </div>
