4116 6472
429 427 562 496 1749

1008 554 1260 611 ΚΕΦΛΛ.
1297 556 1423 612 ΛΘ’.

496 667 560 721 Ei
594 668 626 736 ἡ
678 669 777 740 μὲν
824 668 981 742 σάρξ.
1030 673 1168 744 σάρξ
1212 675 1349 741 ἐστι,
1384 678 1477 731 καὶ
1508 678 1571 732 οὐ
1618 677 1847 751 θεότης·
1878 682 1907 735 6
1945 680 2002 734 δὲ

1408 446 1805 508 ADVERSUS
1843 444 2396 512 NESTORIANOS.
2418 475 2485 485 -
2508 450 2655 512 LIB.
2697 450 2765 512 V.

2037 564 2092 622 A

3584 436 3705 510 750'

2698 561 2851 617 CAP.
2905 558 3097 615 XXIX.

2174 676 2230 732 Si
2247 692 2541 742 caro,caro
2553 685 2704 731 estet
2726 691 2834 730 non
2858 675 3142 740 divinitas,
3157 673 3412 738 ethomo,
3431 672 3600 727 homo
3612 680 3701 728 est

425 758 734 831 ἄνθρωπος,
771 762 1056 833 ἄνθρωπός
1086 767 1204 821 ἐστι
1253 768 1349 822 καὶ
1390 769 1452 823 οὑ
1508 770 1723 841 θεότης,
1775 770 1891 835 πῶς
1941 774 2008 825 ἐκ

2110 773 2165 821 et
2193 782 2303 820 non
2338 765 2913 837 divinitas,quomodo
2936 782 3005 821 cx
3032 773 3189 835 parte
3205 763 3389 820 carnis
3415 763 3698 826 hominem

431 853 632 924 μέρους
683 858 784 925 τῆς
834 858 1039 928 σαρκὸς
1082 860 1178 915 τὸν
1216 862 1506 933 ἄνθρωπον
1555 862 1881 935 ὁνομάζειςς
1914 863 2007 935 Τῷ

2110 858 2618 928 vocas?Conceptu
2651 866 2864 912 naturae
2901 856 3066 911 ambo
3098 855 3258 911 nobis
3293 862 3701 926 cognoscantur

430 944 530 1015 μὲν
561 946 662 1016 τῆς
702 947 919 1017 φύσεως
967 950 1111 1023 λόγῳ
1155 952 1323 1023 άμφω
1366 956 1501 1025 ἡμῖν
1533 957 1732 1010 νοεῖται
1760 957 1853 1010 ἐπὶ
1875 957 2012 1028 Χρι-

431 1036 559 1093 στοῦ
585 1039 915 1113 διαφέροντα
954 1044 1093 1116 πρὸς
1145 1045 1246 1117 τὴν
1273 1046 1505 1118 θεότητα
1525 1063 1540 1078 ·
1567 1048 1681 1102 εἴτε
1703 1048 2011 1120 ἀδιαφόρως

427 1132 486 1183 ἔν
503 1149 607 1185 τινι
637 1135 895 1205 σημαίνοι
933 1137 1241 1212 ἀμφότερα,
1271 1139 1383 1195 εἴτε
1436 1141 1516 1205 ὡς
1566 1142 1795 1214 μέροςὴ
1831 1144 2005 1214 σάρξ·

425 1223 548 1277 δλον
580 1224 638 1278 δὲ
665 1225 880 1296 λέγοιτο
909 1230 936 1282 6
960 1230 1282 1302 ἄνθρωπος·
1318 1232 1395 1303 τῷ
1425 1232 1483 1289 δὲ
1529 1237 1630 1306 τῆς
1659 1235 2012 1301 ὑποστάσεως

424 1312 571 1384 λόγῳ
619 1315 695 1376 ὡς
750 1316 916 1387 μέρος
951 1319 1218 1391 νοουμένη
1257 1321 1292 1393 ὴ
1340 1319 1500 1389 σάρξ,
1548 1321 1712 1376 πάλιν
1749 1321 2012 1384 ὡσαὺτως

427 1404 628 1474 ἔχουσα
674 1406 775 1477 τὴν
820 1407 1031 1463 ἔννοιαν
1084 1411 1218 1483 πρὸς
1260 1414 1360 1484 τὴν
1388 1413 1621 1484 θεότητα
1641 1410 1737 1467 τοῦ
1770 1410 2011 1483 Χριστοῦ

426 1494 811 1567 λογισθήσεται
835 1516 850 1530 ·
873 1501 967 1554 καὶ
984 1499 1131 1554 ἔστιν
1155 1504 1288 1573 ἡμῖν
1316 1502 1719 1567 ἀνυπόστατος·
1746 1503 1869 1556 οὐδὲ
1901 1504 2012 1575 γὰρ

426 1589 487 1640 ὲν
516 1588 593 1659 τῷ
621 1589 798 1661 Λόγῳ,
835 1591 957 1645 οὑδὲ
1002 1593 1159 1657 ἐκτὸς
1196 1594 1291 1648 τοῦ
1312 1594 1513 1664 Λόγου,
1554 1596 1690 1650 ίδίαν
1718 1596 2014 1649 ὑπόστασιν

425 1679 907 1752 ἀποκεκλήρωται,
931 1683 1048 1735 ἀλλ’
1069 1682 1215 1738 ἔστιν
1235 1683 1310 1749 ὡς
1333 1685 1500 1755 μέρος
1535 1684 1884 1757 θεωρουμένη
1918 1684 2013 1741 τοῦ

427 1769 568 1833 ζώου
595 1771 680 1825 ἀεί
700 1788 713 1802 ⁸
745 1773 775 1825 6
792 1773 847 1826 δὲ
868 1772 1154 1846 ἄνθρωπος
1177 1773 1470 1847 λεγόμενος
1493 1776 1584 1829 ἐπὶ
1603 1776 1863 1847 Χριστοῦ,
1893 1777 2016 1830 ἐπεὶ

425 1862 526 1932 οὐχ
556 1862 743 1927 ἁπλῶς
785 1866 952 1937 μέρος
985 1868 1134 1920 ἐστὶν
1174 1868 1427 1939 ὁλότητος
1477 1868 1851 1937 ὑποστάσεως,
1896 1868 2014 1925 ἀλλ’

2111 951 2180 1005 de
2224 950 2469 1015 Christo,
2503 948 2831 1005 differentes
2863 948 3013 1004 circa
3044 947 3418 1011 divinitatem,
3476 945 3593 1000 sive
3622 944 3704 998 in-

2113 1045 2442 1100 diﬂ‘erenter
2466 1043 2521 1097 in
2543 1043 2731 1113 aliquo
2756 1050 2995 1111 utraque
3018 1040 3313 1112 signiﬁcat,
3348 1038 3466 1095 sive
3486 1047 3549 1093 ut
3573 1052 3705 1108 pars

2112 1149 2266 1201 caro,
2290 1142 2467 1189 totum
2489 1132 2693 1189 dicitur
2722 1132 2910 1187 homo.
2939 1130 3224 1201 Conceptu
3253 1129 3618 1203 hypostaseos
3641 1135 3705 1183 ut

2113 1242 2245 1298 pars
2293 1226 2513 1297 cognita
2562 1239 2716 1289 caro,
2763 1223 2969 1278 iterum
3017 1222 3216 1279 eodem
3277 1220 3445 1277 modo
3488 1219 3710 1275 habens

2112 1334 2342 1376 sensum
2373 1318 2442 1374 de
2471 1317 2762 1374 divinitate
2788 1315 3018 1380 Christi,
3051 1316 3331 1371 tribuetur
3351 1322 3408 1370 et
3430 1321 3518 1369 est
3540 1310 3704 1366 nobis

2114 1411 2475 1477 invincibilis,
2534 1427 2663 1465 nam
2720 1426 2907 1481 neque
2949 1409 3005 1464 in
3058 1408 3263 1474 Verbo,
3316 1421 3497 1476 neque
3546 1412 3704 1459 extra

2115 1503 2361 1561 Verbum
2397 1504 2685 1574 propriam
2733 1501 3056 1573 hypostasin
3108 1500 3164 1557 in
3212 1508 3425 1569 partem
3452 1495 3704 1562 habebit,

2112 1596 2210 1651 sed
2240 1604 2328 1651 est
2356 1604 2417 1651 ut
2438 1611 2568 1665 pars
2599 1605 2844 1666 spectata
2870 1592 3110 1648 viventis
3135 1606 3375 1661 semper.
3409 1589 3584 1645 Homo
3616 1587 3705 1643 di-

2116 1695 2241 1744 ctus
2282 1687 2338 1741 in
2375 1684 2621 1750 Christo,
2657 1702 2786 1741 cum
2830 1700 2941 1740 non
2994 1682 3325 1753 simpliciter
3351 1681 3427 1736 sit
3453 1696 3585 1750 pars
3618 1688 3705 1734 to-

2098 1779 2244 1833 talis
2280 1777 2617 1850 hypostasis,
2642 1775 2739 1833 sed
2761 1777 2816 1831 in
2843 1775 3068 1831 Christo
3096 1775 3297 1839 solum,
3322 1789 3432 1827 non
3453 1770 3705 1827 eamdem

2118 1870 2173 1925 in
2208 1870 2468 1927 omnibus
2516 1869 2837 1924 hominibus
2866 1866 3110 1923 custodit
3138 1868 3410 1921 rationem
3441 1865 3704 1936 hyposta-

425 1953 523 2006 ὲπὶ
552 1956 791 2026 Χριστοῦ
824 1960 1005 2027 μόνον,
1031 1960 1218 2015 οὐκέτι
1244 1938 1336 2016 τὸν
1365 1961 1528 2015 αὑτὸν
1558 1964 1673 2027 τοῖς
1707 1964 1874 2017 πᾶσιν
1923 1965 2009 2016 άν-

2121 1961 2284 2015 ticam
2328 1968 2388 2016 et
2412 1960 2467 2015 in
2498 1958 2743 2024 Christo,
2777 1973 2887 2013 non
2918 1966 2977 2012 et
3000 1956 3339 2013 diversitatis
3370 1955 3703 2027 hypostasis,

423 2046 668 2119 θρώποις
714 2050 973 2119 φυλάττει
1014 2053 1174 2122 λόγον
1222 2054 1587 2109 ὑποστατικὸν
1638 2056 1734 2109 καὶ
1767 2056 2015 2127 61:2sz-

426 2140 556 2193 στοῦ
578 2158 593 2173 ·
626 2144 721 2196 καὶ
765 2144 1086 2215 ἑτερότητος
1112 2147 1224 2216 γὰρ
1259 2147 1654 2217 ὑποστατικῆς,
1704 2147 1894 2217 ὥσπερ
1920 2147 2016 2205 οὖν

425 2232 525 2284 καὶ
576 2235 845 2305 φυκικῆς,
888 2237 947 2288 ὲν
980 2235 1131 2308 αὑτῷ
1199 2237 1450 2291 δείκνυσι
1484 2239 1660 2307 Λόγον
1695 2238 1817 2292 καθ’
1849 2240 2012 2294 αὑτὸν

422 2322 749 2394 νοούμενος⁹
771 2327 914 2396 ’ὅπερ
944 2328 1043 2397 οὐχ
1066 2327 1239 2393 οὑτως
1268 2329 1417 2400 ἔχει*
1454 2329 1693 2400 ὲκμελὴς
1719 2329 1829 2401 γὰρ
1857 2330 2012 2385 ἔσται

421 2414 576 2467 πᾶσα
625 2417 660 2487 ὴ
702 2416 950 2482 σύνθεσις
993 2420 1095 2489 τῆς
1150 2420 1403 2491 ὁλότητος
1430 2421 1525 2475 τοῦ
1556 2422 1849 2493 προσώπου
1876 2425 2007 2495 Χρι-

422 2505 577 2570 στοῦ,
607 2508 805 2578 φύσεσι
835 2527 895 2563 τε
934 2512 1029 2565 καὶ
1074 2512 1410 2568 ὑποστάσεσι
1452 2513 1851 2587 διακεκριμένη
1875 2531 1888 2545 ’
1917 2514 2012 2569 καὶ

418 2597 621 2668 ψευδὴς
678 2600 713 2671 η
762 2599 1027 2670 ὁμολογία
1103 2602 1204 2673 τῆς
1282 2601 1532 2669 ἐνώσεως
1595 2604 1707 2658 τῶν
1772 2604 2011 2675 φύσεων,

421 2691 603 2761 ἥνπερ
636 2693 881 2758 εὐσεϐῶς
933 2694 1234 2765 δοξάζομεν
1282 2696 1375 2751 ἐπὶ
1422 2696 1702 2767 Χριστοῦ·
1765 2715 2013 2752 καινοτο-

424 2785 608 2849 μείται
636 2784 747 2854 γάρ
778 2784 917 2857 πρὸς
952 2786 1013 2839 τὸ
1040 2788 1209 2841 πάλαι
1240 2787 1453 2855 ἔνδοξον
1482 2789 1572 2843 διὰ
1601 2790 1702 2859 τὴν
1730 2789 2012 2862 ἄφραστον

420 2875 617 2929 ἕνωσιν
662 2876 764 2949 τὴν
817 2879 954 2948 πρὸς
999 2878 1134 2933 Θεὸν
1174 2880 1327 2950 παρὰ
1373 2883 1587 2943 πάντας
1633 2879 1954 2952 ἀνθρώπους
1983 2885 2013 2936 6

421 2967 517 3021 ἐπὶ
563 2969 799 3041 Χριστοῦ
854 2969 1153 3042 λεγόμενος
1202 2972 1512 3044 ἄνθρωπος,
1580 2972 1656 3044 μὴ
1704 2972 1826 3027 καθ’
1862 2974 2011 3044 ἡμᾶς

423 3060 739 3125 ἰδιάζουσαν
777 3062 915 3134 ἔχων
942 3065 1037 3117 καὶ
1061 3065 1488 3137 διακεκριμένην
1515 3065 1700 3136 πάσης
1728 3065 2010 3136 ὁμοειδοῦς

422 3155 520 3212 καὶ
579 3157 918 3227 ὲτεροειδοῦς
986 3158 1202 3227 φύσεως
1254 3159 1355 3229 τὴν
1410 3157 1605 3213 ἑαυτοῦ
1658 3157 2008 3228 ἀνθρωπείαν

2120 2062 2181 2107 ut
2215 2053 2506 2116 naturalis,
2541 2053 2599 2107 in
2628 2051 2749 2122 ipso
2777 2050 3024 2107 ostendit
3048 2050 3294 2106 Verbum
3327 2065 3427 2120 per
3455 2048 3705 2118 seipsum

2115 2147 2416 2217 cognitam,
2452 2145 2602 2216 quod
2645 2162 2759 2202 non
2788 2145 2870 2201 sic
2912 2145 3099 2199 habet.
3142 2140 3544 2200 lnconveniens
3571 2155 3706 2211 ergo

2112 2240 2222 2295 erit
2268 2240 2450 2294 omnis
2480 2238 2763 2309 synthesis
2807 2236 3144 2309 integritatis
3196 2250 3435 2306 persona
3468 2231 3703 2300 Christi,

2114 2337 2370 2399 separata
2444 2328 2663 2384 naturis
2707 2336 2763 2384 et
2822 2328 3101 2399 personis,
3137 2333 3195 2381 et
3239 2326 3374 2380 falsa
3431 2324 3705 2395 professio

2113 2422 2336 2477 unionis
2363 2429 2690 2477 naturarum
2722 2436 2885 2492 quam
2915 2421 3003 2490 pie
3035 2418 3413 2491 gloriﬁcamus
3449 2418 3505 2471 in
3534 2415 3699 2472 Chri-

2112 2524 2220 2571 sto.
2257 2516 2563 2571 lnnovatur
2608 2530 2742 2586 ergo
2776 2522 2973 2569 contra
3008 2513 3303 2581 antiquum
3340 2511 3607 2565 honorem
3646 2509 3704 2564 in

2113 2610 2451 2665 ineﬂ'ahilem
2476 2609 2741 2665 unionem
2774 2607 2869 2661 Dei
2893 2623 3018 2661 cum
3067 2606 3326 2661 omnibus
3381 2604 3705 2661 hominibus

2112 2703 2209 2774 qui
2242 2703 2298 2757 in
2327 2702 2550 2758 Christo
2593 2701 2775 2756 dictus
2815 2701 3005 2764 homo,
3039 2700 3185 2754 inter
3214 2714 3317 2753 nos
3350 2714 3461 2752 non
3490 2697 3706 2752 habens

2111 2809 2407 2864 personam
2432 2793 2733 2847 humanam
2764 2792 3048 2863 propriam
3085 2800 3142 2845 et
3172 2796 3481 2859 reparatam
3523 2788 3705 2842 omnis

2111 2886 2314 2942 similis
2371 2893 2428 2940 et
2460 2883 2749 2939 dissimilis
2798 2894 3033 2947 naturae,
3084 2882 3182 2937 sed
3237 2896 3586 2936 communem
3646 2888 3705 2933 et

2112 2975 2516 3031 indivisibilem
2577 2975 2919 3046 hypostasim
2950 2974 3139 3029 Verbi
3182 2989 3213 3029 a
3258 2981 3457 3026 natura
3499 2987 3598 3026 sua
3644 2985 3705 3025 et

2110 3067 2179 3121 ab
2224 3068 2317 3121 illa
2355 3084 2464 3137 qua
2510 3083 2678 3137 super
2723 3066 2905 3135 ipsum
2937 3075 3041 3131 est,
3076 3065 3199 3120 ideo
3244 3064 3291 3119 si
3324 3072 3386 3118 ut
3428 3079 3497 3118 ex
3545 3062 3703 3132 parte

2109 3157 2371 3223 naturali,
2434 3158 2734 3212 humanam
2796 3164 3055 3210 naturam
3107 3171 3177 3210 ex
3226 3170 3393 3209 carne
3446 3163 3701 3218 vocatur,

423 3247 747 3315 ὑπόστασιν,
778 3250 917 3304 ἀλλὰ
942 3250 1131 3322 κοινὴν
1154 3249 1248 3304 κα)⁹
1270 3250 1576 3321 ἀδιαίρετον
1602 3250 1701 3322 τῆς
1726 3266 1786 3302 τε
1812 3249 2006 3303 ἑαυτοῦ

2112 3264 2240 3303 cum
2278 3250 2421 3303 nihil
2456 3250 2530 3304 sit
2572 3259 2891 3321 suspectum
2927 3250 3089 3305 nobis
3130 3247 3362 3312 fraudis,
3404 3255 3703 3315 utrumque

420 3343 522 3395 καὶ
564 3341 666 3413 τῆς
714 3343 857 3414 ὑπὲρ
901 3344 1063 3398 αὑτὸν
1108 3343 1328 3415 φύσεως
1371 3343 1535 3397 οὖσαν
1576 3342 1672 3398 τοῦ
1704 3344 1878 3412 Λόγου
1907 3344 2007 3413 τὴν

2116 3344 2359 3411 scimus;
2406 3343 2451 3399 si
2499 3361 2655 3409 vero,
2713 3354 2772 3399 ut
2805 3361 2875 3401 ex
2910 3360 3020 3399 una
3075 3339 3701 3419 hypostaseon‘Christi

422 3432 759 3488 ὑπόστασινο
803 3436 886 3490 διὸ
929 3438 977 3489 εί
1020 3436 1118 3506 μὲν
1162 3436 1239 3499 ὡς
1286 3437 1352 3489 ὲκ
1389 3435 1593 3507 μέρους
1637 3433 1869 3505 φυσικοῦ
1907 3433 2009 3505 τὴν

418 3524 776 3597 ἀνθρωπείαν
807 3527 970 3596 φύσιν
1017 3530 1081 3581 ὲκ
1107 3528 1207 3598 τῆς
1242 3526 1447 3599 σαρκὸς
1478 3526 1824 3598 ὀνομάζεται,
1853 3526 2008 3579 066s-

424 3613 513 3675 νὸς
540 3613 786 3669 ὑπόπτου
819 3616 954 3686 ἡμῖν
983 3617 1119 3686 πρὸς
1156 3615 1516 3688 ῥᾳδιουργίαν
1544 3617 1853 3688 γινομένου,
1882 3634 2014 3671 ταυ-

422 3704 516 3758 τὸν
544 3705 707 3776 .ίσμεν
734 3709 1023 3780 ἀμφότερα
1042 3725 1055 3738 ·
1089 3712 1138 3763 εί
1167 3709 1225 3763 δὲ
1247 3708 1325 3773 ὡς
1367 3711 1431 3765 ὲκ
1462 3710 1596 3779 μιᾶς
1629 3709 1740 3762 τῶν
1768 3709 2008 3763 ὑποστά-

424 3812 565 3851 σεων
596 3798 658 3851 τὸ
684 3799 804 3853 ὅλον
863 3800 955 3853 τοῦ
992 3799 1229 3873 Χριστοῦ
1269 3796 1357 3856 οἷά
1392 3819 1539 3866 τινος
1566 3802 1728 3875 χοροῦ
1768 3801 1844 3865 ὡς
1876 3801 2006 3855 ἰδιο-

2118 3445 2318 3503 totum,
2367 3437 2552 3507 qualia
2599 3437 2887 3508 cujusdam
2941 3436 3096 3491 chori
3148 3442 3210 3489 ut
3258 3433 3541 3505 proprium
3568 3432 3703 3486 sub-

2117 3529 2322 3586 sidium
2347 3529 2586 3585 volentis
2619 3529 2981 3585 introducere
3008 3527 3311 3581 humanum
3336 3525 3477 3595 ejus,
3500 3530 3559 3577 et
3591 3538 3705 3577 non

2119 3621 2308 3676 divina
2359 3629 2559 3677 natura
2585 3622 2946 3692 conjunctum
2982 3617 3175 3683 dicite,
3209 3631 3313 3671 nec
3343 3615 3490 3670 nude
3518 3614 3701 3675 homi-

2115 3727 2242 3767 nem
2279 3712 2516 3776 dietum,
2566 3725 2673 3766 nec
2709 3725 2933 3765 carnem
2968 3708 3026 3763 in
3073 3709 3196 3763 loco
3235 3705 3478 3762 hominis
3523 3702 3703 3760 ultimi

2119 3803 2257 3858 nudi
2286 3802 2497 3858 dictam
2537 3801 2846 3873 accipietis.

408 3891 726 3955 ὑπόστατον
758 3893 1071 3964 βουλόμενοι
1098 3896 1340 3965 εἰσάγειν
1366 3896 1429 3950 τὸ
1470 3896 1813 3967 ἀνθρώπινον
1853 3896 2042 3963 αὑτοῦ,
2082 3896 2176 3951 καὶ
2199 3897 2259 3950 οὐ
2293 3896 2413 3967 θείᾳ.
2442 3896 2604 3965 φύσει
2671 3895 2926 3950 σύνθετόν
2955 3913 3116 3965 φατε,
3139 3895 3262 3951 οὐδὲ
3298 3895 3389 3949 τὸν
3414 3892 3704 3967 ἄνθρωπον

422 3987 719 4058 λεγόμενον
748 3988 991 4059 γυμνῶς,
1018 3989 1139 4042 οὑδὲ
1171 3992 1269 4059 τὴν
1307 3989 1487 4060 σάρκα
1515 3989 1637 4043 ἀντὶ
1670 3989 1765 4041 τοῦ
1800 3987 2093 4060 ἀνθρώπου
2124 3988 2333 4042 τελείου
2367 3988 2579 4060 γυμνοῦ
2609 3988 2910 4060 λεγομένην
2940 3988 3375 4058 καταδεξόμεθα.

1019 4124 1272 4180 ΚΕΦΑΛ.
1313 4127 1396 4181 Λ’.

491 4242 600 4314 ΕΗ)
616 4239 755 4313 σὰρξ
780 4238 968 4312 [σάρξ]
1000 4240 1136 4306 ἐστι,
1157 4241 1247 4294 καὶ
1270 4241 1331 4293 οὐ
1361 4240 1576 4313 θεότης,
1593 4242 1623 4295 6
1652 4241 2011 4315 δὲᾶνθρωπος

417 4337 610 4393 οὑκέτι
637 4334 926 4407 ἄνθρωπός
956 4336 1074 4388 ὲστι
1102 4333 1195 4388 καὶ
1222 4335 1283 4388 οὐ
1300 4333 1519 4404 θεότης,
1543 4324 1665 4388 ε’ίπὲ
1690 4334 1746 4388 τί
1782 4334 1881 4407 μὲν
1909 4335 2009 4406 τῆς

420 4428 626 4501 σαρκὸς
658 4429 693 4498 ἡ
714 4428 933 4498 θεότης,
962 4427 1015 4480 τί
1042 4426 1101 4480 δὲ
1134 4424 1231 4480 τοῦ
1260 4425 1606 4499 ἀνθρώπουή
1634 4427 1860 4499 θεότης;
1886 4428 2003 4498 Τῆς

422 4524 653 4590 σαρκὸς,
676 4519 875 4573 ταυτὸν
904 4517 961 4571 δέ
990 4519 1138 4571 ὲστιν
1185 4517 1363 4572 εἰπεῖν
1395 4517 1491 4571 καὶ
1535 4516 1632 4571 τοῦ
1682 4517 1999 4591 ἀνθρώπου,

2712 4123 2871 4179 CAP.
2926 4123 3099 4179 XXX.

2185 4237 2247 4294 Si
2294 4252 2428 4294 caro
2469 4246 2557 4293 est
2605 4246 2662 4293 et
2696 4253 2808 4293 non
2872 4237 3157 4304 divinitas,
3230 4254 3334 4295 nec
3385 4232 3555 4296 hoino
3617 4249 3704 4298 est

2112 4331 2282 4401 homo
2311 4346 2417 4387 nec
2440 4330 2726 4397 divinitas,
2758 4330 2848 4385 dic
2872 4330 3005 4402 quid
3044 4330 3230 4388 carnis
3256 4331 3538 4399 divinitas,
3566 4333 3701 4404 quid

2110 4423 2353 4483 hominis
2378 4423 2682 4479 divinitas?
2710 4422 2902 4490 Quoad
2932 4440 3177 4489 carnem,
3206 4424 3341 4479 illud
3396 4425 3578 4497 ipsum
3614 4426 3702 4481 di-

2109 4517 2348 4575 cendum
2376 4516 2529 4587 quod
2551 4516 2620 4571 de
2656 4517 2885 4573 homine
2918 4517 3417 4574 consubstantialis
3437 4519 3701 4579 divinitas

420 4612 891 4675 συνενυπόστατος
921 4610 955 4681 ἠ
989 4609 1181 4681 θεότης
1214 4612 1273 4664 ὲν
1314 4609 1574 4682 Χριστῷο
1606 4611 1742 4666 ἀλλὰ
1774 4590 1873 4683 τῆς
1906 4612 2005 4683 μὲν

2112 4609 2168 4663 in
2209 4608 2457 4673 Christo,
2496 4608 2593 4664 sed
2617 4623 2769 4674 caro,
2804 4618 2865 4664 ut
2892 4608 3122 4675 dicitur,
3154 4626 3266 4666 non
3303 4626 3447 4667 nove
3486 4612 3700 4667 habens

421 4704 649 4775 σαρκὸς,
681 4703 757 4768 ὡς
810 4703 1051 4777 εἴρηται,
1106 4704 1441 4770 ἀκαινίστως
1489 4705 1721 4777 ἐχούσης
1760 4706 1905 4760 κατά
1948 4723 2007 4761 τε

420 4796 635 4865 φύσεως
670 4797 762 4850 κα)⁵
794 4796 1149 4860 ὑποστάσεως
1189 4798 1369 4867 λόγον,
1400 4798 1494 4853 καὶ
1528 4799 1586 4851 ὲν
1618 4798 1769 4870 αὑτῷ
1795 4798 1869 4863 ὡς
1913 4798 2008 4853 καὶ

415 4891 477 4943 ὲν
501 4892 614 4954 τοῖς
642 4891 872 4956 λοιποῖς,
900 4891 1099 4961 μέρους
1122 4907 1184 4945 τε
1214 4892 1311 4946 καὶ
1333 4891 1595 4964 διαφόρου
1621 4891 2007 4963 θεωρουμένης

421 4981 559 5052 πρὸς
598 4980 659 5034 τὸ
712 4980 865 5036 ὅλον’
915 4981 1012 5036 τοῦ
1066 4981 1124 5035 δὲ
1178 4982 1493 5053 ἀνθρώπου,
1541 4984 2008 5048 συνενυπόστατός

420 5071 570 5123 ἐστιν
607 5072 642 5141 ἡ
673 5070 900 5141 θεὸτης’
953 5072 1330 5137 καινισθέντος
1376 5072 1533 5145 παρὰ
1586 5073 1715 5138 τοὺς
1771 5074 2005 5139 πολλοὺς

419 5160 545 5215 καθ’
573 5162 903 5217 ὑπόστασιν·
937 5164 1061 5218 ἀντὶ
1114 5164 1224 5234 γὰρ
1270 5163 1469 5233 ίδικῆς,
1502 5167 1692 5237 κοινήν
1715 5182 1732 5198 ο
1763 5167 1858 5221 καὶ
1885 5168 2007 5221 ἀντὶ

420 5251 789 5322 ἀνθρωπείας,
822 5252 974 5307 θείαν
1005 5254 1352 5323 κτησαμένου
1385 5255 1725 5337 ὑπόστασινο
1759 5259 1856 5312 καὶ
1881 5260 2007 5313 ἀντὶ

416 5342 545 5395 ὅλου
585 5344 972 5410 ὑποστατικοῦ,
1005 5345 1079 5409 ὡς
1113 5345 1314 5418 μέρους
1340 5347 1397 5400 ὲν
1420 5347 1559 5418 αὐτῇ
1590 5346 1966 5419 θεωρουμένου
1987 5366 2002 5381 ·

421 5430 582 5486 τοῦτο
624 5433 735 5504 γάρ
786 5433 934 5505 αὑτῷ
966 5435 1133 5501 ὅντως
1175 5436 1294 5490 ἐστὶ
1333 5436 1473 5506 πρὸς
1519 5438 1875 5510 ἀπαρτισμὸν
1906 5441 2006 5512 τῆς

417 5522 635 5589 τελείας
690 5527 1128 5599 μακαριότητος*
1179 5527 1273 5581 καὶ
1329 5530 1775 5601 παρατηρητέον,
1810 5532 1896 5585 ὅτι
1941 5533 2003 5586 οὑ

420 5617 652 5672 πάντοτε
706 5619 841 5688 ἡμῖν
881 5618 917 5689 ἦ
963 5636 1021 5673 τε
1074 5618 1214 5692 σάρξ
1262 5620 1355 5674 τὸν
1388 5620 1676 5692 ἄνθρωπον
1706 5622 1772 5676 ὲκ
1803 5622 2006 5693 μέρους

421 5709 700 5781 σημαίνει,
730 5711 762 5782 ἢ
791 5712 821 5764 6
843 5711 1131 5783 ἄνθρωπος
1169 5713 1267 5785 τὴν
1295 5715 1500 5786 σάρκα,
1526 5713 1643 5768 ἀλλ’
1675 5715 1839 5786 ἡνίκα
1876 5719 2006 5789 περὶ

420 5802 638 5871 φύσεως
672 5803 834 5873 μόνον
871 5806 957 5875 εἴη
988 5807 1017 5858 6
1048 5804 1207 5874 λόγος
1228 5822 1243 5836 ·
1272 5806 1367 5860 καὶ
1395 5806 1445 5859 εί
1485 5806 1667 5874 τοῦτο,
1718 5808 1779 5861 οὐ
1818 5808 1909 5862 διὰ
1945 5808 2005 5863 τὸ

419 5893 600 5951 πάντα
645 5896 736 5951 τὸν
788 5897 1073 5967 ἄνθρωπον
1105 5896 1245 5956 εἶναι
1277 5899 1459 5971 σάρκα
1483 5915 1498 5930 ’
1534 5900 1672 5957 ἀλλὰ
1703 5900 1791 5957 διὰ
1820 5901 1879 5955 τὸ
1912 5902 2005 5956 ἐπὶ

2109 4698 2357 4754 Verbum
2377 4699 2708 4754 naturaliter
2727 4708 2785 4754 et
2814 4700 3182 4772 hypostatice,
3207 4709 3264 4756 et
3295 4702 3353 4757 in
3396 4703 3540 4773 ipso,
3562 4704 3698 4759 utin

2109 4790 2325 4846 caeteris
2366 4799 2595 4861 apparet
2645 4791 2823 4861 partis
2871 4800 2929 4847 et
2980 4792 3321 4849 discriminis
3383 4794 3453 4849 ad
3496 4804 3697 4852 totum.

2106 4883 2299 4950 Quoad
2328 4883 3143 4949 hominem,consubstantialis
3166 4896 3252 4943 est
3275 4887 3541 4944 divinitas
3568 4908 3581 4942 :
3611 4906 3699 4945 re-

2106 4984 2371 5031 novatum
2406 4977 2460 5030 in
2492 4975 2748 5047 pluribus
2774 4977 3085 5031 secundum
3111 4979 3456 5050 hypostasin,
3486 4980 3542 5034 in
3574 4981 3695 5036 loco

2110 5068 2368 5139 propriae,
2395 5083 2768 5134 communem,
2787 5077 2847 5123 et
2869 5070 2992 5125 loco
3017 5069 3271 5126 humanae
3297 5071 3541 5126 divinam
3562 5089 3694 5142 per-

2108 5176 2300 5217 sonam
2342 5159 2622 5230 acquisiti,
2652 5166 2711 5214 et
2740 5160 2885 5225 loco,
2916 5161 3086 5216 totius
3128 5162 3480 5233 hypostatici,
3519 5166 3695 5233 parti-

2108 5251 2232 5307 cula
2281 5258 2530 5322 apparet,
2583 5251 2689 5305 hoc
2737 5260 2824 5305 est
2861 5250 2941 5305 illi
2992 5266 3125 5306 vere
3177 5255 3235 5306 in
3289 5253 3691 5324 perfectionem

2108 5343 2313 5398 ultimae
2362 5342 2746 5397 beatitudinis.
2804 5342 2872 5397 Et
2909 5343 3318 5399 observandum
3372 5346 3531 5415 quod'
3580 5364 3694 5404 non

2106 5450 2327 5503 semper
2370 5435 2533 5490 nobis
2571 5450 2701 5491 caro
2734 5435 3017 5490 hominem
3057 5452 3126 5491 ex
3187 5446 3347 5507 parte
3394 5438 3690 5511 signiﬁcat,

2104 5529 2195 5584 vel
2249 5528 2419 5583 homo
2464 5542 2713 5594 carnem,
2752 5531 2849 5583 sed
2897 5528 3122 5599 quando
3152 5528 3221 5584 de
3264 5538 3467 5588 natura
3513 5533 3694 5587 solum

2105 5635 2290 5676 sermo
2307 5629 2393 5675 est
2412 5637 2428 5678 :
2452 5629 2509 5675 et
2523 5619 2570 5674 si
2594 5619 2720 5686 hoc,
2740 5636 2852 5675 non
2880 5622 3015 5691 quia
3035 5637 3136 5692 per
3150 5622 3337 5677 omnia
3362 5623 3529 5679 homo
3544 5634 3693 5679 esset

2106 5726 2256 5777 caro,
2296 5711 2393 5767 sed
2437 5713 2567 5783 quia
2612 5711 2668 5765 in
2704 5711 2930 5768 Christo
2981 5721 3044 5768 ut
3098 5714 3542 5786 distingueretur
3582 5732 3691 5771 una

2106 5814 2305 5860 natura
2343 5806 2651 5861 secundum
2709 5822 2958 5873 carnem,
3014 5822 3236 5867 omnem
3290 5810 3689 5865 humanitatem

2103 5898 2174 5955 ad
2212 5897 2581 5969 divinitatem,
2625 5905 2686 5955 ut
2712 5912 2983 5959 creatura.
3013 5901 3094 5957 ad
3135 5900 3464 5969 increatum,
3509 5910 3565 5957 et
3627 5912 3687 5961 ut
