4116 6442
428 363 559 429 1751

1690 378 2001 440 LEONTII
2035 381 2441 445 BYZANTINI

3555 375 3611 441 1'.
3627 380 3701 445 5‘2

423 488 471 545 si
502 487 758 543 invidens
800 504 973 543 unum
1004 488 1070 544 ad
1111 488 1461 544 divinitatem
1491 490 1857 563 accipientem
1891 511 2019 565 pro-

2137 496 2360 572 Ι(ριστοῦ
2391 499 2469 563 ὡς
2500 497 2633 569 μίαν
2676 495 3205 554 ἀντιδιαστέλλεσθαι
3236 495 3402 565 φύσιν
3427 494 3570 548 κατὰ
3600 493 3702 563 τὴν

426 582 634 652 prium.

1023 850 1176 907 CAP.
1230 850 1423 907 XXXI.

502 940 558 997 Si
598 940 750 1013 quod
778 950 864 997 est
892 943 1076 998 carnis
1104 943 1385 1010 divinitas,
1419 943 1526 999 hoc
1557 952 1661 1007 est,
1695 953 1751 999 et
1774 943 2017 998 hominis

431 1033 716 1099 divinitas,
749 1034 922 1089 altera
947 1051 1081 1090 vero
1112 1052 1242 1091 caro
1274 1052 1448 1107 prope
1478 1038 1852 1103 divinitatem,
1887 1052 2015 1092 nam

433 1141 564 1181 caro
601 1136 687 1183 est
735 1136 791 1182 et
832 1143 943 1182 non
993 1128 1276 1195 divinitas,
1321 1130 1600 1200 quomodo
1626 1146 1735 1185 non
1783 1131 1923 1185 alter
1961 1139 2019 1185 et

435 1219 605 1275 homo
634 1221 790 1293 juxta
844 1221 1218 1290 divinitatem,
1255 1239 1381 1279 cum
1416 1224 1583 1279 homo
1610 1232 1757 1279 esset
1788 1240 1898 1279 non
1931 1223 2016 1277 di-

434 1310 661 1367 vinitas.
712 1311 853 1368 Vere
884 1329 1018 1384 ergo
1049 1314 1194 1368 idem
1224 1324 1313 1370 est
1353 1316 1559 1381 carnis,
1592 1316 1637 1370 si
1680 1330 1809 1371 caro
1842 1316 2019 1370 solum

436 1402 723 1458 diceretur
774 1419 878 1459 nec
905 1414 965 1459 ut
994 1405 1183 1471 homo,
1208 1414 1266 1461 et
1296 1406 1542 1461 hominis
1570 1406 1853 1471 divinitas,
1887 1405 2020 1476 quid

436 1505 571 1545 vero
599 1491 708 1546 illis
734 1500 839 1557 est,
870 1494 975 1548 nisi
1011 1494 1189 1549 solum
1220 1496 1706 1551 consubstantialis
1728 1512 1829 1566 per
1858 1496 2022 1550 nnio-

438 1593 564 1634 lrem
588 1579 645 1634 in
672 1595 993 1651 personam,
1014 1583 1130 1639 sive
1160 1592 1346 1639 utrum
1376 1586 1663 1640 hominum
1684 1585 2020 1656 signiﬁcare,

441 1673 557 1728 sive
588 1674 679 1727 illa
716 1684 777 1728 ut
824 1691 892 1729 ex
936 1684 1113 1747 parte,
1164 1676 1260 1732 ilio
1288 1694 1425 1733 vero
1454 1686 1515 1732 ut
1542 1678 1670 1749 quis
1694 1678 1843 1733 dicet
1872 1679 2023 1733 illam

440 1766 774 1823 eoexsistare
812 1767 870 1821 in
924 1777 1042 1823 toto
1087 1768 1341 1841 physico,
1393 1770 1571 1824 altero
1608 1785 1745 1824 vero
1773 1784 2021 1832 rursum,

2117 592 2318 663 σάρκα,
2340 592 2526 645 πᾶσαν
2571 592 2673 661 τὴν
2704 590 3108 661 ἀνθρωτυότητα
3132 589 3270 661 πρὸς
3297 587 3397 658 τὴν
3422 587 3655 657 θεότητα
3682 601 3699 617 ο

2114 682 2191 744 ὡς
2223 682 2449 751 κτιστήν
2478 697 2539 733 τε
2586 680 2725 751 πρὸς
2775 680 2840 733 τὸ
2882 679 3161 742 ἄκτιστον,
3206 679 3305 733 καὶ
3350 679 3426 742 ὡς
3455 678 3551 731 ἕνα
3578 678 3706 750 ὅρον

2118 775 2518 847 ἐπιδεχομένην
2541 774 2671 829 ἴδιον
2702 773 2857 845 παρὰ
2885 772 2985 842 τὴν
3010 771 3264 841 Θεότητα.

2701 864 2959 921 ΚΕΦΑΛ.
2990 866 3119 921 ΛΛν.

2185 960 2248 1013 El
2272 960 2408 1029 ὅπερ
2430 957 2547 1011 ἐστὶ
2575 958 2679 1027 τῆς
2710 957 2913 1027 σαρκὸς
2947 958 2981 1026 ἡ
3013 956 3228 1026 Θεότης,
3260 953 3422 1009 τοῦτό
3451 956 3571 1009 ἐστι
3606 952 3706 1007 καὶ

2117 1052 2213 1105 τοῦ
2252 1050 2540 1123 ἀνθρώπου
2569 1050 2603 1121 ἠ
2643 1049 2836 1119 θεότης
2858 1066 2874 1082 ο
2904 1049 3067 1120 ἑτέρα
3096 1049 3154 1103 δὲ
3185 1050 3219 1121 ἡ
3248 1048 3387 1120 σὰρξ
3424 1048 3576 1116 παρὰ
3604 1046 3708 1113 τὴν

2122 1145 2354 1212 θεότητα
2386 1142 2546 1213 (σὰρξ
2563 1143 2671 1212 γάρ
2701 1141 2817 1195 ὲστι
2853 1141 3030 1196 καὶοὺ
3060 1141 3300 1211 Θεότης),
3330 1140 3451 1205 πῶς
3480 1142 3579 1209 οὑχ
3598 1138 3712 1192 ἓτε-

2124 1254 2215 1307 ρος
2244 1240 2338 1289 καὶ
2360 1236 2389 1287 6
2416 1236 2705 1306 ἄνθρωπος
2739 1237 2893 1305 παρὰ
2918 1235 3019 1305 τὴν
3048 1234 3317 1305 θεότητα;
3354 1234 3588 1304 ἐπείπερ
3614 1232 3713 1285 ἄν-

2122 1328 2337 1399 θρωπος
2364 1328 2461 1380 καὶ
2493 1327 2555 1380 οὑ
2586 1326 2799 1398 θεότης.
2824 1326 3035 1388 Ὄντως
3059 1326 3170 1395 γὰρ
3203 1324 3402 1378 ταυτόν
3446 1324 3561 1377 ἐστι
3607 1324 3714 1391 τῆς
3762 1379 3769 1383 ,

2122 1436 2182 1472 τε
2219 1417 2443 1489 σαρκὸς,
2475 1416 2580 1471 κᾶν
2626 1415 2703 1481 ὡς
2733 1416 2871 1487 σὰρξ
2920 1415 3081 1486 μόνον
3116 1414 3331 1483 λέγοιτο
3360 1413 3453 1468 καὶ
3484 1414 3582 1483 οὑχ
3634 1412 3715 1475 ὼς

2123 1510 2432 1581 ἄνθρωπος,
2484 1508 2581 1562 καὶ
2634 1506 2730 1560 τοῦ
2768 1505 3061 1578 ἀνθρώπου
3110 1507 3144 1577 ἡ
3176 1505 3371 1575 Θεότης
3392 1521 3407 1537 ⁸
3435 1503 3488 1559 τί
3514 1503 3571 1557 δὲ
3598 1499 3716 1576 ἆρά

2124 1605 2275 1657 ἐστιν
2308 1603 2511 1666 αὐτοῖς,
2538 1601 2573 1673 ἢ
2608 1601 2768 1673 μόνον
2794 1601 3204 1662 συνυπόστατος
3223 1598 3314 1652 διὰ
3333 1599 3432 1668 τῆς
3463 1597 3718 1660 ένὼσεως

2124 1696 2227 1766 τῆς
2272 1695 2395 1751 καθ’
2426 1694 2760 1749 ὑπόστασιν·
2792 1694 2902 1747 sive
2944 1694 3112 1761 ἄμφω
3154 1690 3249 1745 τὸν
3281 1689 3571 1761 ἄνθρωπον
3613 1705 3718 1756 ση-

2131 1790 2397 1861 μαίνοιεν,
2448 1788 2561 1842 εἴτε
2591 1790 2659 1859 τῇ
2695 1787 2793 1858 μὲν
2832 1786 2910 1850 ὡς
2950 1786 3131 1857 μέρει,
3155 1785 3237 1855 τῷ
3262 1784 3319 1837 δὲ
3365 1781 3442 1845 ὡς
3472 1781 3579 1851 ὅλῳ
3614 1798 3720 1846 φυ-

443 1873 575 1913 caro
600 1859 861 1924 ethomo,
884 1860 1162 1929 quomodo
1186 1876 1341 1927 vero,
1365 1860 1677 1917 divinitatis
1701 1861 1757 1915 in
1775 1861 2021 1926 Christo,

2137 1852 2271 1956 σικῷ
2302 1852 2741 1953 συνυφίστασδαξ
2759 1898 2846 1944 τις
2871 1852 3217 1949 λέγει-αὑτήν
3237 1894 3251 1907 ·
3273 1876 3440 1947 ’ἐτερα
3464 1874 3521 1929 δὲ
3556 1872 3726 1928 πάλιν

441 1951 549 2007 nisi
582 1960 809 2019 natura,
857 1968 985 2007 cum
1032 1967 1161 2007 caro
1193 1953 1265 2008 sit
1290 1962 1347 2009 et
1378 1953 1565 2019 homo,
1615 1962 1672 2009 et
1719 1968 1829 2008 non
1873 1953 2023 2007 Divi-

444 2044 610 2109 nitas,
650 2044 697 2099 si
746 2060 871 2099 cum
900 2060 1003 2101 vos
1034 2044 1244 2111 dicitis,
1290 2045 1387 2101 sed
1440 2045 1747 2102 secundum
1795 2045 2025 2099 alteram

446 2148 699 2195 naturam
731 2154 864 2193 sane
922 2137 1014 2193 illa
1080 2146 1168 2193 est
1212 2139 1385 2194 altera
1435 2147 1493 2194 et
1550 2154 1660 2192 non
1720 2138 2025 2193 secundum

446 2230 609 2284 aiiam
648 2229 992 2301 hypostasin,
1044 2243 1170 2284 cum
1196 2236 1398 2285 natura
1432 2229 1503 2284 sit
1539 2228 1821 2297 divinitas,
1855 2229 2027 2284 altera

447 2329 643 2376 natura
693 2322 1036 2377 humanitas.

1025 2520 1178 2577 CAP.
1229 2521 1448 2579 XXXII.

524 2614 581 2671 Si
618 2614 808 2671 cannis
844 2630 972 2684 pars
1008 2630 1122 2669 non
1156 2624 1277 2670 erat
1308 2617 1455 2672 Deus
1498 2615 1762 2681 Verbum,
1788 2614 2032 2670 hominis

451 2721 586 2762 vero
629 2723 757 2777 pars
802 2716 969 2773 esset,
1001 2708 1284 2776 quomodo
1321 2725 1430 2763 non
1463 2709 1729 2773 arianice,
1765 2710 1853 2764 vel
1882 2709 2032 2779 apol-

452 2797 684 2854 linarice
715 2798 930 2853 sentis?
965 2798 1073 2853 Sed
1103 2815 1207 2854 nec
1254 2801 1463 2869 carnis,
1504 2817 1607 2856 nec
1630 2801 1869 2856 hominis
1905 2816 2032 2871 pars

455 2891 723 2955 Verbum,
775 2907 878 2946 nec
914 2892 1117 2947 factum
1147 2902 1254 2957 est,
1287 2909 1413 2947 nam
1446 2894 1492 2948 si
1520 2894 1647 2964 quis
1686 2895 1810 2949 loco
1836 2895 2033 2949 animae

454 2984 607 3039 carni
633 2984 752 3038 sine
782 2985 901 3055 lege
923 2983 1084 3039 daret
1105 2984 1347 3038 Verbum
1369 2984 1676 3040 secundum
1700 2996 2034 3041 memoratos

454 3074 614 3131 vobis
667 3075 1173 3145 blasphematores,
1204 3075 1303 3131 sed
1360 3076 1619 3132 similiter
1657 3092 1761 3131 nec
1807 3076 2030 3146 quidem

455 3165 696 3221 hominis
743 3182 871 3237 pars
910 3182 1037 3221 eum
1090 3167 1341 3231 exhibet,
1377 3183 1505 3221 nam
1552 3167 1659 3222 tale
1710 3176 1885 3222 totum
1923 3183 2030 3222 non

455 3257 625 3316 homo
656 3260 765 3315 erit
787 3260 893 3315 hoc
915 3274 980 3315 ex
1000 3275 1164 3315 carne
1198 3259 1319 3316 sine
1367 3258 1549 3315 anima
1575 3267 1633 3315 et
1669 3260 1841 3314 divini
1868 3259 2034 3316 Verbi

454 3346 866 3417 compositum;
916 3348 1171 3418 corporis
1216 3348 1365 3403 enim
1415 3349 1599 3403 anima
1628 3350 1882 3404 rationali
1913 3350 2036 3404 ani-

455 3439 585 3499 mali
620 3438 738 3494 haec
785 3450 871 3495 est
914 3440 1161 3495 hominis
1192 3440 1335 3495 ratio
1367 3449 1425 3495 et
1456 3440 1728 3504 deﬁnitio,
1769 3457 1879 3496 non
1907 3456 2038 3495 vero

455 3531 647 3588 divino
678 3532 859 3588 Verbo
890 3533 1114 3589 animali
1142 3550 1158 3599 ;
1190 3533 1237 3588 si
1265 3548 1400 3589 vero
1435 3536 1563 3605 quis
1591 3534 1738 3589 dicat
1762 3533 2039 3604 quomodo

455 3623 699 3681 Verbum
745 3641 875 3695 pars
922 3625 1149 3692 Christi,
1199 3626 1510 3691 evidenter,
1548 3633 1610 3680 ut
1644 3628 1817 3681 totius
1842 3635 1899 3681 et
1928 3642 2037 3681 non

458 3726 519 3772 nt
566 3718 810 3773 hominis
852 3718 1174 3789 simpliciter
1212 3718 1372 3784 dicis,
1408 3728 1464 3774 et
1513 3718 1618 3774 hoc
1646 3719 1824 3773 solum
1858 3718 1924 3773 ad
1960 3718 2041 3773 in-

464 3808 797 3866 dicationem
840 3811 1073 3867 unitatis
1111 3826 1362 3883 personae
1392 3810 1543 3866 illius
1575 3825 1644 3866 ex
1670 3810 1907 3867 diversis
1936 3825 2041 3866 na-

438 3890 443 3895 ’
460 3902 604 3957 turis
650 3902 995 3973 compositae.

1025 4082 1180 4141 CAP.
1227 4082 1473 4139 XXXIII.

530 4178 591 4234 Si
639 4185 702 4232 ut
728 4193 856 4248 pars
887 4177 1073 4233 carnis
1109 4191 1222 4232 non
1247 4185 1332 4231 est
1357 4177 1502 4233 Deus
1530 4176 1795 4244 Verbum,
1827 4176 1908 4233 sic
1938 4192 2045 4233 nec

461 4286 590 4345 pars
637 4270 883 4326 hominis
933 4269 1210 4341 quomodo
1238 4284 1353 4324 non
1400 4270 1542 4325 alter
1571 4270 1737 4325 homo
1766 4269 1834 4325 ad
1867 4270 2041 4325 Deum

461 4362 729 4427 Verbum,
778 4363 978 4420 eodem
1018 4362 1185 4418 modo
1212 4370 1270 4417 et
1310 4363 1453 4418 alter
1503 4363 1650 4418 Deus
1681 4363 1927 4420 Verbum
1973 4362 2043 4417 ad

462 4470 725 4522 carnem;
773 4470 900 4510 nam
955 4455 1103 4510 Deus
1144 4454 1387 4509 Verbum
1435 4470 1547 4509 non
1593 4463 1679 4509 est
1716 4470 1867 4518 caro,
1900 4453 2045 4509 sicut

2129 1978 2164 2047 ἦ
2188 1994 2249 2030 τε
2281 1976 2421 2047 σὰρξ
2451 1976 2545 2029 καὶ
2599 1976 2628 2028 6
2654 1974 2964 2045 ἄνθρωπος,
3019 1970 3142 2035 πῶς
3176 1972 3326 2024 ἐστιν
3370 1966 3586 2039 ἀληθῶς
3618 1967 3723 2036 τῆς

2132 2072 2385 2143 θεότητος
2419 2072 2477 2123 ὲν
2511 2068 2757 2140 Χριστῷ,
2780 2070 2828 2121 εἰ
2866 2066 2941 2138 μὴ
2974 2065 3164 2135 φύσεις
3198 2061 3468 2132 Ἐπεεπερ
3504 2060 3641 2132 σάρξ
3656 2059 3722 2111 τέ

2132 2165 2248 2219 ἐστι
2279 2164 2374 2218 καὶ
2405 2161 2717 2233 ἄνθρωπος,
2750 2160 2846 2215 καὶ
2879 2159 2945 2213 οὑ
2986 2157 3182 2226 θεότης
3222 2154 3373 2219 τάδε,
3405 2152 3588 2214 καθὼς
3622 2151 3724 2205 καὶ

2133 2259 2292 2329 ὑμεῖς
2320 2273 2480 2325 φατε,
2508 2254 2647 2309 ἀλλὰ
2697 2252 2842 2308 κατὰ
2882 2254 3048 2321 φύσιν
3074 2249 3288 2322 ἑτέραν,
3315 2247 3517 2319 δηλαδὴ
3548 2244 3721 2316 ἕτερά

2133 2350 2251 2403 ἐστι
2277 2348 2405 2402 τάδε
2436 2346 2605 2401 καὶοὺ
2637 2345 2760 2399 καθ’
2790 2343 3091 2397 ὑπόστασιν
3119 2340 3319 2409 mw
3354 2338 3519 2410 εῐπερ
3550 2335 3722 2406 φύσις

2134 2442 2169 2513 ὴ
2196 2441 2409 2511 θεότης,
2437 2439 2535 2493 καὶ
2567 2437 2727 2510 φύσις
2755 2435 2919 2506 ἑτέρα
2944 2436 2979 2507 ἡ
3000 2432 3381 2505 ἀνθρωπότης.

2724 2529 2979 2583 ΚΕΦΛΛ.
3005 2525 3133 2582 AB’.

2203 2629 2269 2683 Et
2298 2627 2396 2695 τῆς
2424 2624 2629 2697 σαρκὸς
2655 2622 2755 2693 μὲν
2792 2620 2958 2693 μέρος
2981 2620 3083 2672 οὑκ
3106 2613 3175 2691 ἦν
3202 2618 3230 2672 6
3250 2615 3385 2680 Θεὸς
3404 2612 3600 2683 Λόγος,
3623 2610 3731 2666 τοῦ

2135 2726 2194 2780 δὲ
2219 2722 2509 2794 ἀνθρώπου
2538 2721 2705 2791 μέρος
2738 2713 2829 2787 ἦν,
2859 2716 2979 2781 πῶς
2992 2710 3466 2785 ούκἊρειανῑζεις
3493 2709 3527 2781 ἦ
3560 2708 3730 2761 Ἀπο-

2137 2814 2470 2885 λιναρίζειςς
2499 2808 2639 2863 ‘AD.’
2666 2807 2791 2862 οὑδὲ
2816 2804 2917 2875 τῆς
2946 2803 3148 2876 σαρκὸς
3167 2798 3403 2855 οὐδὲτοῦ
3428 2797 3729 2868 ἀνθρώπω

2142 2908 2307 2979 μέρος
2336 2906 2364 2960 6
2387 2903 2581 2971 Λόγος,
2620 2902 2694 2971 μὴ
2723 2898 2933 2967 γένοιτο
2958 2914 2973 2929 ο
3029 2896 3077 2948 εἰ
3108 2894 3217 2965 γάρ
3245 2909 3331 2955 τις
3359 2890 3456 2944 καὶ
3480 2888 3603 2942 ἀντὶ
3622 2887 3696 2956 ψι-
3714 2917 3735 2931 ο

2138 2998 2239 3070 χῆς
2265 2998 2332 3068 τῇ
2391 2993 2555 3064 σαρκὶ
2588 2991 2844 3061 ἀθέσμως
2893 2988 3011 3058 δοίη
3046 2986 3139 3041 τὸν
3194 2983 3369 3053 Λόγον
3398 2980 3540 3035 κατὰ
3596 2980 3734 3043 τοὺς

2143 3087 2618 3160 μνημονευθέντας
2650 3084 2782 3154 ὑμῖν
2817 3080 3210 3151 οεολοιδόρους,
3254 3075 3371 3130 ἀλλ’
3400 3075 3551 3143 ὅμως
3599 3070 3731 3125 οὐδὲ

2063 3200 2105 3258 c
2138 3178 2311 3242 οὕτως
2374 3175 2664 3249 ἀνθρώπου
2717 3174 2883 3245 μέρος
2935 3172 3002 3226 ἂν
3054 3169 3217 3226 αὑτὸν
3266 3165 3631 3258 παραστήση·
3663 3160 3737 3258 οὑ

2139 3271 2249 3342 γὰρ
2279 3270 2340 3323 τὸ
2396 3267 2598 3322 τοιόνδε
2628 3266 2749 3320 ὅλον
2778 3264 3066 3334 ἄνθρωπος
3120 3259 3274 3313 ἔσται
3322 3255 3510 3309 λοιπὸν
3553 3253 3615 3306 τὸ
3663 3252 3731 3305 ὲκ

2143 3362 2345 3433 σαρκὸς
2368 3360 2578 3431 ἀψύχου
2618 3359 2713 3413 καὶ
2764 3358 2941 3423 Λόγου
2999 3353 3147 3407 Θείου
3198 3345 3731 3421 συμπληρούμενον

2144 3456 2398 3525 σώματος
2426 3453 2537 3525 γὰρ
2567 3453 2760 3520 λογικῇ
2817 3450 2965 3520 ψυχῇ
2998 3445 3381 3517 ὲψυχωμένου,
3411 3443 3439 3495 6
3481 3438 3577 3493 τοῦ
3632 3436 3733 3490 ἁν-

2142 3547 2362 3621 θρὼπου
2416 3546 2577 3615 λόγος
2615 3543 2712 3597 καὶ
2751 3542 2879 3614 ὄρος
2910 3540 3089 3594 ἐστίν’
3133 3537 3195 3590 ού
3235 3535 3344 3607 μὴν
3402 3533 3535 3601 θείῳ
3567 3528 3737 3621 Λόγῳ

2144 3618 2527 3705 ὲῷυχωμένου·
2560 3632 2608 3686 ει
2640 3632 2698 3685 δὲ
2726 3631 2835 3700 ἄρα
2856 3629 2948 3684 καὶ
2974 3628 3125 3694 λέγοι
3166 3624 3251 3689 τίς
3298 3640 3417 3687 πως
3449 3621 3615 3691 μέρος
3636 3618 3733 3671 τὸν

2142 3727 2316 3796 Λόγον
2340 3722 2600 3797 Χριστοῦ,
2625 3722 2827 3793 δηλαδὴ
2852 3721 2927 3783 ὡς
2950 3720 3077 3773 ὅλου
3094 3734 3114 3749 ο
3162 3715 3260 3770 καὶ
3286 3714 3385 3785 οὑχ
3410 3713 3486 3776 ὡς
3518 3708 3736 3779 ἀνθροῦ⁴

2142 3836 2248 3875 που
2305 3816 2494 3879 ἁπλῶς
2523 3830 2694 3887 φησιο
2740 3811 3021 3867 καὶτοῦτο
3057 3808 3218 3880 μόνον
3249 3807 3387 3878 πρὸς
3444 3802 3735 3875 σημασίαν

2142 3912 2238 3968 τοῦ
2277 3911 2336 3965 ἓν
2393 3905 2535 3963 εἶναι
2584 3907 2877 3979 πρόσωπον
2907 3902 3075 3958 αὑτοῦ
3114 3904 3180 3956 ἐκ
3212 3897 3486 3971 διαφόρων
3509 3894 3737 3965 φύσεων

2145 4004 2526 4076 συγκείμενον.

2726 4091 2978 4147 ΚΕΦΛΛ.
3007 4088 3129 4143 AI".

2213 4189 2490 4260 Εἰῶσπερ
2538 4186 2703 4258 μέρος
2727 4186 2828 4240 οὑκ
2864 4184 2982 4237 ἐστι
3013 4184 3114 4253 τῆς
3146 4180 3351 4253 σαρκὸς
3400 4180 3427 4234 6
3456 4178 3591 4243 Θεὸς
3622 4177 3736 4232 Λό-

2143 4300 2261 4353 γος,
2282 4280 2457 4346 οὕτως
2482 4279 2602 4334 οὑδὲ
2627 4279 2793 4351 μέρος
2815 4276 2911 4331 τοῦ
2936 4275 3252 4347 ἀνθρώπου,
3269 4276 3387 4337 πῶς
3419 4272 3518 4342 ούχ
3540 4272 3631 4326 ἓτε
3642 4289 3736 4343 ρος

2143 4378 2172 4430 6
2210 4376 2494 4445 ἄνθρωπος
2527 4370 2681 4444 παρὰ
2726 4370 2819 4423 τὸν
2861 4368 2993 4421 Θεὸν
3025 4367 3234 4436 Λόγον;
3266 4365 3458 4436 ὥσπερ
3489 4360 3585 4418 οὖν
3638 4366 3735 4418 καὶ

2144 4467 2331 4537 ἔτερος
2357 4467 2386 4519 6
2410 4464 2546 4527 Θεὸς
2570 4462 2746 4532 Λόγος
2774 4460 2926 4531 παρὰ
2952 4459 3049 4530 τὴν
3078 4458 3255 4530 σάρκα
3274 4475 3289 4488 ο
3324 4458 3353 4511 6
3397 4457 3572 4526 Λόγος
3620 4457 3737 4528 γὰρ

462 4556 519 4603 et
562 4562 693 4602 caro
723 4555 944 4603 estnon
986 4545 1267 4611 divinitas,
1292 4561 1394 4601 nec
1425 4545 1630 4611 carnis,
1668 4561 1773 4600 nec
1797 4545 2035 4600 hominis

2144 4535 2275 4624 Θεός
2288 4560 2403 4613 ἔστι
2424 4556 2520 4612 καὶ
2535 4558 2594 4611 οὑ
2608 4557 2765 4627 σὰρξ,
2790 4554 2978 4625 ὥσπερ
2989 4548 3081 4608 οὖν
3094 4554 3188 4608 καὶ
3201 4555 3234 4623 ἡ
3254 4550 3444 4626 [σὰρξ]
3465 4550 3603 4622 σάρξ
3614 4554 3736 4606 ἐστι

465 4654 593 4708 pars
636 4638 783 4692 Deus
834 4638 1100 4701 Verbum,
1144 4652 1247 4692 nec
1297 4637 1603 4692 secundum
1634 4648 1910 4701 naturam,
1942 4653 2043 4693 nec

464 4729 768 4785 secundum
818 4745 1135 4801 personam.
1183 4729 1290 4785 Sed
1340 4728 1568 4796 Christi,
1619 4745 1744 4785 cum
1804 4730 2047 4785 hominis

464 4821 613 4878 nuda
663 4821 848 4892 aliqua
883 4822 954 4877 sit
986 4822 1299 4893 hypostasis
1324 4822 1541 4877 Domini
1575 4822 1751 4877 nostri
1793 4822 2041 4891 Christi;

465 4913 604 4969 alter
634 4912 802 4984 igitur
829 4913 1016 4968 carnis
1048 4921 1106 4968 et‘
1143 4912 1411 4979 hominis,
1440 4912 1652 4969 scilicet
1687 4913 2048 4970 humanitatis

466 5007 774 5062 secundum
804 5016 1059 5062 naturam
1097 5005 1277 5061 solum
1327 5015 1657 5061 nosceretur
1692 5005 1935 5061 Verbum
1990 5005 2045 5060 in

466 5097 711 5164 Christo,
737 5114 849 5153 non
884 5106 1068 5153 autem
1096 5096 1400 5152 secundum
1432 5113 1748 5167 personam,
1796 5097 2048 5167 quamvis

466 5206 566 5246 vos
602 5199 817 5246 secreto
859 5198 1087 5262 agentes
1135 5188 1204 5243 de
1239 5188 1544 5260 hypostasi,
1606 5188 1780 5243 siletis
1809 5188 2050 5244 dissimi-

467 5283 733 5339 litudines
767 5290 825 5337 et
865 5281 1257 5338 similitudines
1281 5281 1616 5352 aliquorum,
1643 5290 1700 5335 et
1729 5287 1790 5334 ut
1840 5289 2051 5334 utrum-

468 5391 577 5446 que
602 5375 845 5437 dicatur.
877 5383 938 5429 ut
966 5376 1135 5431 unius
1165 5375 1245 5429 rei
1272 5382 1483 5428 natura:
1509 5389 1781 5429 consessze
1809 5372 2046 5429 discreta

469 5468 817 5537 diversitate,
839 5469 1055 5525 etalius
1085 5468 1164 5524 rei
1186 5482 1317 5523 sane
1333 5466 1643 5538 hypostasis
1673 5466 2049 5523 diversitatem

469 5560 671 5619 furtive
692 5559 945 5625 assertis,
968 5567 1025 5614 et
1052 5573 1117 5615 ex
1137 5557 1411 5630 principio
1438 5557 1598 5613 vobis
1627 5556 1734 5612 hoc
1756 5568 1841 5614 est
1870 5557 2048 5623 cordi,

470 5652 608 5709 duas
636 5654 965 5723 hypostases‘
1000 5649 1295 5715 ostendite,
1323 5656 1377 5704 et
1400 5650 1663 5705 unionem
1701 5652 1917 5706 Domini
1956 5669 2053 5707 no-

474 5746 571 5800 stri
605 5743 812 5799 Christi
859 5743 1130 5813 separatis
1157 5758 1321 5813 quam
1367 5759 1491 5799 cum
1537 5744 1656 5799 solo
1695 5745 1877 5799 Verbo
1904 5745 2049 5799 acci-

476 5850 613 5903 per:
659 5836 957 5891 simulatis.
1002 5834 1107 5901 Qui
1152 5851 1286 5891 vero
1337 5835 1641 5891 secundum
1693 5846 1953 5893 naturam
1996 5847 2053 5894 et

2149 4652 2242 4706 καὶ⁵
2261 4651 2322 4704 οὑ
2354 4650 2570 4718 Θεότης.
2607 4648 2742 4702 Οὐδὲ
2774 4648 2873 4714 τῆς
2918 4646 3143 4718 σαρκὸς,
3171 4644 3292 4698 οὑδὲ
3325 4642 3420 4698 τοῦ
3441 4643 3736 4713 ἀνθρώπου

2151 4736 2320 4809 μέρος
2342 4736 2370 4787 6
2397 4735 2531 4799 Θεὸς
2554 4735 2744 4805 Λόγος.
2767 4734 2892 4787 οὔτε
2921 4733 3064 4787 κατὰ
3085 4732 3268 4802 φύσιν,
3294 4732 3420 4786 οὔτε
3448 4731 3572 4786 καθ’
3599 4732 3741 4785 ὑπό-

2150 4844 2359 4893 στασιν,
2393 4826 2533 4880 ἀλλὰ
2547 4825 2786 4899 Χριστοῦ
2808 4841 2821 4856 ·
2857 4825 2983 4879 ἐπεὶ
3042 4824 3117 4895 μὴ
3160 4824 3452 4895 ἀνθρώπου
3484 4822 3616 4893 ψιλή
3648 4840 3737 4889 τις

2147 4910 2216 4987 ἦν
2239 4918 2274 4987 ἡ
2303 4915 2599 4981 ὑπόστασις
2656 4916 2751 4969 τοῦ
2783 4915 3062 4969 Δεσπότου
3099 4914 3257 4985 ἡμῶν
3305 4914 3544 4983 Χριστοῦ
3570 4932 3582 4944 ·
3610 4915 3736 4967 ἓτε-

2154 5025 2244 5079 ρος
2270 5004 2365 5061 οὖν
2394 5008 2492 5077 τῆς
2522 5025 2581 5061 τε
2614 5007 2818 5077 σαρκὸς
2848 5008 2945 5061 καὶ
2989 5006 3086 5059 τοῦ
3113 5004 3408 5077 ἀνθρώπου
3433 5006 3601 5076 ἧγουν
3631 5003 3739 5073 τῆς

2150 5097 2569 5170 ἀνθρωπότητος
2596 5098 2741 5152 κατὰ
2780 5096 2944 5167 φύσιν
3000 5096 3161 5167 μόνον
3210 5100 3387 5150 νοοῖτο
3415 5096 3480 5150 ἂν
3507 5098 3535 5149 6
3556 5096 3738 5163 Λόγος

2150 5191 2210 5245 ὲν
2237 5189 2479 5261 Χριστῷ,
2506 5191 2568 5245 οὑ
2598 5190 2705 5262 μὴν
2735 5192 2829 5244 καὶ
2860 5190 2983 5243 καθ’
3018 5190 3321 5244 ὑπόστασιν
3340 5208 3355 5223 ο
3385 5191 3432 5243 εἰ
3458 5188 3741 5259 καὶὺμείς

2152 5280 2402 5346 ὑπούλως
2437 5281 2653 5351 ἔχοντες
2697 5282 2827 5354 περὶ
2884 5280 2983 5351 τὴν
3015 5279 3296 5344 ὑπόθεσιν,
3354 5280 3595 5333 σιωπᾶτε
3630 5279 3739 5342 τὰς

2152 5372 2477 5444 ἑτερότητας
2506 5372 2601 5425 καὶ
2631 5371 2967 5443 ταυτότητας
2998 5373 3159 5426 τίνων
3188 5388 3276 5440 γε.
3312 5372 3406 5425 καὶ
3438 5371 3587 5434 ὅπως
3609 5371 3740 5424 ἑκά-

2150 5482 2283 5536 τερα
2314 5464 2551 5533 λέγεται,
2591 5464 2678 5517 ἵνα
2704 5463 2794 5517 διὰ
2814 5464 2912 5534 τῆς
2936 5462 3030 5518 τοῦ
3062 5465 3179 5527 ἑνὸς
3208 5464 3532 5536 πράγματος
3561 5464 3738 5534 ἤγουν

2151 5558 2250 5627 τῆς
2308 5556 2527 5627 φύσεως
2567 5556 3003 5628 ὡμολογημένης
3055 5557 3376 5627 ἑτερότητος
3421 5555 3741 5626 λεληθότως

2153 5654 2247 5707 καὶ
2274 5652 2371 5722 τὴν
2392 5652 2553 5706 ἄλλου
2586 5651 2908 5723 πράγματος
2938 5651 3107 5721 ἤγουν
3133 5650 3233 5719 τῆς
3260 5646 3613 5711 ὑποστάσεως
3633 5647 3740 5715 τὴν

2154 5745 2449 5815 ἑτερότητα
2482 5743 2995 5815 παρεισενέγκοιτε’
3032 5744 3126 5796 καὶ
3164 5742 3227 5795 τὸ
3260 5742 3319 5807 ἐξ
3374 5741 3550 5811 ἀρχῆς
3601 5741 3741 5809 ὑμῖν

2156 5837 2466 5905 σπουδαῖον,
2489 5836 2583 5891 δύο
2610 5837 2709 5902 τὰς
2742 5836 3065 5900 ὑποστάσεις
3092 5835 3327 5906 δείξητε,
3353 5834 3448 5889 καὶ
3472 5832 3573 5906 τὴν
3600 5832 3741 5887 ἔνω-
