4116 6480
404 396 540 459 1753

1391 399 1790 465 ADVERSUS
1828 405 2374 471 NESTORIANOS.
2397 438 2466 446 —
2480 412 2625 473 LIB.
2667 413 2766 474 VI.

3526 413 3661 478 1754

395 530 480 566 σιν
502 510 597 565 τοῦ
621 511 893 567 Δεσπότου
912 510 1069 584 ἡμῶν
1100 512 1341 584 Χριστοῦ
1372 515 1691 588 διαζεύξητε
1727 520 1796 590 ἢν
1822 522 1981 593 Λόγῳ
2006 582 2008 587 γ

2113 527 2404 595 ιςροδιιιεῑη
2427 528 2638 597 aliquid
2689 527 2957 583 discernit
2991 527 3213 582 nonnisi
3246 527 3300 582 in
3334 531 3467 586 solis
3518 538 3666 588 acci-

398 605 547 677 p.6'up
574 605 971 675 καταδέχεσθαι
990 607 1415 677 προσποιεῖσθε*
1447 610 1477 662 6
1505 610 1614 678 γὰρ
1647 612 1787 665 κατὰ
1810 612 1975 682 φύσιν

2080 615 2341 671 dentibus
2377 618 2636 673 unionem
2678 620 2827 674 illius
2855 620 2975 674 ﬁeri
3019 629 3196 690 putat.

396 715 456 753 τε
490 698 584 751 καὶ
612 696 908 753 ὑπόστασιν
940 698 1231 770 διακρίνων
1258 717 1332 765 τι,
1369 702 1492 755 κατ’
1551 704 1705 759 οὐδὲν
1764 705 1845 759 ἔτι
1874 706 1909 778 ἦ
1940 708 2049 778 ἄρα
2085 709 2227 764 κατὰ
2265 712 2611 783 συμϐεϐηκὸς
2651 714 2813 783 μόνον
2844 714 2941 768 τὴν
2985 717 3176 771 τούτου
3228 722 3524 790 συνάφειαν
3552 723 3661 774 οἴε-

398 804 509 841 ται.

411 968 3623 1009 .____..____________________________________________________

1741 1090 2109 1182 ΛΟΓΟΣ
2187 1092 2331 1193 (ζ’.

404 1246 625 1313 Ἔκτης
657 1247 856 1302 αὐτῶν
890 1250 1170 1322 ἀσεϐείας
1220 1254 1428 1325 δεῖξις,
1480 1260 1773 1329 θεοφόρον
1816 1262 2133 1330 ἄνθρωπον
2173 1266 2271 1319 καὶ
2326 1268 2398 1320 οὐ
2434 1268 2584 1322 Θεὸν
2619 1269 3171 1337 ἑνανθρωπήσαντα
3219 1271 3519 1341 λεγόντων
3562 1272 3667 1324 τὸν
3770 1334 3773 1337 _

1521 1353 1746 1421 Κύριον
1778 1355 1949 1425 ἡμῶν
1989 1357 2242 1413 Ἰησοῦν
2271 1361 2555 1428 Χριστόν.

1726 1625 2085 1714 LIBER
2188 1630 2360 1717 Vl.

477 1786 651 1845 Sexta:
685 1790 973 1861 impietatis
1003 1792 1382 1849 demonstratio
1427 1810 1609 1848 eorum
1646 1795 1737 1864 qui
1774 1795 1955 1849 dicunt
1998 1796 2262 1851 hominem
2310 1798 2668 1869 Thcoplwrum
2703 1819 2810 1858 esse
2843 1804 3129 1861 Dominum
3158 1819 3397 1865 nostrum
3423 1811 3605 1866 Iesum

1496 1888 1766 1945 Christum
1804 1899 1853 1943 et
1884 1907 1989 1943 non
2025 1890 2193 1945 Deum
2226 1893 2588 1951 incarnatum.

829 2168 1228 2225 ΚΕΦΛΛΑΙΟΝ
1260 2166 1559 2225 ΠΡΩΤΟΝ.

2024 2176 2073 2231 Β

2609 2174 2835 2232 CAPUT
2896 2175 3189 2234 PRIMUM.

484 2262 548 2317 El
569 2262 763 2333 στολὴν
790 2262 905 2333 ἔχει
925 2265 955 2319 6
984 2263 1159 2331 Λόγος
1185 2263 1287 2332 τὴν
1324 2262 1525 2334 σάρκα,
1563 2261 1707 2316 κατὰ
1756 2259 1818 2314 τὸ
1840 2262 1996 2332 εἰρη-

2169 2267 2225 2324 Si
2271 2266 2465 2323 stolam
2501 2267 2670 2323 habet
2718 2269 2959 2324 Verbum
3007 2285 3256 2335 carnem,
3296 2270 3442 2326 sicut
3468 2272 3678 2329 dictum

416 2356 576 2427 μὲνον
602 2355 752 2426 αὑτῷ
771 2356 858 2410 διὰ
873 2356 982 2409 τῶν
1011 2355 1184 2425 λόγων
1209 2356 1373 2409 αὑτοῦ
1405 2356 1531 2424 περὶ
1553 2354 1769 2418 ἑαυτοῦ,
1800 2372 1820 2406 ι
1854 2354 1998 2406 Πλυ-

412 2449 497 2501 νεῖ
517 2449 575 2501 ὲν
594 2446 722 2519 οίνῳ
739 2448 839 2518 τὴν
862 2447 1053 2519 στολὴν
1081 2448 1270 2514 αὑτοῦ,
1306 2467 1324 2499 ι
1355 2447 1597 2519 δηλονότι
1618 2450 1646 2501 6
1664 2447 2000 2518 ἀναθεματί-

414 2540 524 2604 ζων
563 2541 657 2595 τὸν
699 2541 929 2609 λέγοντα
962 2540 1221 2612 θεοφόρον
1258 2540 1546 2612 ἄνθρωπον
1593 2541 1682 2594 τὸν
1743 2540 1998 2611 Χριστὸν,

415 2632 524 2699 πρὸ
553 2630 647 2683 τοῦ
673 2630 929 2699 λέγοντος
975 2630 1067 2685 τὸν
1096 2631 1368 2702 φοροῦντα
1395 2631 1809 2702 ὰναθεματίζει.
1856 2632 2000 2686 Ἀλλ’

415 2722 574 2794 είπερ
604 2724 638 2794 ἡ
676 2723 837 2792 στολὴ
872 2723 966 2777 τοῦ
1001 2724 1175 2793 Λόγου
1224 2726 1373 2779 ἐστὶν
1417 2726 1450 2796 ἡ
1488 2725 1647 2795 σὰρξ,
1674 2728 1702 2779 6
1744 2725 1801 2779 δὲ
1831 2726 2005 2795 Λόγος

417 2815 571 2880 Θεὸς,
606 2817 639 2888 ὴ
666 2816 726 2869 δὲ
752 2814 890 2887 σάρξ
923 2818 1070 2869 ἐστιν
1128 2818 1156 2871 6
1208 2817 1517 2888 ἄνθρωπος,
1564 2818 1687 2872 θεὸν
1713 2819 2004 2891 ἀνθρωπο-

418 2910 582 2981 φόρον
604 2909 897 2964 ἀκόλουθον
929 2910 1132 2979 μᾶλλον
1163 2912 1340 2964 εἰπεῖν
1366 2912 1459 2964 ἐπὶ
1483 2911 1722 2982 Χριστοῦ
1744 2928 1757 2941 °
1790 2913 1916 2973 τοὺς
1947 2912 2005 2966 δὲ

417 3000 749 3062 ἀποστόλους
782 3000 948 3053 αὑτοῦ
981 2999 1378 3070 ἐνδυσαμένους
1427 2999 1659 3069 δύναμιν
1711 3001 1770 3067 ἐξ
1834 2999 2005 3069 ὕψους

419 3095 739 3159 ἐπελθόντος
769 3097 954 3159 αὐτοῖς
993 3096 1089 3150 τοῦ
1133 3096 1290 3166 ἁγίου
1319 3094 1638 3167 Πνεύματος
1692 3096 1786 3150 τοῦ
1836 3095 2002 3149 8805-

417 3185 644 3250 τούτους
672 3186 819 3249 εἰκὸς
868 3190 962 3242 καὶ
988 3188 1117 3251 τοὺς
1155 3187 1432 3250 τοιούτους
1464 3187 1766 3257 θεοφόρους
1796 3186 2003 3249 καλεῖν,

421 3280 508 3335 ἵνα
545 3282 608 3333 τὸ
642 3280 936 3352 ἐπίκτητον
981 3282 1048 3353 τῇ
1101 3279 1397 3334 ὑποστάσει
1453 3281 1521 3349 τῇ
1562 3278 1902 3350 ἀνθρωπίνῃ,
1970 3279 2004 3349 ἡ

421 3375 542 3430 θεία
593 3375 757 3445 φύσις
800 3376 999 3447 νοηθῇ·
1036 3376 1095 3429 ὲν
1127 3375 1184 3429 δὲ
1233 3374 1314 3447 τῷ
1372 3375 1584 3445 Κυρίῳ,
1630 3374 1903 3429 ἀνάπαλιν
1934 3375 1994 3426 τὸ

421 3472 715 3540 ἐπίκτητον
751 3472 817 3540 τῇ
851 3470 971 3540 θείᾳ
997 3468 1317 3535 ὑποστάσει,
1353 3468 1388 3540 ἡ
1425 3467 1587 3537 φύσις
1620 3468 1654 3537 ἠ
1685 3466 2004 3536 ἀνθρωπίνη

419 3566 654 3638 δοξασθῇ
680 3582 695 3596 ·
728 3565 893 3629 αὐτὸς
925 3565 1034 3635 γὰρ
1056 3563 1344 3619 ἐνεδύσατο
1367 3563 1429 3617 τὸ
1455 3564 1557 3633 τῆς
1595 3561 1872 3633 ἡμετέρας
1907 3558 2007 3627 φύ-

425 3678 583 3725 σεως,
609 3662 638 3714 6
668 3660 897 3723 ὲνδύσας
928 3661 1076 3729 ἡμᾶς
1091 3660 1322 3722 πάντας.
1348 3659 1409 3713 τὸ
1430 3658 1527 3731 τῆς
1562 3655 1763 3712 ἑαυτοῦ
1789 3653 2007 3726 φύσεως

416 3753 608 3826 σάρκα
626 3752 808 3807 λαϐὼν
839 3752 933 3807 καὶ
954 3752 1078 3816 δοὺς
1109 3750 1359 3820 Πνεῦμα.

1034 3866 1285 3921 ΚΕΦΛΛ.
1316 3865 1392 3921 B'.
1452 3896 1458 3903 -

497 3963 593 4027 Τὸ,
614 3963 746 4026 Θεὸς
775 3956 844 4035 ἦν
874 3962 933 4015 ὲν
961 3960 1042 4031 τῷ
1070 3960 1207 4031 Υἱῷ,
1240 3958 1381 4013 κατὰ
1417 3958 1479 4012 τὸ
1498 3958 1788 4030 εἰρημένον
1817 3959 1891 4032 μὴ
1918 3960 2011 4015 τὸν

426 4059 600 4128 Λόγον
628 4057 809 4126 λέγειν
839 4052 979 4110 εῖναι
1016 4055 1076 4109 ὲν
1106 4052 1400 4123 ἀνθρώπῳ,
1423 4052 1515 4121 ζὼς
1561 4053 1590 4106 6
1621 4053 1808 4123 φορῶν
1842 4054 1899 4105 ἐν
1934 4052 2010 4124 τῷ

426 4149 783 4223 φορουμένῳ·
817 4147 925 4202 οὐδ’
956 4146 1132 4207 ἄλλως
1163 4146 1271 4217 ἄρα
1294 4143 1519 4198 δύναται
1554 4145 1583 4197 6
1617 4144 1752 4208 Θεὸς
1786 4142 1925 4198 εἶναι
1953 4148 2011 4199 ἐν

424 4243 504 4313 τῷ
536 4240 779 4314 Χριστῷ.
810 4242 873 4294 Εἰ
902 4239 995 4293 οὖν
1023 4239 1196 4302 οὑτως
1220 4239 1529 4311 ἀδιαφόρως
1561 4238 1637 4302 ὡς
1666 4240 1694 4292 6
1750 4238 1932 4310 φορῶν
1955 4240 2011 4291 ἐν

427 4335 507 4407 τῷ
534 4352 699 4405 φορου
709 4333 874 4405 μένῳ,
897 4332 956 4385 ὲν
981 4329 1203 4403 Χριστῷ
1224 4325 1293 4403 ἦν
1315 4329 1468 4395 Θεὸς,
1487 4330 1627 4383 κατὰ
1653 4331 2015 4400 περιορισμὸν

430 4427 539 4498 ἄρα
572 4426 668 4480 καὶ
720 4424 1016 4497 περίληψιν
1051 4422 1148 4476 καὶ
1194 4421 1405 4492 σκέπην
1436 4420 1531 4474 καὶ
1561 4420 1829 4491 κάλυμμά
1865 4422 2014 4474 ἐστιν

431 4520 461 4572 6
482 4517 653 4584 Λόγος
682 4517 742 4569 ἐν
782 4518 850 4586 τῇ
885 4514 1049 4585 σαρκί
1074 4530 1089 4544 ο
1118 4516 1317 4584 τοπικῇ
1352 4529 1412 4565 τε
1444 4511 1747 4582 παραθέσει
1778 4512 2014 4583 πέρατος

434 4610 667 4681 θατέρου
710 4608 847 4680 πρὸς
877 4608 1106 4678 θάτερον
1152 4608 1360 4677 ἥνωται
1397 4605 1673 4676 ἀλλήλοις.
1708 4605 1805 4657 καὶ
1845 4600 1957 4658 οἷον
1986 4605 2015 4658 ὁ

434 4700 672 4771 φλοιὸςῆ
700 4700 761 4753 τὸ
790 4699 1016 4768 ἔλυτρόν
1068 4698 1187 4750 ἐστι
1213 4697 1487 4768 περίθεμα
1539 4695 1633 4749 τοῦ
1664 4695 1975 4766 ἀμυγδάλου
1997 4713 2011 4728 ·

434 4795 544 4867 ἄρα
572 4793 665 4848 οὖν
692 4793 788 4846 καὶ
822 4790 1227 4861 περιγράφεται
1248 4793 1313 4860 τῇ
1340 4789 1502 4860 σαρκὶ
1533 4788 1565 4860 ἢ
1602 4790 1711 4851 πᾶς
1730 4788 1763 4860 ἢ
1783 4789 1925 4843 κατὰ
1952 4790 2014 4843 τὸ

2099 2368 2186 2414 est
2225 2359 2278 2414 ei
2317 2358 2373 2413 in
2418 2360 2769 2415 sermonibus
2800 2360 2868 2415 de
2905 2360 3021 2427 illo,
3059 2362 3205 2416 lavat
3234 2363 3290 2417 in
3321 2364 3452 2419 vino
3483 2368 3679 2420 stolam

2100 2467 2280 2515 suam,
2359 2451 2652 2506 evidenter
2694 2492 2709 2517 ,
2771 2452 2865 2522 qui
2931 2454 3360 2511 anathematizat
3405 2458 3680 2513 dicentem

2102 2544 2493 2614 TheOphorum
2531 2560 2653 2599 esse
2686 2545 2968 2600 hominem
2994 2546 3117 2601 loco
3149 2548 3387 2604 dicentis
3414 2549 3682 2606 ferentem

2103 2638 2549 2692 anathematizat.
2600 2637 2708 2693 Sed
2736 2639 2782 2693 si
2815 2639 2954 2693 stola
3008 2639 3195 2694 Verbo
3235 2651 3321 2695 est
3352 2656 3503 2706 caro,
3551 2644 3687 2699 Ver.

2104 2729 2236 2784 bum
2284 2738 2467 2785 autem
2517 2732 2684 2795 Deus,
2722 2747 2853 2786 caro
2899 2740 2984 2786 est
3035 2731 3223 2797 homo,
3280 2734 3452 2787 Deum
3504 2737 3688 2803 potius

2106 2820 2406 2875 dicendum
2445 2821 2500 2876 in
2549 2821 2772 2878 Christo
2807 2824 3283 2892 antropophorum
3335 2836 3683 2895 sequentem,

2105 2913 2387 2983 apostolos
2450 2930 2583 2969 vero
2633 2915 2755 2985 ejus
2820 2916 3078 2970 inductos
3124 2917 3331 2972 virtute
3375 2935 3442 2972 ex
3477 2920 3602 2972 Alto
3640 2918 3685 2986 1,

2105 3005 2534 3073 superveniente
2584 3005 2644 3060 in
2698 3021 2794 3061 eos
2845 3006 3089 3075 Spiritus
3140 3017 3367 3062 sanctus
3403 3008 3520 3063 Dei.
3577 3009 3689 3064 llos

2107 3105 2258 3149 recte
2302 3104 2361 3150 et
2408 3095 2616 3151 similes
2669 3098 2856 3152 vocari
2902 3098 3287 3167 TheOphoros,
3335 3108 3396 3153 ut
3441 3101 3685 3154 alienum

2106 3186 2361 3242 humanae
2404 3188 2922 3259 hypostasi,natura
2946 3190 3134 3245 divina
3171 3191 3595 3262 intelligeretur,
3634 3192 3689 3246 in

2108 3280 2345 3336 Domino
2395 3298 2550 3347 vero,
2583 3297 2615 3336 e
2650 3283 2933 3337 contrario
2971 3284 3121 3353 quod
3167 3284 3408 3338 alienum
3441 3293 3528 3339 est
3551 3300 3580 3337 a
3609 3284 3691 3336 di-

2107 3374 2234 3429 vina
2258 3374 2539 3446 hypostasi
2580 3383 2779 3430 natura
2805 3376 3045 3432 humana
3083 3376 3509 3448 gloriﬁcaretur.
3552 3376 3690 3429 Nam

2110 3466 2228 3536 ipse
2266 3467 2447 3522 induit
2492 3478 2739 3523 nostram
2788 3479 3069 3535 naturam,
3099 3470 3193 3540 qui
3232 3468 3415 3524 induit
3444 3485 3544 3523 nos
3569 3485 3692 3522 om-

2110 3573 2231 3622 nes,
2267 3574 2556 3615 assumens
2586 3577 2811 3617 earnem
2860 3578 2975 3619 suae
3026 3571 3240 3618 natura:
3290 3572 3348 3618 et
3383 3563 3528 3618 Deus
3568 3561 3693 3631 Spi-

2109 3649 2299 3705 ritum.

2759 3860 2912 3917 CAP.
2968 3863 3035 3918 ll.

2180 3949 2326 4004 Deus
2360 3960 2481 4004 erat
2511 3949 2568 4004 in
2590 3950 2730 4006 Filio
2763 3953 3073 4007 secundum
3126 3955 3333 4011 dictum
3367 3969 3427 4022 ιη,
3464 3974 3573 4013 non
3605 3959 3694 4014 di-

2111 4054 2236 4095 cere
2269 4040 2513 4095 Verbum
2546 4058 2669 4097 esse
2702 4042 3015 4100 in-homine
3039 4056 3100 4119 ut
3129 4046 3311 4103 ferens
3342 4049 3397 4103 in
3429 4050 3561 4113 lato,
3592 4068 3697 4105 nec

2108 4130 2273 4185 aliter
2310 4146 2445 4185 vero
2477 4139 2661 4200 potest
2693 4133 2839 4188 Deus
2862 4148 2985 4188 esse
3016 4134 3072 4187 in
3101 4134 3346 4190 Christo.
3373 4135 3429 4191 Si
3456 4152 3589 4192 vero
3620 4138 3695 4192 ita

2113 4223 2231 4278 sine
2259 4224 2573 4280 differentia
2607 4233 2666 4279 ut
2696 4225 2879 4281 ferens
2906 4226 2959 4281 in
2985 4228 3094 4283 lato
3128 4230 3274 4283 Deus
3301 4239 3421 4284 erat
3456 4231 3510 4285 in
3539 4231 3697 4286 Chri-

2114 4323 2221 4380 sto,
2259 4315 2562 4371 seeundum
2583 4317 2787 4371 limites
2807 4332 2940 4387 ergo
2961 4326 3017 4372 et
3043 4320 3595 4389 comprehensionem
3640 4332 3697 4379 et

2116 4416 2493 4479 tegumentum
2524 4416 2581 4463 et
2602 4408 2786 4461 velum
2819 4418 2875 4462 et
2904 4409 3145 4463 Verbum
3188 4410 3241 4463 in
3292 4428 3479 4467 carne.
3510 4414 3695 4470 Locali

2115 4500 2483 4571 appositione,
2514 4508 2760 4555 extrema
2795 4517 2924 4571 pars
2942 4503 3107 4558 unius
3139 4503 3328 4557 unitur
3350 4521 3474 4559 eum
3503 4506 3699 4571 altera,

2118 4592 2282 4663 quale
2312 4591 2496 4661 pellis,
2540 4591 2627 4645 vel
2690 4592 2974 4646 indusium
3009 4601 3094 4648 est
3147 4595 3362 4649 elotura
3401 4597 3705 4668 amygdalze

2118 4691 2173 4738 et
2210 4683 2435 4753 quidem
2488 4681 2731 4737 Verbum
2796 4684 3066 4739 Iimitatur
3112 4702 3391 4757 earneque
3440 4689 3555 4742 sola
3613 4689 3705 4743 vel

2105 4776 2362 4831 ’maxima
2421 4792 2546 4846 pars
2572 4778 2715 4848 ejus,
2738 4777 2923 4832 adhuc
2952 4786 3135 4833 autem
3167 4779 3247 4833 sic
3308 4796 3418 4833 non
3458 4780 3525 4834 ad
3583 4796 3701 4835 tua-

435 4858 686 4944 πλεῖστον
703 4884 865 4939 αὑτοῦ
948 4858 1120 4950 Λόγος
1141 4899 1156 4916 ⁸
1178 4882 1259 4935 ἔτι
1281 4858 1387 4954 μὴν
1410 4858 1585 4946 οὕτως
1610 4883 1709 4937 οὑκ
1723 4858 1803 4947 είς
1825 4883 1887 4936 τὸ
1911 4893 2008 4954 φα-

2123 4869 2497 4924 nifestandum
2532 4868 2775 4924 Verbum
2800 4871 3028 4933 mundo,
3088 4870 3185 4925 sed
3235 4871 3302 4924 ad
3360 4872 3704 4927 absconden-

436 4980 736 5053 νερωθῆναι
763 4974 840 5047 τῷ
870 4975 1060 5046 κόσμῳ
1084 4974 1175 5029 τὸν
1198 4975 1391 5044 Λόγον,
1415 4976 1531 5030 ἀλλ’
1562 4976 1641 5038 είς
1663 4976 1725 5029 τὸ
1754 4976 2015 5029 ἐπικαλυ-

438 5073 659 5143 φθῆναι,
705 5071 801 5125 καὶ
828 5069 903 5140 μὴ
928 5066 1319 5138 γεγυμνῶσθαι
1368 5067 1508 5139 πρὸς
1551 5066 1885 5138 κατανόησιν
1907 5084 2017 5121 τινι

440 5162 591 5215 ἔσται
640 5161 929 5226 ἐπινοήσας
963 5155 1144 5227 ἑαυτῷ
1208 5155 1307 5227 τὴν
1359 5157 1671 5228 σάρκωσινο
1733 5156 1909 5221 ἄλλως
1960 5157 2016 5212 δὲ

441 5253 604 5323 σῶμα
633 5251 727 5305 καὶ
757 5250 864 5320 πρὸ
896 5248 1099 5319 σαρκὸς
1128 5250 1302 5303 νοοῖτο
1346 5249 1415 5302 ἂν
1442 5251 1471 5303 6
1520 5248 1712 5316 Λόγος,
1745 5251 1794 5302 εί
1844 5249 2018 5314 οὕτως

439 5340 555 5414 ἔχει
586 5339 943 5407 ἐπιφάνειαν·
977 5337 1066 5391 ἵνα
1115 5336 1174 5391 δὲ
1219 5336 1396 5391 πάντα
1425 5336 1552 5406 δοθῇ
1576 5337 1707 5405 ἡμῖν
1730 5334 1913 5402 λέγειν
1951 5335 2022 5389 τὰ

439 5435 639 5496 ἄτοπα,
673 5429 967 5494 καὶοῦτως
1016 5430 1077 5483 οὑ
1110 5429 1390 5500 θεοφόρος,
1436 5427 1615 5499 ἀλλ’ἢ
1659 5427 2018 5500 ἀνθρωποφό-

447 5543 538 5597 ρος
573 5527 602 5579 6
625 5526 691 5578 ὲκ
744 5523 880 5577 Θεοῦ
934 5523 1096 5587 Θεόςο
1134 5522 1166 5594 ἢ
1220 5523 1268 5575 εί
1298 5520 1536 5593 Χριστὸς
1576 5521 1741 5584 αὐτὸς
1769 5522 1798 5575 6
1822 5519 2024 5591 φορού-

449 5634 609 5689 μενος
663 5613 733 5688 ἦν
782 5618 902 5670 καθ’
934 5617 1080 5686 ὑμᾶς
1117 5618 1146 5669 6
1191 5616 1286 5670 καὶ
1325 5614 1604 5688 θεοφόρος,
1633 5614 1727 5668 δύο
1762 5614 1908 5678 θεοῖς
1933 5630 2025 5683 με.

446 5706 847 5781 σάζειΧριστός
867 5725 880 5740 ·
911 5710 993 5761 ἐνὶ
1020 5709 1099 5779 τῷ
1118 5707 1264 5761 ἔνδον
1294 5706 1459 5761 αὑτοῦ
1496 5706 1851 5780 χωρουμένῳ,
1885 5706 2023 5760 διότι

532 5843 704 5904 1Aet.
734 5863 772 5913 ι,
805 5847 859 5903 8.
937 5859 977 5888 ω
1001 5848 1042 5903 ll
1072 5846 1200 5901 Cor.
1242 5863 1298 5912 ν,
1334 5845 1419 5899 l9.

2122 4964 2276 5028 dum,
2313 4974 2369 5018 et
2402 4978 2513 5017 non
2543 4962 2944 5017 denudandum
2982 4963 3114 5018 olim
3141 4963 3208 5018 ad
3259 4964 3701 5034 intelligentiam,

2120 5057 2231 5112 erit
2259 5055 2328 5111 ad
2364 5055 2741 5110 inventionem
2774 5070 2888 5108 suae
2908 5054 3328 5120 incarnationis,
3374 5054 3534 5108 aliter
3572 5069 3702 5109 cor-

2122 5165 2228 5219 pus
2254 5156 2311 5204 et
2342 5149 2464 5204 loco
2490 5147 2673 5203 carnis
2715 5146 3118 5218 intelligeretur
3151 5146 3417 5209 Verbum,
3463 5146 3508 5201 si
3535 5147 3698 5201 talem

2125 5242 2295 5297 habet
2350 5240 2877 5303 manifestationem,
2909 5240 3220 5293 utomnino
3254 5239 3485 5294 daretur
3534 5239 3704 5294 nobis

2124 5335 2348 5391 dicendi
2390 5332 2855 5397 inconvenientia,
2882 5340 2938 5386 et
2967 5331 3048 5386 sic
3071 5347 3179 5385 non
3195 5331 3581 5401 TheOphorus,
3607 5328 3709 5386 sed

2128 5429 2577 5498 antropophorus
2620 5436 2705 5481 est
2743 5443 2811 5480 ex
2861 5426 2972 5480 Deo
2999 5425 3164 5479 Deus.
3197 5425 3295 5480 Vel
3350 5427 3395 5480 si
3449 5425 3717 5480 Christus

2129 5526 2247 5596 ipse
2281 5525 2425 5578 latus
2445 5533 2565 5578 erat
2592 5522 2895 5577 secundum
2922 5536 3019 5575 vos
3049 5520 3143 5590 qui
3196 5530 3253 5576 et
3290 5519 3707 5590 Theophorus,

2129 5617 2350 5672 duobus
2384 5615 2492 5669 diis
2533 5616 2810 5684 particeps
2842 5622 2925 5669 est
2953 5612 3209 5670 Christus
3236 5613 3329 5668 uni
3386 5614 3606 5667 interim
3646 5626 3717 5665 se

2130 5705 2471 5769 extendenti,
2500 5704 2624 5759 ideo
2658 5704 2808 5761 Deus
2829 5715 2949 5759 erat
2973 5706 3027 5759 in
3053 5704 3298 5770 Christo,
3325 5715 3382 5761 et
3426 5702 3586 5761 alteri
3616 5718 3722 5758 ει-
