4116 6434
432 401 572 470 1755

1696 412 2007 475 LEONTII
2048 413 2454 476 BYZANTINI

3552 417 3707 484 1756'

430 526 605 581 terius
643 526 778 591 lato,
818 524 941 581 ideo
974 525 1341 597 Theophorus
1378 526 1536 583 vobis
1590 525 1811 582 videtur
1846 527 2043 588 (Ἀπί-ι

2146 528 2241 592 νεὸς
2270 523 2339 598 ἦν
2369 529 2429 581 ὲν
2458 527 2710 600 Χριστῷο
2743 528 2838 582 καὶ
2888 529 2971 581 ἐνι
3011 527 3089 600 τῷ
3115 529 3313 595 ἔξωθεν
3344 531 3687 604 φορουμένῳ,

428 629 569 674 stus.

1064 712 1217 767 CAP.
1280 713 1371 769 Ill.

507 802 699 854 Modus
729 804 1059 859 voluntaria:
1096 805 1321 860 unionis
1365 820 1477 861 non
1529 806 1713 862 aufert
1738 804 2009 862 exsisten-

2107 619 2241 674 διότι
2269 619 2529 692 θεοφόρος
2560 620 2690 692 ύμῖν
2711 620 2909 674 δοκείό
2938 621 3194 692 Χριστός.

2720 710 2975 765 ΚΕΦΔΛ.
3007 710 3083 767 Γ’.

2191 798 2251 853 '0
2277 799 2479 871 τρόπος
2520 802 2623 872 τῆς
2654 802 2904 855 ἑκουσίου
2958 800 3229 869 ἑνὼσεως,
3269 802 3369 875 τὴν
3398 802 3693 874 ὲνύπαρξιν

433 893 565 947 tiam
604 893 659 948 in
694 893 834 963 ipso,
874 911 1002 949 nam
1037 895 1083 951 si
1138 912 1251 951 non
1301 900 1623 955 continetur
1676 899 1734 954 in
1767 899 1862 954 illo
1906 913 2010 952 nec

2146 889 2213 943 ὐκ
2264 893 2507 963 ἀναιρεῖ·
2556 896 2603 947 εί
2637 895 2712 966 μὴ
2756 895 2868 966 γὰρ
2906 896 3228 967 ἐνυπάρχει,
3277 895 3399 949 οὐδὲ
3464 896 3697 966 ἥνωται.

437 984 663 1049 unitur,
722 984 788 1039 ad
834 986 1212 1041 exsistentiam
1270 990 1577 1044 secundum
1638 988 2009 1045 voluntariam

2125 982 2288 1037 Ἀλλὰ
2348 987 2381 1055 ὴ
2429 986 2573 1040 κατὰ
2624 986 2725 1057 τὴν
2749 988 2861 1041 τῶν
2914 986 3134 1057 φύσεων
3169 990 3249 1051 είς
3274 988 3509 1059 ἀλλήλας
3534 987 3694 1041 ἑκού-

436 1076 699 1130 unionem
721 1085 1045 1132 naturarum
1072 1078 1138 1133 ad
1160 1079 1395 1134 invicem
1416 1082 1769 1151 nunquamin
1793 1081 2012 1137 duabus

2146 1091 2230 1128 ιον
2268 1075 2464 1132 ἕνωσιν
2509 1077 2829 1150 ὲνύπαρξις,
2883 1080 2943 1133 ὲν
2972 1079 3128 1133 δυάδι
3171 1080 3521 1136 ὐποστάσεων
3572 1080 3695 1133 ποτὲ

437 1163 824 1235 hypostasibus
848 1164 1147 1229 invenitur,
1175 1174 1235 1219 ut
1286 1167 1589 1224 habitantis
1611 1178 1668 1224 et
1706 1168 1939 1224 habitat.

1090 1256 1242 1313 CAP.
1276 1256 1361 1315 IV.

508 1346 566 1401 Si
607 1362 715 1400 non
749 1345 806 1400 in
842 1345 1240 1401 habitationem
1274 1348 1359 1402 vel
1389 1357 1594 1403 vestem
1644 1347 1811 1403 habet
1834 1348 2014 1403 homi-

437 1454 563 1492 nem
605 1438 867 1504 Verbum,
923 1440 1239 1495 necessario
1296 1440 1351 1495 in
1404 1442 1773 1496 substantiam
1824 1442 2013 1497 habet.

437 1532 729 1602 Accipiens
783 1547 916 1587 vero
965 1549 1190 1588 carnem
1244 1534 1301 1589 in
1356 1535 1725 1589 substantiam
1785 1535 2014 1603 Christi,

438 1631 794 1694 augmentum
822 1623 953 1679 facit
978 1625 1299 1681 substantia:
1319 1625 1443 1681 Filii
1479 1667 1494 1692 ,
1542 1637 1764 1683 vertens
1783 1637 1843 1683 et
1890 1643 2017 1683 mu-

2113 1166 2213 1237 οὐχ
2244 1167 2504 1240 ὑπάρχει,
2538 1169 2616 1234 ὡς
2641 1169 2981 1234 ἐνοικοῦντος
3005 1169 3102 1223 καὶ
3132 1172 3536 1241 ἑνοικουμένου.

2726 1261 2983 1317 ΚΕΦΑΛ.
3017 1262 3093 1316 Δ’.

2186 1350 2248 1403 Et
2291 1350 2366 1421 μὴ
2391 1350 2472 1414 είς
2496 1351 2625 1406 ναδν
2658 1350 2691 1422 ἢ
2721 1352 2947 1422 φόρημα
2972 1350 3087 1423 ἔχει
3109 1352 3139 1405 6
3160 1352 3333 1421 Λόγος
3360 1353 3455 1408 τὸν
3488 1353 3701 1426 ἄνθρωο

2117 1458 2240 1505 πον,
2276 1439 2336 1505 ἐξ
2364 1440 2611 1510 ἀνάγκης
2639 1442 2720 1505 είς
2750 1442 2937 1497 οὐσίαν
2963 1442 3077 1513 ἔχει
3098 1458 3117 1476 ο
3147 1443 3176 1495 6
3203 1443 3261 1496 δὲ
3285 1442 3576 1515 λαμϐάνων
3601 1446 3704 1516 τὴν

2120 1532 2302 1603 σάρκα
2334 1533 2415 1596 είς
2463 1532 2655 1587 οὐσίαν
2686 1531 2780 1587 τοῦ
2828 1531 3095 1605 Χριστοῦ,
3149 1532 3381 1605 αὔξησιν
3437 1538 3584 1590 ποιεῖ
3602 1536 3703 1605 τῆς

2118 1623 2308 1688 οὐσίας
2332 1622 2426 1677 τοῦ
2461 1622 2611 1690 Υίοῢ,
2637 1623 2860 1696 τρέπων
2885 1624 2980 1677 καὶ⁹
3008 1623 3238 1679 ἀλλοιῶν
3262 1625 3434 1698 αὐτὴν
3475 1628 3553 1691 είς
3586 1626 3705 1680 ἓτε-

442 1727 565 1770 tans
602 1716 749 1770 illam
804 1716 859 1772 in
915 1717 1170 1771 alterum.
1214 1718 1321 1773 Sed
1349 1727 1434 1773 est
1470 1718 1700 1789 quidem
1761 1728 1820 1776 et
1865 1720 2018 1777 utin

2146 1734 2234 1772 ›ον.
2266 1716 2391 1769 Ἀλλ
2436 1717 2552 1771 ἔστι
2584 1718 2685 1789 μὲν
2712 1718 2808 1771 καὶ
2838 1717 2914 1783 ὡς
2942 1719 3023 1782 εἰς
3051 1718 3178 1773 ναὸν
3208 1720 3302 1772 καὶ
3354 1718 3431 1782 ὡς
3459 1720 3539 1783 είς
3568 1736 3708 1789 σκη-

442 1808 842 1864 habitationem
880 1817 938 1865 et
965 1817 1028 1863 ut
1055 1810 1111 1864 in
1140 1811 1463 1873 tentorium,
1491 1819 1547 1867 et
1570 1812 1627 1867 in
1655 1819 1888 1878 vestem,
1930 1827 2018 1867 se-

440 1901 687 1955 cundum
737 1902 1032 1971 quamdam
1088 1902 1391 1973 analogiam
1435 1904 1674 1959 Verbum
1726 1905 1785 1959 in
1830 1919 2018 1970 carne,

2122 1812 2218 1883 νὴν
2248 1812 2345 1865 καὶ
2371 1810 2449 1873 ὼς
2479 1812 2559 1871 είς
2585 1811 2833 1881 φόρημα,
2867 1811 3009 1867 κατὰ
3033 1811 3331 1880 ἀναλογίαν
3357 1812 3485 1866 τινὰ
3532 1814 3561 1865 6
3610 1812 3711 1865 Λό-

2124 1920 2219 1974 γος
2245 1904 2304 1956 ὲν
2341 1905 2409 1974 τῇ
2440 1903 2630 1974 σαρκί·
2659 1904 2719 1957 οὐ
2753 1903 2937 1975 μέντοι
2992 1903 3139 1957 κατὰ
3196 1904 3608 1976 άπαραλλαξίαν
3634 1904 3711 1967 ὡς

442 2007 553 2047 non
585 2004 765 2048 tamen
816 1994 1126 2049 secundum
1180 1995 1679 2051 immulabilitatem
1706 2004 1769 2051 ut
1815 1996 1870 2050 in
1911 2012 2023 2052 uno

2146 2015 2183 2049 ιν
2235 1995 2317 2049 ἑνὶ
2348 1995 2556 2049 τούτων
2587 1994 2773 2049 ἐστίν·
2833 1995 2995 2067 εἴπερ
3045 1996 3155 2067 γὰρ
3198 1996 3273 2068 μὴ
3313 1997 3511 2051 ταυτόν
3538 1999 3707 2062 ἐστιν,

448 2085 649 2139 horum
672 2094 788 2151 est;
814 2085 858 2140 si
881 2085 1029 2140 enim
1062 2101 1174 2140 non
1202 2086 1309 2141 hoc
1332 2086 1511 2155 ipsum
1546 2095 1651 2152 est,
1693 2102 1799 2141 nec
1824 2086 2025 2141 simili-

2124 2086 2248 2141 οὐδὲ
2278 2084 2543 2148 ὡσαύτως
2583 2084 2645 2137 τὸ
2695 2086 2753 2138 ὲν
2782 2086 2962 2139 τοῖσδε
2994 2086 3180 2149 αὐτοῖς
3216 2087 3383 2141 πᾶσιν
3444 2086 3503 2139 ἓν
3549 2082 3709 2149 εἶναι,

446 2186 531 2231 ter
552 2176 658 2232 huc
711 2176 857 2247 quod
922 2176 976 2231 in
1026 2176 1113 2232 his
1160 2176 1421 2233 omnibus
1456 2194 1627 2232 unum
1667 2193 1811 2243 esse,
1850 2178 2026 2233 multo

2146 2177 2310 2250 τολλῴ
2351 2177 2551 2249 μᾶλλον
2580 2178 2642 2231 τὸ
2681 2178 2821 2248 μηδὲ
2849 2177 2927 2242 ὡς
2975 2177 3033 2231 ἓν
3056 2178 3223 2232 τῶνδε
3254 2180 3432 2253 πάντη
3465 2173 3630 2243 εἶναι,
3651 2180 3714 2233 τὸ

449 2269 623 2339 magis
658 2284 768 2323 non
796 2269 903 2324 hoc
924 2276 987 2324 ut
1022 2284 1194 2324 unum
1230 2270 1427 2324 horum
1472 2285 1697 2340 prorsus
1729 2285 1851 2325 esse
1878 2270 2043 2340 quod.

2146 2270 2389 2339 ιχόμενον
2444 2268 2583 2339 πρὸς
2612 2268 2703 2323 τὸν
2735 2269 2928 2339 ἔχοντα
2962 2269 3075 2335 ἕξει
3113 2272 3173 2325 ὲν
3206 2272 3428 2343 Χριστῷ
3465 2272 3567 2343 τὴν
3594 2273 3714 2325 δια-

445 2360 645 2414 attinet
674 2360 742 2415 ad
782 2359 1076 2416 habentem
1111 2369 1260 2416 statu
1299 2360 1671 2415 dili‘erentiam
1700 2360 1755 2415 in
1785 2359 2027 2426 Christo;

2131 2360 2334 2432 φοράν⁶
2367 2361 2415 2413 εἰ
2437 2360 2495 2413 δὲ
2520 2360 2582 2414 τὸ
2600 2359 2754 2432 παρὰ
2778 2361 2907 2416 τάδε
2936 2360 3017 2428 δν,
3040 2361 3204 2426 εὐθὺς
3231 2365 3311 2427 εἰς
3331 2363 3521 2417 οὐσίαν
3545 2380 3715 2435 προσ-

448 2454 494 2508 si
520 2469 651 2509 vero
687 2462 773 2508 est
801 2454 949 2523 quod
973 2468 1144 2524 prope
1176 2453 1292 2508 hate
1312 2462 1417 2518 est,
1448 2454 1633 2509 statim
1672 2454 1728 2508 in
1768 2453 2035 2508 substan-

2146 2452 2426 2522 ιηφθῆναι,
2472 2453 2567 2505 καὶ
2611 2452 2713 2506 οὐκ
2752 2454 2833 2516 εἰς
2882 2452 3185 2507 ὑπόστασιν
3239 2453 3461 2525 μᾶλλον,
3488 2454 3577 2509 διὰ
3618 2455 3717 2525 τῆς

452 2546 586 2599 tiam
618 2545 951 2599 rediendum
981 2555 1087 2611 est,
1118 2553 1175 2600 et
1211 2560 1321 2599 non
1364 2545 1552 2616 potius
1608 2545 1664 2599 in
1714 2560 2029 2616 personam,

454 2645 684 2707 propter
756 2652 1091 2693 concursum
1170 2637 1493 2692 substantiae
1546 2636 1615 2691 ad
1665 2636 2034 2692 substantiam

453 2728 718 2784 ostendit.
742 2726 1080 2799 lgituridem
1124 2737 1211 2783 est
1253 2728 1323 2783 de
1357 2729 1483 2799 igne
1512 2728 1567 2783 in
1616 2744 1849 2783 massam
1882 2728 2034 2793 ferri,

456 2836 521 2875 ac
551 2821 619 2875 de
676 2821 859 2875 anima
910 2820 965 2874 in
1007 2836 1239 2891 corpore
1314 2820 1577 2875 humano.
1603 2820 1742 2875 Cum
1812 2834 1924 2873 nou
1966 2818 2041 2874 sit

459 2912 743 2982 ingressus
791 2910 1153 2967 habitationis
1207 2925 1311 2966 nec
1355 2922 1415 2967 ut
1472 2910 1697 2965 tentorii
1744 2909 2037 2975 habitatio,

461 3020 566 3059 nec
589 3015 650 3059 ut
684 3005 853 3059 vestis
876 3004 1148 3069 inductio,
1205 3020 1315 3059 non
1351 3004 1500 3058 enim
1526 3003 1798 3073 praeduxit
1829 3018 1951 3073 quae
1984 3002 2040 3055 in

465 3096 588 3151 istis
632 3106 763 3151 sunt
798 3096 1247 3153 manifestatione
1288 3095 1632 3152 asbcondere
1680 3095 1920 3150 latorum
1945 3094 2043 3149 do-

2134 2545 2271 2618 πρὸς
2297 2545 2486 2597 οὐσίαν
2510 2544 2879 2609 συνελεύσεως
2902 2546 3090 2609 οὐσίας
3118 2546 3291 2617 δηλοῖ,
3314 2547 3422 2618 ἄρα
3445 2564 3509 2616 γε
3533 2545 3628 2600 τοῦ
3656 2564 3719 2599 τε

2136 2634 2311 2706 πυρὸς
2363 2635 2421 2687 ἐν
2444 2633 2521 2704 τῷ
2559 2634 2749 2706 μύδρῳ
2779 2635 2915 2705 πρὸς
2959 2634 3051 2688 τὸν
3088 2635 3327 2706 σίδηρον,
3370 2635 3588 2706 καὶτῆς
3616 2635 3721 2706 ψυ-

2137 2726 2240 2797 χῆς
2268 2724 2405 2797 πρὸς
2434 2725 2497 2779 τὸ
2543 2725 2707 2797 σῶμα
2755 2729 2814 2780 ὲν
2870 2726 2949 2797 τῷ
2985 2726 3289 2798 ἀνθρώπῳ·
3322 2728 3446 2781 ἐπεὶ
3483 2730 3619 2800 μήτε
3645 2728 3722 2791 ὡς

2138 2818 2266 2873 ναοῦ
2297 2820 2447 2872 ἐστιν
2474 2820 2507 2889 ἡ
2530 2817 2787 2884 εἴσδυσις,
2832 2820 2970 2891 μήτε
3000 2819 3075 2883 ὡς
3115 2820 3322 2892 σκηνῆς
3357 2822 3392 2892 ὴ
3426 2821 3721 2892 ὲνοίκησις,

2144 2914 2282 2983 μήτε
2333 2910 2408 2974 ὼς
2442 2911 2762 2982 φορήματος
2804 2913 2838 2983 ἡ
2901 2912 3143 2975 ἐνδυσιςο
3178 2912 3303 2967 οὐτε
3348 2912 3458 2982 γάρ
3513 2914 3723 2982 πέφυκε

2142 3004 2211 3059 τά
2239 3006 2299 3058 ὲν
2350 3003 2571 3068 τούτοις
2608 3006 2675 3075 τῇ
2703 3003 2812 3057 τῶν
2868 3004 3225 3076 φορουμένων
3256 3006 3444 3070 αὐτοῖς
3500 3005 3665 3059 οἴκων
3690 3004 3727 3077 ἢ

2148 3097 2463 3169 ἐνδυμάτων
2480 3097 2834 3169 ὲπιπροσθεῖν
2866 3098 3186 3169 ἐπιφανείᾳ,
3215 3099 3311 3152 καὶ
3335 3093 3446 3152 οἷον
3471 3099 3566 3152 καὶ
3590 3098 3732 3153 αὐτὰ

465 3204 681 3244 morum
712 3189 798 3244 vel
824 3188 1301 3251 indumentorum,
1349 3196 1405 3242 et
1437 3188 1601 3242 talem
1632 3196 1717 3243 est
1746 3187 1891 3242 sicut
1940 3202 2043 3243 eaa-

2146 3190 2353 3244 τούτων
2402 3186 2540 3245 εἶναι
2574 3192 2899 3261 φορήματα-
2930 3190 3004 3261 μὴ
3037 3190 3097 3244 τὸ
3126 3191 3469 3261 συμπάσχειν
3515 3189 3733 3261 Θατέρῳ

466 3283 593 3337 dem
614 3289 742 3336 sunt
794 3281 1027 3336 istorum
1054 3281 1403 3344 vestimenta,
1426 3294 1539 3333 non
1591 3286 1679 3335 est
1718 3278 2046 3349 simpliciter

468 3390 696 3430 necesse
726 3375 966 3443 compati
999 3374 1138 3429 alter
1167 3372 1235 3428 ad
1259 3373 1501 3428 alterum
1528 3372 1596 3427 ad
1622 3371 2045 3441 intelligendum

471 3467 831 3523 mutationem
854 3465 1177 3521 substantia
1211 3465 1354 3536 ignis
1382 3464 1439 3520 in
1469 3480 1649 3519 massa
1685 3464 1741 3518 in
1791 3463 2048 3519 substan-

472 3560 602 3612 tiam
631 3558 787 3623 ferri,
822 3567 878 3613 et
908 3558 1269 3613 mutationem
1304 3557 1501 3612 anima:
1527 3557 1583 3611 in
1625 3572 1824 3627 corpus
1870 3557 1927 3610 in
1950 3556 2050 3610 ho-

473 3650 642 3704 mine.
670 3651 809 3706 Illud
838 3661 923 3706 est
956 3652 1212 3717 mutatio,
1266 3658 1329 3706 ut
1352 3649 1560 3716 dicitis,
1618 3664 1727 3704 non
1777 3658 1862 3704 est
1913 3664 2049 3718 aug-

473 3750 754 3809 mentum;
786 3752 843 3799 et
869 3743 913 3798 si
955 3750 1333 3814 augmentum,
1363 3758 1475 3797 non
1503 3741 1736 3796 mutatio
1781 3748 1887 3805 est,
1938 3754 2053 3793 ma-

475 3844 642 3891 nente
670 3836 837 3907 igitur
863 3836 1299 3905 pmexsistente,
1354 3834 1511 3890 adest
1535 3840 1916 3905 augmentum,
1940 3846 2053 3886 non

479 3944 611 3983 vero
630 3928 887 3983 similiter
912 3927 1167 3982 mutatio.

1143 4020 1297 4076 CAP.
1323 4020 1387 4075 ν.

546 4112 605 4168 Si
626 4112 925 4167 absurdum
950 4112 1232 4168 estdicere
1246 4112 1530 4169 Christum
1564 4111 1848 4167 hominem
1875 4108 2059 4164 Theo-

479 4202 741 4272 phorum,
799 4202 938 4258 doce
991 4218 1092 4258 nos
1148 4201 1429 4273 quomodo
1492 4210 1714 4273 oportet
1770 4198 2060 4255 nominare

477 4293 761 4349 Christum
792 4294 1098 4360 hominem,
1159 4294 1442 4349 hominem
1497 4291 1945 4354 Deo-carnalem,
1972 4288 2059 4344 vel

482 4386 655 4441 Deum
704 4387 1283 4443 homino-carnalem?
1331 4386 1442 4443 Sed
1496 4386 1544 4441 si
1585 4384 1711 4440 talis
1758 4392 1847 4439 est
1892 4382 2061 4437 homo

2149 3285 2379 3354 θάτερον
2400 3283 2591 3348 ἁπλῶς
2624 3284 2840 3354 ἀνάγκη
2871 3285 2952 3348 εἰς
2988 3282 3177 3337 οὐσίαν
3216 3283 3437 3354 σιδήρου
3470 3298 3736 3354 μετατρο-

2150 3378 2259 3448 πὴν
2278 3377 2486 3430 οἴεσθαι
2512 3377 2613 3446 τῆς
2643 3375 2831 3439 οὐσίας
2855 3374 2949 3428 τοῦ
2993 3375 3165 3445 πυρὸς
3193 3378 3252 3428 ὲν
3279 3374 3359 3445 τῷ
3406 3374 3611 3446 μύδρῳ,
3637 3375 3737 3427 καὶ

2150 3468 2254 3537 τῆς
2310 3468 2492 3538 ψυχῆς
2546 3466 2785 3537 ἀμοιὸὴν
2837 3468 2919 3529 είς
2972 3466 3131 3536 σῶμα
3178 3466 3237 3520 ὲν
3289 3466 3369 3535 τῷ
3421 3464 3734 3536 ἀνθρώπῳο

2150 3558 2353 3625 ὅπουγε
2388 3556 2485 3610 καὶ
2530 3557 2579 3609 εί
2608 3556 2808 3628 τροπὴ,
2836 3555 2912 3620 ὥς
2938 3574 3097 3627 φατε,
3127 3552 3218 3628 ἦν,
3266 3557 3367 3611 οὐκ
3404 3556 3736 3628 ὲπαύξησις’

2149 3648 2248 3701 καὶ
2286 3650 2334 3701 εἰ
2372 3646 2694 3717 ὲπαύξησις,
2729 3648 2791 3701 οὐ
2848 3646 3028 3719 τροπὴ
3062 3647 3284 3717 γέγονεο
3338 3646 3592 3719 μένοντος
3628 3648 3743 3718 γὰρ

2152 3738 2247 3793 τοῦ
2279 3739 2772 3809 προῦποκειμένου,
2808 3738 3017 3808 γίνεται
3054 3736 3366 3812 ἠαύξησις,
3407 3736 3470 3791 οὐ
3506 3736 3616 3810 μὴν
3646 3738 3744 3791 xa't

2156 3834 2190 3906 η
2220 3831 2396 3905 τροπὴ
2426 3830 2709 3897 ὡσαύτως.

2770 4015 3020 4070 ΚΕΦΑΛ.
3058 4016 3133 4069 E'.

2232 4109 2296 4163 Et
2320 4106 2581 4178 Θεοφόρον
2608 4106 2898 4181 ἄνθρωπον
2921 4108 3097 4161 εἰπεῖν
3126 4107 3221 4162 τὸν
3255 4108 3493 4180 Χριστὸν
3518 4108 3753 4174 ἄτοπον,

2160 4197 2371 4262 δίδαξον
2386 4197 2534 4266 ἡμᾶς
2566 4196 2686 4261 πῶς
2712 4199 2818 4267 χρὴ
2841 4195 3132 4266 ὀνομάζειν
3162 4197 3253 4251 τὸν
3273 4199 3509 4269 Χριστὸν
3531 4198 3755 4269 ἄνθρωο

2163 4307 2287 4354 πον,
2337 4288 2637 4359 θεόσαρκον
2693 4288 2983 4357 ἄνθρωπον
3015 4288 3049 4359 ἢ
3088 4288 3551 4361 άνθρωπόσαρκον
3581 4290 3753 4356 Θεόνς

2163 4379 2281 4435 ἀλλ’
2308 4381 2357 4434 εί
2379 4378 2622 4444 τοιοῦτος
2643 4380 2934 4451 ἄνθρωπος
2960 4383 2988 4435 6
3006 4383 3264 4455 Χριστὸς,
3290 4382 3451 4452 δῆλον
3480 4382 3565 4436 ὅτι
3595 4384 3759 4455 παρὰ

481 4478 757 4543 Christus,
780 4478 1011 4535 evidens
1038 4486 1123 4533 est
1165 4478 1312 4548 quod
1338 4495 1438 4549 per
1468 4478 1643 4534 Adam
1696 4485 1950 4530 naturam
1977 4488 2038 4528 es

2164 4470 2264 4541 τὴν
2312 4468 2404 4523 τοῦ
2445 4469 2619 4539 ’Δδὰμ
2663 4469 2824 4538 φύσιν
2875 4470 3027 4522 ἐστὶν
3081 4468 3373 4542 ἄνθρωπος
3421 4470 3451 4521 6
3491 4468 3757 4539 Χριστός.

484 4570 650 4624 homo
694 4570 969 4624 Christus.
1023 4543 1243 4639 «Prope
1294 4543 1542 4624 Verbum
1624 4576 1782 4621 tuum
1853 4574 1941 4621 est
1998 4565 2043 4619 in

2172 4582 2191 4616 ι
2215 4562 2416 4631 Ἐγγύς
2442 4579 2536 4614 σου
2559 4561 2619 4614 τὸ
2643 4560 2794 4632 ῥῆμά
2820 4562 2972 4617 ἐστιν
2997 4562 3055 4615 ὲν
3081 4563 3195 4625 τοῖς
3220 4561 3424 4631 χείλεσι
3449 4578 3544 4614 σου
3571 4560 3664 4615 καὶ
3696 4561 3763 4613 ὲν

486 4661 596 4717 tuis
622 4661 781 4715 labiis
805 4672 862 4716 et
896 4661 949 4715 in
980 4670 1164 4715 mente
1224 4669 1317 4715 tua
1366 4670 1429 4727 n;
1458 4680 1478 4711 ι
1512 4659 1618 4714 hoc
1670 4668 1758 4713 est
1803 4658 2060 4712 incarna-

488 4761 604 4806 tum
634 4753 805 4807 Deum
840 4752 934 4821 qui
982 4760 1039 4805 et
1073 4768 1199 4806 vere
1226 4766 1393 4821 super
1439 4759 1694 4805 naturam
1752 4748 1927 4804 Adam
1956 4748 2063 4804 ali-

488 4843 618 4913 quid
648 4843 835 4908 habet,
873 4843 1090 4898 salvaus
1109 4843 1332 4911 quidem
1360 4857 1459 4913 per
1501 4841 1650 4897 illam
1677 4840 1883 4896 omnia.

1111 4957 1265 5012 CAP.
1297 4959 1385 5013 Vl.

560 5052 617 5109 Si
672 5063 735 5107 ut
784 5059 907 5107 erat
957 5060 1255 5121 antequam
1295 5050 1603 5105 incarnatio
1646 5050 1887 5105 Verbum
1923 5062 2068 5103 unus

488 5146 638 5201 Deus
687 5153 744 5200 et
802 5159 946 5199 unus
979 5142 1174 5205 Filius,
1228 5141 1311 5197 sic
1354 5152 1415 5199 et
1450 5150 1577 5213 post
1607 5139 2067 5203 incarnationem,

488 5238 720 5294 evidens
776 5245 862 5292 est
908 5235 1058 5306 quod
1118 5249 1341 5291 carnem
1389 5234 1557 5288 habet
1585 5242 1646 5289 ut
1683 5232 2067 5287 indumentum

488 5342 547 5388 et
572 5330 945 5386 habitaculum
977 5337 1033 5384 et
1062 5345 1174 5383 non
1217 5338 1279 5382 ut
1311 5336 1527 5398 partem
1556 5325 1906 5381 substantiae.
1956 5324 2065 5380 Sed

493 5436 641 5476 nunc
670 5436 813 5475 unus
834 5419 997 5473 homo
1035 5418 1151 5488 ipse
1179 5426 1283 5481 est,
1310 5432 1438 5472 nam
1476 5417 1622 5471 inter
1644 5432 1749 5471 nos
1798 5430 2062 5469 numera-

493 5520 584 5566 tus
613 5520 716 5567 est.
743 5509 898 5567 Unde
920 5510 1237 5564 nominatur
1259 5508 1605 5573 Emmanuel,
1632 5522 1796 5563 nemo
1811 5506 2071 5562 habitans

496 5603 719 5656 domum
746 5602 829 5655 vel
864 5601 1090 5670 pallium
1133 5601 1341 5667 ferens,
1396 5611 1721 5658 numeratur
1781 5598 1925 5653 inter
1969 5596 2069 5651 do-

496 5708 619 5748 tuos
636 5701 694 5747 et
723 5692 911 5761 pallia.

583 5856 606 5885 π
640 5846 797 5900 Dcut.
823 5862 947 5912 xxx,
989 5848 1049 5912 6;
1086 5847 1245 5901 Rom.
1280 5864 1333 5914 v,
1361 5850 1412 5902 8.

2165 4658 2233 4727 τῇ
2256 4652 2467 4724 διανοίᾳ
2488 4670 2605 4717 σου,
2633 4672 2651 4705 ι
2673 4652 2918 4707 τουτέστι
2948 4654 3365 4725 σεσαρκωμένον
3386 4652 3544 4716 Θεὸν,
3566 4651 3627 4714 ὃς
3655 4652 3765 4706 καὶ

2167 4746 2335 4811 ὅντως
2360 4746 2498 4816 ὑπὲρ
2520 4745 2620 4817 τὴν
2650 4744 2813 4814 φύσιν
2848 4744 3023 4816 Ἀδάμ
3044 4763 3096 4799 τι
3127 4744 3264 4817 ἔχει,
3316 4743 3507 4811 σώζων
3556 4742 3765 4816 μέντοι

2169 4837 2357 4892 καὶτὰ
2393 4836 2539 4892 κατὰ
2566 4836 2771 4907 ταύτην
2794 4835 2997 4891 πάντα.

2777 4952 3031 5006 ΚΕΦΑΛ.
3071 4950 3161 5019 q'.

2241 5040 2304 5093 El
2322 5035 2598 5111 ὦσπερῆν
2627 5040 2735 5112 πρὸ
2762 5040 2856 5093 τοῦ
2891 5041 3244 5110 σαρκωθῆναι
3276 5040 3492 5109 ὀΛόγος
3522 5034 3605 5105 εἷς
3626 5041 3769 5105 Θεὸς

2170 5137 2266 5190 καὶ
2320 5130 2400 5199 εἷς
2449 5135 2599 5200 Υἱὸς,
2631 5134 2806 5197 οὕτως
2846 5135 2942 5188 καὶ
2974 5133 3115 5205 μετὰ
3144 5133 3245 5205 τὴν
3277 5135 3577 5205 σάρκωσιν,
3597 5133 3771 5203 δῆλον

2171 5228 2255 5284 ὅτι
2277 5227 2374 5299 τὴν
2399 5228 2578 5299 σάρκα
2604 5231 2683 5292 είς
2710 5228 2936 5298 φόρημα
2961 5227 3076 5297 ἔχει
3101 5228 3195 5280 καλ⁵
3239 5227 3388 5293 ναὸν,
3420 5228 3515 5280 καὶ
3535 5228 3641 5281 οὐκ
3681 5229 3773 5291 είς

2175 5318 2340 5390 μέρος
2388 5318 2599 5383 οὐσίας.
2629 5318 2795 5373 Ἀλλὰ
2828 5317 2924 5371 νύν
2980 5325 3076 5373 καὶ
3109 5314 3191 5382 εἷς
3224 5318 3514 5389 ἄνθρωπος
3539 5320 3569 5372 6
3595 5320 3774 5383 αὐτός

2174 5412 2324 5464 ἐστιν
2344 5428 2358 5442 ⁸
2392 5411 2450 5463 ὲν
2480 5411 2612 5481 ἡμῖν
2647 5412 2754 5481 γὰρ
2787 5410 3147 5480 κατελογίσθη
3170 5426 3185 5442 ·
3234 5409 3357 5465 ὃθεν
3383 5410 3475 5464 καὶ
3509 5409 3775 5465 καλεῖται

2173 5504 2526 5574 Ἐμμανουήλ
2548 5519 2564 5535 ο
2594 5503 2769 5567 οὐδεὶς
2790 5503 2849 5557 δὲ
2878 5502 3005 5556 ναὸν
3031 5503 3218 5568 οίκῶν,
3249 5503 3283 5574 ἦ
3310 5502 3524 5574 ἱμάτιον
3550 5502 3775 5573 φορῶν,

2176 5598 2325 5660 ναοῖς
2351 5596 2384 5667 ἦ
2416 5595 2652 5667 ἱματίοις
2688 5594 3237 5665 συγκαταλογίζεται.
