4116 6442
370 419 508 488 I757

976 534 1227 591 ΚΕΦΑΛ.
1255 538 1331 594 Z'.

442 626 506 679 ΕΞ
548 624 623 696 μὴ
662 622 926 697 θεοφόρος
979 626 1267 697 ἄνθρωπος
1310 631 1339 683 6
1370 628 1628 701 Χριστὸς,
1688 629 1799 684 οὐδ’
1847 628 1957 701 ἄρα

371 717 660 788 ἄνθρωπός
691 717 840 771 ἐστιν
891 718 920 771 ό
948 717 1186 787 Χριστὸς
1218 721 1248 773 ό
1286 720 1501 773 ἁκούων
1554 721 1656 791 τὴν
1700 720 1958 791 ἀλήθειαν

374 810 526 882 παρὰ
544 809 640 865 τοῦ
658 810 794 864 Θεοῦ
816 827 829 842 ·
867 829 888 865 ι
916 812 981 865 Τί
1005 829 1071 882 με
1096 813 1229 881 γὰρ,
1260 814 1417 883 φησὶ.
1442 814 1680 884 ζητεῖτε,
1709 815 1960 869 ἀποκτεῖ-

374 918 463 956 ναι
498 901 786 973 ἄνθρωπον
829 902 887 965 ὃς
915 902 1013 975 τὴν
1042 904 1301 975 ἀλήθειαν
1355 904 1631 976 λελάληκα
1662 908 1729 976 ἢν
1745 907 1957 977 ηκουσα

375 988 528 1059 παρὰ
556 990 651 1041 τοῦ
682 991 932 1060 Πατρός;
974 1009 993 1043 ι
1035 991 1173 1045 Ἀλλ’
1201 992 1350 1046 ἐστιν
1378 993 1668 1064 ἄνθρωπος
1694 995 1959 1067 θεοφόρη-

374 1094 487 1143 τος,
514 1078 610 1131 καὶ
630 1078 690 1131 οὺ
719 1079 978 1151 θεοφόρος
1002 1098 1017 1113 ’
1048 1082 1111 1136 οὐ
1167 1084 1279 1155 γὰρ
1306 1085 1341 1155 ἡ
1376 1084 1513 1156 σὰρξ
1559 1086 1873 1159 ἐσκήνωσεν
1898 1086 1958 1141 ἐν

375 1169 454 1243 τῷ
476 1172 653 1242 Λόγῳ,
681 1172 821 1227 ἀλλὰ
838 1176 867 1228 ό
890 1174 1065 1242 Λόγος
1095 1176 1154 1229 ἐν
1184 1178 1251 1246 τῇ
1289 1176 1477 1249 σαρκί.

976 1269 1229 1323 ΚΕΦΑΛ.
1268 1269 1353 1324 Η’.

457 1357 518 1413 '0
564 1359 795 1414 κωλύων
846 1360 940 1415 τὸν
988 1361 1123 1416 Θεὸν
1150 1362 1327 1433 Λόγον
1377 1362 1473 1417 τοῦ
1504 1362 1751 1435 ἐνεργεῖν
1799 1363 1857 1417 ἐν
1877 1362 1957 1434 τῷ

391 1449 593 1519 Ἰησοῦ,
634 1450 835 1506 κωλύει
860 1452 952 1506 τὸν
979 1453 1271 1526 ἄνθρωπον
1318 1455 1414 1508 τοῦ
1443 1455 1677 1527 δρᾶσθαι
1703 1455 1781 1520 ὡς
1823 1454 1958 1509 Θεὸν

379 1545 571 1613 Λόγον.
607 1545 805 1609 Καλῶς
856 1546 1013 1617 ἐφης,
1050 1549 1099 1601 εἰ
1120 1547 1337 1619 τρανῶς
1369 1548 1765 1619 ὁμολογήσεις⁹
1798 1549 1957 1620 ἐνερ-

379 1639 470 1704 γεῖ
488 1637 596 1709 γὰρ
623 1638 681 1690 ἐν
718 1640 784 1709 τῇ
830 1639 996 1709 σαρκὶ
1022 1641 1052 1692 ό
1078 1639 1253 1708 Λόγος
1310 1639 1472 1710 μόνος
1510 1639 1634 1694 καθ’
1663 1638 1828 1694 αὐτὸν
1856 1638 1956 1711 τὴν

379 1728 576 1783 θέωσιν
600 1729 772 1800 αὐτῆς
805 1729 1040 1800 πρώτως
1070 1729 1148 1794 ὠς
1202 1730 1359 1795 Θεὸς,
1406 1729 1544 1785 ἀλλά
1572 1731 1661 1785 διὰ
1718 1731 1957 1802 φυσικῆς

378 1820 546 1875 αὑτοῦ
580 1821 716 1893 πρὸς
767 1821 939 1893 αὐτὴν
978 1822 1335 1894 συμπλοκῆς*
1358 1814 1404 1892 ᾧ
1446 1823 1634 1895 τρόπῳ
1684 1823 1777 1876 καὶ
1808 1822 1955 1894 ψυχὴ

382 1913 526 1978 ἰδίως
554 1916 770 1986 ἐνεργεῖ
789 1917 847 1971 ἐν
873 1915 951 1986 τῷ
978 1915 1094 1986 ἰδίῳ
1117 1915 1352 1987 σώματι,
1374 1916 1517 1971 κατὰ
1532 1916 1624 1969 τὸν
1643 1916 1955 1988 ἄνθρωπον,

376 2007 475 2076 τὴν
510 2004 725 2072 ζὼωσιν
762 2006 928 2061 αὑτοῦ
947 2023 964 2040 ο
997 2007 1093 2061 καὶ
1122 2007 1235 2078 πῦρ
1264 2009 1324 2062 ἐν
1355 2007 1435 2079 τῷ
1464 2008 1688 2080 σιδήρῳ,
1712 2010 1851 2063 κατὰ
1863 2009 1957 2065 τὸν

379 2099 599 2171 μύδρον,
622 2100 721 2170 τὴν
753 2099 1002 2171 πύρωσιν
1020 2100 1186 2155 αὐτοῦ
1206 2117 1222 2133 ο
1276 2101 1438 2156 τοῦτο
1462 2102 1519 2155 δὲ
1547 2102 1953 2170 ἀποδείκνυται,

374 2191 642 2257 προελθὸν
680 2193 852 2257 ὅντως
881 2193 943 2247 τὸ
971 2192 1134 2264 ἔργον
1168 2194 1402 2266 θατέρου
1431 2194 1541 2249 τῶν
1591 2195 1955 2249 συνελθόντων

374 2286 455 2348 εἰς
484 2285 712 2356 θάτερον
734 2285 825 2340 διὰ
880 2285 979 2357 τῆς
1007 2285 1118 2341 τῶν
1163 2287 1244 2352 εἰς
1270 2287 1339 2342 τὰ
1368 2284 1612 2357 ἐξώτερα
1663 2287 1956 2359 ἐνεργειῶν

374 2378 690 2444 ἐπιδείξεως
716 2379 866 2433 τοῦδε
891 2379 982 2434 τοῦ
1015 2381 1096 2445 εἰς
1127 2381 1289 2436 αὑτὸν
1313 2380 1714 2453 ἐνεργήσαντος
1748 2382 1812 2435 ἐκ
1858 2380 1955 2435 τοῦ

373 2471 763 2543 ἐνεργηθέντος
783 2473 845 2527 τὸ
879 2471 1066 2527 λοιπὸν
1089 2472 1177 2527 ἀεὶ
1196 2475 1519 2546 προϊόντων.

974 2567 1227 2623 ΚΕΦΔΛ.
1274 2566 1355 2622 Θ’.

444 2662 507 2715 Εἰ
530 2662 629 2717 οὐκ
658 2661 776 2716 ἐστι
798 2662 1035 2733 Χριστὸς
1057 2664 1086 2716 ό
1110 2662 1351 2734 ἐνεργῶν
1377 2661 1453 2724 ὡς
1474 2661 1629 2728 Θεὸς,
1661 2662 1760 2718 καὶ
1804 2661 1959 2733 ἐνερ-

373 2756 639 2825 γούμενος
664 2756 739 2819 ὡς
771 2755 1078 2826 ἄνθρωπος,
1108 2755 1142 2827 ἢ
1190 2754 1300 2825 ἄρα
1338 2754 1581 2827 ἐνεργῶν
1616 2754 1777 2824 μόνον
1808 2753 1957 2807 ἐστὶν

373 2852 402 2904 6
427 2850 681 2921 Χριστὸς,
707 2848 740 2920 ἦ
775 2850 859 2903 ἐνε
871 2848 1193 2920 ργούμενον.
1224 2847 1338 2920 Τὴν
1365 2849 1502 2918 πρὸς
1533 2846 1697 2901 αὑτὸν
1724 2846 1957 2917 ἐκληψιν

373 2942 470 3014 τῆς
506 2941 708 3012 σαρκὸς
738 2942 766 2994 ό
796 2940 967 3009 Λόγος
995 2937 1199 3009 ἔπραξε
1227 2954 1242 2969 ·
1286 2939 1383 2992 καὶ⁵
1411 2938 1510 3009 τὴν
1528 2938 1825 2992 ἀνάστασιν
1854 2938 1956 2991 αὐ-

373 3031 473 3101 τῆς
505 3032 570 3084 ἐκ
624 3030 835 3102 νεκρῶν
866 3030 1113 3100 ἐνεργεῖ·
1166 3028 1228 3082 οὐ
1272 3027 1379 3100 μὴν
1414 3028 1648 3096 Χριστὸς
1692 3028 1813 3091 ὅλος
1862 3028 1955 3097 ὑφ’

374 3122 564 3193 ἐτέρου
587 3120 716 3175 τάδε
750 3122 1075 3193 ἐνεργεῖται,
1104 3120 1138 3193 ἢ
1178 3123 1260 3184 εἰς
1305 3120 1494 3192 ἕτερόν
1525 3136 1648 3173 τινα
1705 3121 1951 3191 ἐνεργεῖ·

1284 425 1688 489 ADVERSUS
1727 426 2277 488 NEDTORIANOS.
2308 453 2377 464 ·-
2399 427 2549 490 LIB.
2588 430 2721 491 VII.

1982 540 2030 598 Α

3508 426 3595 487 ΙἹΓ
3609 425 3643 487 8

2690 538 2845 595 CAP.
2892 537 3005 595 VII.

2131 628 2188 685 Si
2217 645 2329 684 non
2352 637 2437 685 est
2469 630 2638 685 homo
2660 630 3047 700 Theophorus,
3075 628 3331 688 Christus
3348 645 3452 685 nec
3476 629 3643 701 igitur

2058 721 2227 777 homo
2248 731 2333 778 est
2361 722 2617 778 Christus
2669 721 2901 778 audiens
2936 721 3228 777 veritatem
3281 736 3312 774 a
3358 721 3491 783 Deo,
3530 718 3643 774 Cur

2058 828 2193 869 vero
2224 814 2495 884 quaeritis,
2528 815 2728 885 inquit,
2762 829 2849 869 me
2885 812 3202 868 interﬁcere
3234 812 3516 866 hominem
3546 812 3639 880 qui

2058 906 2288 961 locutus
2318 923 2441 961 sum
2468 911 2762 962 veritatem
2784 921 2952 976 quam
3000 905 3189 960 audivi
3241 919 3269 958 a
3328 904 3491 959 Patre
3518 907 3581 957 °'!
3617 921 3636 954 ι

2059 997 2169 1054 Sed
2193 1008 2279 1054 est
2315 999 2480 1053 homo
2504 1013 2535 1053 a
2582 998 2696 1052 Deo
2727 998 3048 1066 inspiratus,
3084 1011 3194 1050 non
3252 995 3640 1064 Thcophorus,

2057 1105 2172 1146 non
2196 1091 2345 1148 enim
2373 1105 2505 1146 caro
2536 1089 2814 1146 habitavit
2841 1090 2900 1146 in
2940 1089 3146 1155 Verbo,
3182 1087 3280 1144 sed
3315 1087 3555 1143 Verbum
3584 1086 3641 1141 in

2057 1198 2247 1241 carne.

2690 1274 2842 1331 CAP.
2888 1272 3029 1331 VIII.

2129 1366 2238 1435 Qui
2295 1366 2531 1439 impedit
2586 1368 2763 1423 Deum
2809 1367 3057 1422 Verbum
3110 1363 3327 1436 operari
3388 1363 3444 1418 in
3486 1363 3639 1427 Jesu,

2058 1458 2293 1531 impedit
2324 1460 2605 1515 hominem
2637 1459 2833 1515 haberi
2863 1469 2926 1514 ut
2973 1460 3147 1515 Deum
3192 1457 3455 1512 Verbum.
3508 1455 3642 1510 Pul-

2058 1553 2193 1609 chre
2237 1552 2401 1618 dicis,
2432 1553 2481 1608 si
2534 1552 2682 1607 clare
2733 1552 3004 1622 loquaris,
3054 1559 3320 1621 operatur
3374 1549 3521 1604 enim
3585 1547 3639 1600 in

2057 1659 2226 1700 carne
2253 1644 2500 1700 Verbum
2531 1644 2714 1698 solum
2747 1658 2850 1714 per
2884 1644 3131 1713 seipsum
3164 1640 3475 1696 secundum
3518 1639 3643 1694 Dci-

2060 1745 2252 1802 tatem,
2298 1735 2479 1806 primo
2513 1743 2575 1790 ut
2608 1735 2777 1798 Deus,
2811 1733 2907 1788 sed
2958 1742 3185 1803 propter
3239 1731 3640 1788 connexioncm

2059 1830 2372 1884 naturalem
2404 1844 2530 1885 cum
2566 1829 2680 1883 illa.
2720 1829 2800 1883 Eo
2849 1828 3017 1883 modo
3065 1835 3121 1882 et
3169 1827 3352 1881 anima
3417 1826 3641 1895 propria

2060 1931 2329 1990 operatur
2364 1919 2419 1973 in
2447 1920 2678 1990 pr0prio
2710 1934 2962 1989 corpore,
2990 1916 3298 1973 secundum
3331 1913 3637 1977 hominem,

2057 2012 2487 2068 viviﬁcationem
2516 2012 2665 2066 illius
2688 2019 2745 2065 et
2775 2012 2919 2081 ignis
2950 2011 3005 2065 in
3045 2010 3214 2076 ierro,
3247 2023 3348 2079 per
3402 2020 3638 2061 massam

2057 2114 2317 2176 operatur
2341 2106 2686 2177 ignitionem.
2722 2104 2837 2159 Hoc
2859 2104 3291 2168 demonstratur,
3332 2100 3641 2171 procedens

2055 2215 2186 2254 vere
2234 2214 2376 2269 opus
2424 2197 2751 2252 alterutrius
2788 2195 3260 2259 convenientium,
3286 2194 3343 2247 in
3399 2192 3637 2245 alterum

2055 2305 2157 2359 per
2180 2287 2683 2343 manifestationem
2723 2287 2992 2341 virtutum
3029 2285 3085 2338 in
3141 2282 3422 2339 exteriore
3470 2281 3640 2352 huius

2056 2381 2360 2451 operantis,
2398 2380 2452 2435 in
2472 2381 2651 2449 ipsum
2677 2395 2746 2435 ex
2779 2387 3011 2449 operato
3053 2377 3122 2433 de
3169 2385 3371 2432 caetero
3422 2388 3637 2445 semper

2056 2472 2352 2545 praeeunti.

2693 2573 2847 2630 CAP.
2905 2572 2999 2628 IX.

2130 2670 2185 2725 Si
2208 2685 2319 2723 non
2350 2676 2435 2723 est
2460 2666 2718 2722 Christus
2742 2681 2981 2736 operans
3029 2672 3092 2719 ut
3137 2664 3307 2729 Dens,
3336 2671 3393 2718 et
3440 2677 3642 2733 opera-

2057 2767 2148 2814 tur
2172 2766 2232 2812 ut
2256 2759 2442 2824 homo,
2474 2758 2559 2813 vel
2596 2756 2743 2811 enim
2777 2770 3015 2825 operans
3045 2755 3225 2809 solum
3258 2763 3341 2807 est
3363 2752 3639 2816 Christus,

2055 2852 2143 2908 vel
2198 2860 2486 2921 operatum
2540 2865 2698 2921 opus.
2750 2848 2994 2902 Verbum
3048 2846 3182 2901 fecit
3229 2847 3640 2917 perceptionem

2057 2944 2241 2999 carnis
2273 2944 2326 2997 in
2355 2960 2505 3008 eum,
2534 2952 2589 2996 et
2621 2951 2883 3011 operatur
2911 2958 2926 3006 ;
2994 2938 3463 2993 resurrectionem
3510 2939 3633 3008 ejus

2058 3050 2126 3089 ex
2158 3034 2420 3098 mortuis,
2450 3049 2561 3087 non
2588 3032 2844 3087 Christus
2872 3040 3018 3084 totus
3051 3029 3120 3083 ab
3149 3029 3324 3083 altero
3366 3030 3485 3083 brec
3505 3043 3636 3098 ope-

2059 3133 2235 3192 ratur,
2260 3126 2347 3179 vel
2376 3124 2444 3180 ad
2478 3125 2712 3179 alterum
2757 3122 3053 3191 quemdam
3102 3128 3384 3191 operatur.
3430 3116 3639 3174 Christi

375 3214 614 3286 Χριστοῦ
646 3214 756 3286 γὰρ
787 3213 884 3267 τοῦ
932 3212 1119 3276 αὑτοῦ,
1143 3211 1211 3265 δι’
1234 3211 1294 3267 ὃν
1328 3213 1356 3266 ό
1384 3211 1559 3281 Λόγος
1589 3212 1684 3266 καὶ
1717 3214 1751 3285 ή
1780 3211 1949 3283 σάρξ*

2059 3233 2193 3273 vero
2225 3216 2422 3287 ipsius,
2448 3216 2515 3270 ad
2547 3230 2711 3284 quem
2751 3213 2998 3269 Verbum
3047 3219 3105 3267 et
3148 3227 3279 3267 caro
3337 3211 3638 3281 pertinent,

374 3306 520 3362 κατὰ
547 3306 604 3359 δέ
631 3306 730 3369 τὰς
752 3307 811 3359 ἐν
843 3305 1049 3377 ἑτέροις
1077 3304 1444 3377 ὑπὸξΧριστοῦ
1474 3304 1767 3375 γινομένας
1804 3305 1959 3376 ἐνερ-

374 3397 531 3465 γείας
578 3398 723 3462 ἰδίως
755 3397 906 3469 αὐτῷ
951 3396 1216 3461 πολλάκις
1267 3396 1355 3451 διὰ
1404 3397 1503 3467 τῆς
1534 3396 1738 3466 σαρκὸς
1791 3395 1957 3450 αὐτοῦ

377 3493 593 3565 ἐνεργεῖ
647 3492 677 3545 6
731 3491 904 3561 Λόγος
951 3489 1389 3563 θαυματουργῶν
1449 3490 1525 3554 ὡς
1578 3488 1812 3558 φυσικοῦ
1862 3488 1959 3561 ὁρ-

378 3587 544 3655 γόινου
588 3584 777 3640 λοιπὸν
814 3584 1111 3656 νοουμένης
1156 3583 1307 3655 αὑτῷ
1358 3584 1643 3654 προσεῖναι
1682 3582 1785 3657 τῆς
1822 3598 1959 3656 σαρ-

378 3679 494 3743 κός.

1001 3768 1226 3823 ΚΕΦΛΛ
1238 3808 1251 3822 .
1288 3766 1345 3822 ι’.

450 3862 615 3918 Ἀλλὰ
668 3862 774 3935 μὴν
809 3860 907 3917 καὶ
942 3859 1283 3925 ⁹Λθανάσιος,
1319 3859 1476 3930 φησὶ,
1539 3858 1601 3913 δν
1654 3858 1717 3913 οὐ
1753 3876 1961 3929 παραι-

377 3957 581 4020 τεῖσθε,
613 3959 673 4012 ἐν
704 3956 784 4029 τῷ
842 3956 975 4027 περὶ
1031 3954 1516 4025 ἐνανθρωπήσεως
1562 3951 1737 4021 λέγει’
1769 3954 1962 4008 Κατα-

381 4050 637 4117 σκευάζει
657 4049 837 4120 ἐαυτῷ
876 4048 1005 4103 ναὸν
1027 4047 1090 4100 τὸ
1114 4046 1295 4118 σῶμα,
1331 4046 1425 4100 καὶ
1457 4044 1962 4099 ἱδιοποιεῖταιτοῦτο

379 4148 570 4218 ὥσπερ
599 4146 851 4217 όργανον,
890 4144 949 4196 ἐν
973 4139 1124 4211 αὐτῷ
1148 4137 1556 4211 γνωριζόμενος
1582 4137 1681 4191 καὶ
1701 4135 1958 4191 ἐνοικῶν·

380 4239 475 4294 καὶ
509 4238 692 4301 πάλιν,
726 4234 831 4288 Τὸν
866 4230 1062 4287 ἐαυτοῦ
1113 4229 1240 4284 ναὸν
1288 4229 1383 4285 καὶ
1412 4228 1679 4283 σωστικὸν
1726 4227 1962 4299 δργανον

382 4328 675 4397 προσάγων
711 4325 1007 4395 ἀντιψυχον
1060 4322 1201 4393 ὑπὲρ
1238 4320 1481 4375 πάντων.
1534 4319 1665 4373 Νόει
1696 4318 1830 4387 γοῦν
1878 4319 1962 4373 ὃτι

380 4423 477 4477 καὶ
506 4423 737 4493 δργανον
767 4418 1015 4489 φυσικῶς
1038 4414 1321 4488 ἡνωμένον
1348 4413 1421 4477 ὡς
1462 4411 1625 4482 σῶμα
1652 4411 1825 4483 ψυχῇ,
1865 4411 1962 4465 καὶ

381 4511 528 4579 οἶκος
551 4514 723 4578 οὕτως
755 4511 972 4582 λέγεται
992 4525 1007 4541 ο
1038 4511 1067 4563 ό
1094 4510 1205 4579 γὰρ
1233 4507 1406 4576 Λόγος
1441 4504 1579 4576 σὰρξ
1611 4503 1850 4573 ἐγένετο,
1887 4504 1964 4558 εῖ-

386 4626 569 4682 ρηται,
594 4608 653 4661 οὐ
682 4607 842 4678 μόνον
877 4608 955 4669 εἰς
983 4604 1162 4675 σάρκα
1194 4600 1383 4664 ἁπλῶς
1416 4596 1713 4671 ἐνῴκησεν.

2059 3310 2369 3367 secundum
2424 3310 2479 3365 in
2510 3309 2668 3365 illisa
2691 3308 2914 3364 Christo
2960 3305 3132 3360 factas
3164 3304 3518 3375 operationes
3560 3302 3641 3357 illi

2059 3402 2337 3474 proprias,
2355 3416 2499 3472 saepe
2520 3418 2616 3472 per
2645 3416 2799 3455 suam
2828 3413 3051 3453 carnem
3078 3406 3339 3469 operatur
3368 3395 3639 3459 Verbum,

2062 3495 2339 3552 mirabilia
2368 3494 2502 3551 fecit
2539 3503 2701 3549 utens
2746 3506 2915 3549 carne
2955 3490 3064 3546 sibi
3119 3490 3279 3547 unita
3324 3497 3387 3544 ut
3433 3502 3640 3558 organo

2061 3585 2313 3659 physico.

2732 3757 2885 3815 CAP.
2917 3758 2987 3813 Χ.

2134 3855 2243 3913 Sed
2270 3869 2427 3920 vero,
2458 3860 2515 3909 et
2543 3850 2891 3917 Anastasius,
2946 3848 3147 3920 inquit,
3189 3862 3353 3919 quem
3397 3862 3510 3903 non
3564 3854 3648 3901 at-

2063 3946 2297 4018 tingitis,
2338 3945 2393 4000 in
2433 3957 2689 3999 sermone
2719 3942 2789 3997 de
2852 3939 3255 4004 incarnatione,
3316 3938 3445 4007 ipsi,
3486 3936 3647 3992 habi-

2065 4042 2355 4105 tationem,
2389 4052 2615 4108 corpus,
2655 4044 2712 4091 et
2746 4035 2851 4090 sibi
2897 4032 3219 4104 appropriat
3268 4032 3405 4087 illud
3448 4040 3511 4087 ut
3550 4046 3647 4085 or-

2062 4150 2287 4207 ganum,
2322 4133 2380 4187 in
2399 4131 2495 4186 Illo
2523 4129 2746 4201 agnitus
2768 4136 2826 4183 et
2846 4126 3060 4181 habitat
3088 4136 3146 4181 et
3176 4141 3369 4180 rursus
3391 4124 3445 4179 in
3470 4123 3647 4195 ipsius

2063 4224 2465 4279 habitationem
2520 4228 2575 4276 et
2617 4221 2805 4274 vivum
2859 4232 3127 4289 organum
3166 4214 3498 4287 producere,
3544 4230 3649 4284 pro

2062 4316 2178 4371 vita
2201 4330 2371 4385 super
2405 4312 2614 4368 omnia.
2660 4310 2925 4381 Intelligit
2970 4309 3119 4365 enim
3181 4307 3330 4380 quod
3374 4322 3645 4378 organum

2063 4408 2290 4479 physice
2315 4405 2533 4460 unitum
2566 4412 2627 4458 ut
2649 4418 2854 4472 corpus
2892 4402 3110 4466 animae,
3134 4407 3191 4454 et
3212 4400 3287 4453 ita
3342 4399 3540 4453 domus
3563 4398 3639 4452 di-

2063 4501 2233 4556 citur.
2274 4499 2411 4554 Nam
2441 4496 2684 4553 Verbum
2716 4510 2847 4550 caro
2894 4494 3099 4547 factum
3153 4501 3257 4559 est,
3286 4492 3511 4558 dicitur,
3539 4506 3651 4546 non

2070 4594 2248 4648 solum
2281 4590 2338 4645 in
2368 4604 2590 4645 carnem
2616 4586 2943 4659 simpliciter
2966 4584 3234 4640 habitavi.

386 4750 2719 4792 Μ

1752 4865 2118 4960 ΛΟΓΟΣ
2192 4856 2307 4947 Ζό

397 5028 685 5098 Ἑϐδόμης
712 5026 996 5092 ἀπιστίας
1041 5022 1242 5079 αὐτῶν
1272 5022 1665 5091 στηλίτευσις
1710 5004 2361 5147 (ἓὲἔὲἕῶἳῧνὲἔρξῗῒς
2423 5003 2677 5073 λέγουσι
2710 5000 2818 5055 τὸν
2865 4997 2977 5053 ἕνα
3031 4994 3141 5065 τῆς
3167 4995 3340 5065 ἁγίας
3405 4990 3650 5059 Τριάὸος

1699 5283 2054 5373 LIBER
2152 5278 2370 5371 VII.

458 5451 693 5523 Septima
722 5449 1019 5522 infamatur
1083 5444 1449 5503 hwreticorum
1489 5438 1713 5514 perﬁdia
1745 5436 1866 5493 illos
1898 5432 2297 5558 ctriminantium
2327 5428 2417 5501 qui
2461 5427 2687 5481 dicunt:
2729 5442 2747 5476 ι
2797 5420 2938 5479 Unus
2998 5418 3061 5475 de
3102 5416 3363 5475 Trinitate
3394 5431 3579 5470 nassa:

1853 5523 1906 5558 es
1957 5518 2170 5558 carne.»

1853 5518 1931 5560 εει
1957 5518 2136 5558 carne.
2151 5521 2170 5553 1

808 5720 1200 5780 ΚΕΦΑΛΑΙΟΝ
1234 5716 1532 5773 ΠΡΩΤΟΝ.

462 5825 584 5886 Πῶς
620 5823 811 5892 λέγετε
834 5859 849 5886 ,
895 5819 1093 5890 φασὶν,
1140 5815 1238 5870 ἕνα
1279 5812 1377 5885 τῆς
1409 5809 1571 5880 ἁγίας
1602 5806 1833 5879 Τριάδος
1862 5822 1962 5858 πε-

456 5952 477 5973 ⁶
505 5942 662 6000 Joan.
693 5956 786 6010 vn,
820 5938 910 5995 20.

1996 5724 2044 5784 D

2574 5702 2799 5761 CAPUT
2845 5701 3133 5759 pmnun.
3618 5766 3623 5769 _

2140 5799 2370 5869 Quando
2431 5798 2633 5864 dicitis,
2686 5797 2841 5851 aiunt
2895 5790 3289 5864 (Nestoriaui),
3346 5808 3517 5853 unum
3571 5791 3641 5851 de
