4116 6432
493 402 629 467 1759

1695 468 1701 473 .
1765 406 2073 467 LEONTII
2114 405 2515 467 BYZANTINI

3618 407 3755 472 1760

490 514 834 567 sanctissima
886 513 1156 569 Trinitate
1181 528 1401 583 passum
1430 527 1549 567 esse
1586 514 1791 568 carne?
1841 515 1896 568 Si
1928 513 2071 567 enim

2190 512 2436 566 τιονθέναι
2468 514 2663 584 σαρκίς
2699 514 2760 567 Ei
2788 514 2896 585 γὰρ
2922 514 2982 568 ού
3008 516 3156 587 τρεῖς
3181 515 3355 583 θεοὺς,
3387 518 3504 573 ἀλλ’
3528 520 3746 578 ὑποστά-

490 620 597 658 non
626 614 737 658 tres
763 604 916 666 deos,
960 604 1055 657 sed
1113 620 1373 673 personas
1418 604 1625 667 dicitis,
1670 612 2074 673 consequenter

487 695 783 749 dicendum
838 705 923 750 est
966 713 1132 749 unum
1188 697 1274 750 vel
1308 714 1415 749 una
1468 696 1536 750 de
1578 695 1865 759 Trinitate,
1891 704 2073 749 atten-

485 789 669 843 dendo
701 789 771 843 ad
805 804 1091 859 personam
1140 790 1224 843 vel
1259 788 1325 842 ad
1372 789 1736 858 suppositum,
1786 803 1895 841 non
1943 802 2076 840 vero

488 897 623 933 unus
659 896 677 933 :
712 881 778 933 ad
808 880 941 934 deos
972 881 1153 944 enim,
1188 879 1303 934 sive
1346 889 1549 950 patres,
1595 880 1708 933 sive
1735 879 1875 932 ﬁlios
1905 878 2076 932 refer-

492 981 582 1025 tur
607 973 709 1027 hoc
743 988 940 1027 nomen
987 973 1291 1027 masculine
1322 982 1601 1043 surruptum
1640 988 1849 1043 :quare
1882 980 2072 1027 contra

490 1079 699 1117 morem
760 1064 944 1119 dicere
995 1081 1105 1118 non
1144 1065 1359 1119 audetis
1411 1066 1672 1119 aliumet
1732 1064 1901 1118 alium
1956 1078 2077 1118 esse

490 1155 792 1220 Christum,
823 1172 985 1225 quem
1010 1172 1130 1211 esse
1159 1157 1306 1210 aliud
1331 1167 1387 1211 et
1416 1156 1562 1209 aliud
1585 1156 1941 1211 conﬁtemini.

560 1247 728 1301 Miror
757 1249 1039 1318 quomodo
1079 1250 1131 1303 in
1162 1264 1301 1318 quos
1346 1257 1601 1319 tanquam
1630 1249 1785 1304 vobis
1826 1249 2078 1319 proprios

494 1338 765 1395 incidistis
792 1340 1006 1395 Domini
1030 1341 1365 1411 hypostasim
1397 1340 1718 1406 scrutando,
1740 1341 1796 1395 in
1829 1341 1949 1397 istis
1977 1358 2077 1397 nos

493 1428 775 1482 erroribus
809 1428 994 1498 impiis
1024 1428 1179 1498 quasi
1209 1445 1357 1484 nunc
1377 1438 1621 1484 versatos
1653 1429 1942 1485 ostendere
1975 1430 2077 1485 im-

503 1520 779 1590 pudenter
809 1520 1129 1574 moliamini.
1172 1521 1280 1575 Vos
1326 1521 1473 1574 enim
1527 1530 1640 1575 tres
1692 1520 1981 1577 distinctas
2019 1522 2076 1576 in

496 1612 841 1667 sanctissima
882 1613 1150 1667 Trinitate
1192 1613 1493 1669 admisistis
1550 1614 1905 1680 substantias,
1946 1630 2080 1684 qua-

498 1719 621 1757 rum
646 1720 752 1758 una
784 1721 846 1759 ea
863 1712 947 1760 est
972 1721 1092 1775 quae
1114 1707 1389 1761 inearnata
1409 1722 1531 1762 esse
1563 1707 1767 1762 dicitur
1804 1726 1816 1761 :
1855 1716 1912 1764 et
1945 1722 2078 1763 con-

499 1796 807 1852 tendebatis
838 1798 1173 1869 hypostasim
1206 1799 1345 1853 nihil
1383 1799 1530 1853 aliud
1577 1815 1697 1855 esse
1730 1816 1892 1869 quam
1937 1800 2080 1855 indi-

2176 620 2291 666 σεις
2318 604 2475 672 φατὲ,
2505 606 2800 659 ἀκόλουθον
2828 606 2899 660 ἐν
2923 608 3125 676 λέγειν,
3151 608 3183 679 ἢ
3211 610 3361 679 μίαν
3386 613 3489 682 τῆς
3510 614 3755 684 Τριάδος,

2173 697 2497 767 ἀφορῶντας
2533 697 2669 767 πρὸς
2702 697 2798 768 τὴν
2826 700 3129 754 ὑπόστασιν
3160 700 3193 770 ἦ
3225 702 3287 754 τὸ
3316 704 3633 773 πρόσωπον,
3664 706 3763 759 καὶ

2177 789 2253 858 μὴ
2278 788 2389 841 ἕνα
2415 805 2429 818 '
2484 787 2620 859 πρὸς
2652 789 2811 852 θεοὺς
2836 788 2947 860 7&9
2980 791 3011 858 ἢ
3045 791 3293 861 πατέρας
3324 793 3359 863 ἢ
3394 794 3566 858 υἱοὺς.
3604 795 3764 849 τοῦτο

2174 880 2483 934 ἀποδίδοται
2526 881 2831 951 ἁρρενικῶς
2872 882 3163 953 λεγόμενον
3194 900 3209 915 ο
3267 884 3402 938 διότι
3448 887 3570 940 θύδέ
3602 887 3763 942 ἄλλον

2175 974 2271 1029 καὶ
2333 972 2492 1026 ἄλλον
2548 974 2995 1044 ἀπαρατηρήτως
3061 978 3129 1045 τῇ
3185 976 3381 1046 χρήσει
3436 977 3618 1047 λέγειν
3669 978 3763 1033 τὸν

2174 1065 2411 1136 Χριστὸν
2464 1064 2523 1118 ὃν
2571 1064 2917 1135 ὁμολογεῖτε,
2976 1065 3106 1120 ἀλλο
3155 1068 3248 1120 καὶ
3286 1068 3434 1133 ἄλλο,
3476 1071 3757 1140 ἀνέχεσθε.

2175 1156 2503 1227 Θαυμαστὸν
2530 1158 2678 1221 ὅπως
2708 1158 2768 1209 ἐν
2793 1150 2883 1220 αἷς
2913 1157 3073 1227 ὑμεῖς
3102 1157 3180 1222 ὡς
3205 1160 3433 1225 οἰκείαις
3459 1162 3758 1233 προήλθετε

2175 1246 2355 1311 δόξαις
2404 1246 2493 1299 ὅτε
2541 1248 2609 1301 τὰ
2651 1248 2780 1317 περὶ
2814 1248 3165 1312 ὑποστάσεως
3197 1248 3291 1302 τοῦ
3326 1251 3532 1320 Κυρίου
3562 1252 3760 1322 ἐξητά-

2178 1337 2301 1401 ζετε
2326 1377 2341 1402 ,
2392 1338 2452 1390 ἐν
2499 1335 2727 1401 ταύταις
2759 1335 2855 1389 νῦν
2888 1337 3035 1406 ἡμᾶς
3067 1336 3258 1408 ῶσπερ
3287 1337 3617 1402 ἀσεϐοῦντας
3648 1340 3759 1393 δει-

2178 1429 2361 1483 κνύειν
2394 1428 2731 1500 βουλόμενοι,
2763 1429 2865 1482 οὐκ
2890 1428 3261 1501 ήρυθριάσατε
3281 1446 3295 1460 ·
3353 1430 3526 1494 ἱδικάς
3554 1448 3616 1484 τε
3648 1430 3759 1503 γὰρ

2178 1522 2273 1575 καὶ
2319 1523 2470 1592 τρεῖς
2509 1519 2609 1583 τὰς
2642 1520 2830 1583 οὐσίας
2860 1520 2961 1589 τῆς
2988 1520 3155 1589 ἁγίας
3180 1520 3411 1591 Τριάδος
3442 1520 3597 1590 ὑμεῖς
3627 1520 3759 1575 ἐδώ-

2179 1627 2315 1665 κατε
2335 1625 2351 1640 ·
2401 1602 2477 1663 ὧν
2512 1610 2645 1680 μίαν
2676 1604 2815 1662 εἷναι
2850 1607 2951 1680 τὴν
2977 1609 3278 1680 λεγομένην
3303 1611 3725 1682 ἐνανθρωπῆσαι
3746 1635 3759 1646 ι

2179 1702 2274 1755 καὶ⁵
2302 1701 2463 1756 τοῦτο
2491 1698 2630 1755 εἷναι
2660 1702 2959 1755 ὑπόστασιν
2990 1700 3207 1770 ἐλέγετε
3239 1701 3422 1772 μόνον,
3461 1702 3560 1771 τήν
3590 1702 3764 1774 ίδικὴν

2179 1793 2398 1847 οὐσίαψ
2437 1794 2579 1866 πλὴν
2607 1793 2669 1847 ού
2701 1792 2809 1865 7&9
2838 1794 2897 1847 ἐν
2920 1792 3094 1863 τούτῳ
3125 1789 3235 1846 εἷεν
3265 1793 3333 1846 ἂν
3361 1793 3637 1864 ἐλεύθεροι
3667 1794 3762 1847 τοῦ

496 1890 717 1943 viduam
748 1891 1134 1946 substantiam.
1162 1892 1431 1947 Praeterea
1463 1892 1593 1963 (non
1629 1894 1776 1947 enim
1818 1892 1940 1947 ideo
1960 1894 2071 1948 cri-

2190 1886 2563 1957 ὲγκλήματος,
2612 1887 2662 1940 εί
2693 1886 2823 1949 τοὺς
2850 1886 3293 1955 κατηγοροῦντας
3322 1884 3498 1956 ἔχοιεν
3527 1888 3763 1949 ἐαυτοῖς.

498 1983 669 2035 minis
730 1983 1001 2037 immunes
1061 1993 1189 2037 sunt
1243 1985 1485 2039 accusati
1533 1984 1681 2054 quod
1725 1994 2076 2040 accusatores

498 2074 739 2128 habeant
773 2076 1025 2129 conscios
1061 2092 1075 2128 :
1106 2076 1210 2130 hoc
1243 2076 1463 2146 quidem
1503 2076 1661 2130 vobis
1711 2076 2075 2143 condonetur)

498 2167 568 2222 ad
605 2183 668 2223 ea
701 2184 823 2237 qum.
866 2184 963 2223 vos
1006 2169 1170 2224 nobis
1197 2169 1543 2238 exprobratis
1566 2169 1900 2239 respondere
1930 2185 2079 2224 nunc

501 2273 787 2327 possemus
820 2277 833 2312 :
861 2259 979 2313 Non
1003 2260 1180 2314 solum
1222 2261 1486 2326 Verbum,
1528 2261 1633 2315 hac
1666 2261 1944 2316 locutione
1977 2278 2080 2315 nu-

499 2364 712 2403 merum
768 2349 1070 2403 masculine
1124 2350 1468 2419 exprimente
1503 2390 1518 2415 ,
1565 2366 1764 2419 nempe
1830 2367 1967 2404 unus
2015 2352 2079 2405 de

496 2441 839 2495 sanctissima
880 2439 1140 2495 Trinitate
1172 2441 1542 2511 designatum,
1599 2440 1836 2498 dicimus
1870 2442 2075 2507 Deum;

501 2530 599 2585 sed
636 2531 802 2585 etiam
858 2532 1073 2587 Patrem
1095 2541 1151 2586 et
1196 2533 1463 2601 Spiritum
1497 2541 1744 2589 sanctum
1775 2535 2079 2591 masculine

501 2621 673 2676 Deum
706 2638 964 2677 vocamus
996 2640 1009 2676 :
1046 2638 1148 2677 nec
1196 2623 1321 2677 ideo
1350 2640 1445 2679 eos
1480 2633 1591 2679 tres
1615 2640 1736 2679 esse
1763 2625 1898 2680 deos
1928 2625 2079 2680 arbi-

503 2720 735 2767 tramur.
770 2713 985 2767 Etenim
1028 2729 1208 2783 neque
1238 2716 1412 2769 sancti
1454 2715 1642 2770 Patres
1671 2715 1871 2781 nostri,
1899 2732 2080 2785 neque

503 2804 790 2875 Scriptura
821 2821 996 2867 sacra,
1040 2807 1118 2860 sic
1152 2806 1301 2877 loqui
1333 2807 1400 2861 de
1427 2822 1753 2877 unaquaque
1797 2808 1962 2863 trium
1992 2807 2081 2862 di-

502 2899 645 2952 vinae
700 2908 910 2954 natura:
953 2914 1312 2969 personarum
1370 2898 1775 2953 abstinuerunt.
1828 2898 2081 2954 Illienim

503 2990 807 3045 masculine
850 2991 1069 3045 Patrem
1099 2998 1156 3045 et
1192 2990 1391 3043 Filium
1426 2990 1750 3059 plerumque
1782 2991 2081 3059 appellant.

502 3082 631 3151 quia
659 3098 927 3137 summam
957 3082 1392 3151 uniuscujusque
1420 3098 1669 3151 persona:
1686 3082 2084 3152 perfectionem

506 3174 565 3229 in
591 3190 659 3231 eo
694 3185 967 3245 reponunt
1011 3176 1158 3245 quod
1196 3175 1633 3230 substantialiter
1678 3175 1980 3246 respective
2015 3175 2081 3230 ad

504 3266 772 3321 attributa
808 3267 1120 3321 communia
1141 3307 1155 3331 ,
1189 3278 1244 3322 et
1274 3266 1642 3336 personaliter
1670 3266 1978 3337 respective
2015 3267 2084 3322 ad

504 3358 773 3414 attributa
798 3358 1046 3425 relativa,
1074 3358 1265 3413 eadem
1298 3366 1409 3413 tres
1438 3357 1709 3427 gaudeant
1743 3358 2085 3427 plenitudine

507 3448 814 3503 divinitatis
846 3456 902 3503 et
922 3448 1244 3517 potestatis;
1274 3448 1355 3503 sic
1379 3449 1526 3503 enim
1557 3463 1615 3503 se
1640 3448 1847 3503 habent
1892 3450 1947 3504 in
1972 3451 2086 3505 Deo

507 3548 850 3609 congregata:
880 3538 1073 3609 synodi
1122 3539 1355 3594 Nicaana:
1382 3540 1571 3594 Patres
1603 3557 1616 3593 :
1651 3558 1669 3591 ι
1704 3555 1762 3595 se
1784 3541 2009 3596 credere
2030 3542 2089 3596 in

510 3647 681 3685 unum
710 3632 881 3687 Deum
907 3632 1125 3686 Patrem
1148 3631 1604 3700 omnipotentem,
1631 3640 1685 3686 et
1710 3632 1765 3686 in
1792 3619 1964 3686 unum
1986 3633 2093 3687 Do-

509 3723 721 3777 minum
744 3722 933 3779 Iesum
956 3723 1259 3788 Christum,
1290 3742 1307 3774 ι
1340 3724 1593 3794 quamvis
1619 3723 1687 3779 de
1704 3725 2092 3795 hypostasibus

508 3821 569 3867 et
596 3812 665 3867 de
710 3814 948 3884 prosapia
978 3814 1309 3883 loquentes,
1363 3814 1729 3868 masculinum
1774 3829 1991 3884 semper
2034 3824 2092 3870 et

513 3914 767 3960 neutrum
796 3920 971 3975 genus
1019 3914 1309 3975 usurpent,
1353 3914 1410 3960 et
1450 3905 1601 3960 circa
1636 3906 1777 3961 hanc
1804 3907 2090 3962 materiam

514 3993 649 4049 illud
685 3995 861 4064 ipsum
908 3995 1320 4064 composuerint
1364 3994 1704 4063 Symbolum,
1740 3996 1890 4051 velut
1928 4012 2091 4068 regu-

515 4086 620 4139 lam
658 4094 714 4140 et
751 4086 988 4141 indicem
1015 4086 1332 4165 orthodoxa:
1363 4086 1509 4141 circa
1530 4086 1701 4141 Deum
1742 4094 1799 4141 et
1847 4088 2092 4144 divinam

515 4178 845 4235 Trinitatem
879 4178 1165 4234 doctrinae.
1192 4179 1384 4248 Neque
1411 4178 1670 4235 dixerunt
1701 4196 1760 4236 se
1780 4181 2007 4237 credere
2037 4182 2095 4237 in

516 4284 677 4321 ununt
707 4267 931 4338 (neutro
964 4271 1210 4337 genere),
1258 4267 1354 4323 sed
1380 4268 1573 4323 ambos
1612 4270 1914 4326 masculine
1951 4271 2092 4327 desi-

511 4368 862 4429 gnaverunt,
897 4360 1279 4431 exprimendo,
1317 4376 1443 4415 cum
1483 4376 1677 4416 vocem
1702 4379 1992 4418 numerum
2017 4364 2097 4419 si-

515 4451 889 4522 gniﬁcantem,
918 4454 1129 4508 scilicet
1174 4470 1360 4516 unum,
1407 4462 1523 4508 tum
1549 4470 1751 4509 nomen
1787 4456 2097 4511 absolutum

2186 1978 2686 2048 συναμαρτήμονας
2714 1978 2763 2031 οί
2791 1977 3284 2047 κατηγορούμενοι·
3314 1977 3473 2031 τοῦτο
3495 1977 3595 2048 μὲν
3617 1980 3769 2048 ἀφεί-

2185 2070 2297 2124 σθω
2345 2071 2473 2140 ὑμῖν
2499 2085 2514 2099 °
2573 2070 2668 2124 καὶ
2722 2072 2852 2141 περὶ
2880 2069 3045 2123 τῶνδε
3074 2069 3139 2141 δὴ
3180 2069 3305 2123 τάδε
3335 2069 3516 2138 λέγειν
3548 2070 3769 2140 ἔχοιμεν

2184 2161 2319 2233 πρὸς
2350 2162 2495 2231 ὑμᾶς
2528 2161 2625 2215 καὶ
2653 2159 2748 2215 νῦν
2772 2177 2786 2190 ο
2839 2161 2915 2224 ὡς
2944 2161 3004 2213 οὐ
3036 2161 3197 2231 μόνον
3224 2161 3398 2233 ταύτῃ
3424 2164 3491 2231 τῇ
3522 2161 3616 2215 τοῦ
3642 2162 3769 2233 ἀρι-

2185 2250 2212 2303 0
2222 2249 2324 2319 μοῦ
2345 2253 2651 2322 σημαντικῇ
2674 2251 3212 2323 προσαγορευόμενον
3229 2268 3294 2321 ση
3304 2252 3475 2323 μασίᾳ
3490 2251 3579 2305 τὸν
3593 2252 3771 2321 Λόγον

2184 2341 2492 2414 ἀρρενικῶς
2545 2342 2641 2394 ἕνα
2682 2341 2987 2411 φάσκοντες
3018 2342 3119 2413 τῆς
3148 2342 3311 2410 ἁγίας
3337 2342 3599 2413 Τριάδος,
3634 2344 3771 2397 Θεόν

2186 2451 2389 2503 φαμεν,
2415 2432 2554 2487 ἀλλά
2580 2433 2675 2486 καὶ
2702 2432 2863 2486 αὐτὸν
2889 2432 3111 2503 Πατέρα
3140 2434 3233 2487 καὶ
3261 2433 3320 2485 τὸ
3346 2433 3501 2501 ἅγιον
3518 2434 3768 2504 Πνεῦμα,

2186 2525 2318 2577 Θεὸν
2365 2525 2676 2597 ἀρρενικῶς
2720 2524 2984 2594 λέγομεν·
3042 2526 3137 2578 καὶ
3187 2526 3249 2577 οὐ
3296 2525 3387 2580 διὰ
3420 2525 3577 2578 τοῦτο
3618 2529 3773 2594 τρεῖς

2188 2617 2345 2678 θεοὺς
2389 2619 2548 2686 ἡμεῖς
2577 2615 2752 2669 ταῦτα
2781 2616 3037 2685 οἰόμεθα.
3067 2617 3201 2671 Οὐδὲ
3224 2617 3334 2687 7&9
3362 2618 3411 2670 οἱ
3434 2617 3573 2671 ὅσιοι
3597 2618 3773 2672 Πατέ-

2191 2726 2281 2779 ρες
2308 2709 2467 2778 ἡμῶν
2499 2706 2623 2761 ούτε
2655 2708 2688 2777 ἡ
2720 2708 2852 2776 ἀγία
2883 2707 3100 2779 Γραφή,
3136 2708 3285 2763 ἐστιν
3312 2710 3421 2778 ὅπη
3451 2710 3627 2772 οὓτως
3652 2708 3773 2763 δια-

2186 2802 2440 2871 λέγεσθαι
2470 2800 2601 2872 περὶ
2628 2800 2745 2864 ἐνὸς
2776 2801 3009 2854 ἑκάστου
3038 2801 3147 2855 τῶν
3174 2801 3345 2872 τριῶν
3371 2802 3471 2872 τῆς
3495 2802 3645 2865 θείας
3668 2800 3775 2871 φύ-

2188 2912 2326 2957 σεως
2357 2893 2667 2965 προσώπων
2700 2892 3124 2963 παρεφυλάξατο
3143 2907 3157 2920 ⁸
3195 2894 3292 2947 καὶ
3323 2893 3632 2965 ἀρρενικῶς
3660 2892 3774 2964 7&9

2188 2988 2278 3039 τὸν
2307 2986 2525 3055 Πατέρα
2557 2985 2653 3039 καὶ
2680 2984 2769 3037 τὸν
2803 2985 2929 3038 Υίὸν
2957 2987 3016 3039 ἐν
3044 2984 3320 3048 πλείστοις
3350 2985 3647 3053 κέκληκαψ
3680 2984 3775 3039 διὰ

2188 3076 2251 3129 τὸ
2278 3076 2340 3130 τὸ
2365 3076 2679 3130 παπέλειον
2702 3077 2934 3131 ἑκάστου
2964 3077 3219 3142 ἐνουσίως
3238 3094 3298 3131 τε
3322 3077 3465 3133 κατά
3484 3079 3547 3132 τὸ
3570 3078 3772 3143 κοινὸν,

2192 3170 2285 3223 καὶ
2313 3170 2693 3233 ἐνυποστάτως
2726 3170 2869 3224 κατά
2897 3169 2960 3224 τὸ
2989 3170 3153 3225 ίδικὸν
3174 3210 3190 3237 ,
3239 3170 3339 3241 τὴν
3368 3170 3539 3240 αὐτὴν
3572 3172 3631 3225 ἐν
3660 3172 3779 3234 τοῖς

2184 3259 2332 3330 τρισὶ
2381 3260 2669 3331 γνωρίζειν
2719 3261 2891 3315 ἅπασι
2935 3261 3253 3332 τελειότητα
3288 3261 3541 3325 θεότητός
3572 3279 3634 3313 τε
3678 3262 3779 3315 καὶ

2187 3350 2538 3420 κυριότητοςο
2571 3347 2715 3403 οὕτω
2741 3350 2850 3420 γάρ
2877 3367 3010 3421 φησι
3039 3352 3072 3421 ή
3094 3350 3476 3414 θεοσύλλεκτος
3501 3351 3779 3422 ὁμήγυρις

2187 3444 2287 3512 τῆς
2345 3441 2403 3494 ἐν
2451 3441 2657 3510 Νικαίᾳ
2718 3441 2977 3507 συνόδου,
3035 3440 3313 3497 πιστεύειν
3364 3443 3446 3507 είς
3494 3443 3590 3495 ἕνα
3640 3444 3781 3496 Θεὸν

2188 3532 2411 3605 Πατέρα
2457 3533 2915 3604 Παντοκράτορα,
2963 3535 3058 3587 καὶ
3090 3536 3171 3599 είς
3199 3534 3295 3588 ἕνα
3328 3534 3535 3607 Κύριον
3568 3533 3781 3604 Ἰησοῦν

2190 3626 2455 3697 Χριστόν*
2520 3624 2702 3679 καίτοι
2760 3627 2861 3688 τὰς
2923 3626 3253 3691 ὑποστάσεις
3287 3628 3382 3680 καὶ
3413 3626 3481 3680 τὰ
3510 3627 3784 3697 πρόσωπα

2192 3716 2446 3787 θηλυκῶς
2478 3734 2537 3770 τε
2578 3718 2676 3770 καὶ
2706 3718 3008 3789 οὐδετέρως
3058 3719 3311 3787 λέγοντες
3345 3718 3467 3771 ἀεί·
3522 3718 3618 3771 καὶ
3651 3718 3784 3787 περὶ⁵

2192 3810 2398 3864 τούτων
2431 3810 2565 3864 αὐτὸ
2592 3810 2658 3881 δὴ
2702 3813 2796 3864 καὶ
2830 3809 2989 3865 τοῦτο
3018 3811 3361 3882 ἐκτιθέμενοι
3394 3809 3456 3864 τὸ
3484 3809 3780 3880 σύμϐολον,

2193 3904 2399 3956 κανόνα
2433 3904 2556 3955 τινὰ
2608 3903 2703 3956 καὶ
2749 3902 3006 3973 γνώμονα
3052 3904 3153 3973 τῆς
3199 3902 3328 3973 περὶ
3372 3902 3509 3955 Θεοῦ
3554 3903 3650 3954 καὶ
3682 3903 3788 3970 τῆς

2193 3995 2255 4047 ἐν
2283 3996 2349 4065 τῇ
2377 3993 2498 4065 θείᾳ
2522 3994 2716 4065 Τριάδι
2746 3994 3059 4065 ὀρθοδοξίας
3081 4010 3095 4023 ⁸
3144 3993 3267 4047 οὔτε
3303 3995 3382 4057 είς
3412 3994 3470 4047 ἒν
3504 3992 3789 4047 πιστεύειν

2195 4086 2535 4157 είρήκεισαν,
2567 4085 2681 4139 ἀλλ’
2712 4086 2881 4157 ἄμφω
2907 4086 3210 4157 ἀρρενικῶς
3238 4085 3535 4157 ἐκήρυξαν,
3559 4084 3707 4137 κατά
3724 4102 3792 4139 τε

2195 4177 2257 4230 τὸ
2306 4177 2546 4249 ἀριθμοῦ
2599 4178 2934 4249 σημαντικὸν
2980 4178 3194 4248 ὄνομα,
3252 4180 3421 4249 ήγουν
3453 4178 3512 4231 τὸ
3539 4179 3637 4231 ’ἐν’
3690 4179 3795 4232 καὶ

2198 4268 2341 4322 κατά
2388 4270 2448 4322 τὸ
2493 4270 2896 4340 ἀπολελυμένον
2946 4270 3041 4323 καὶ⁸
3089 4271 3288 4338 ίδικὸν,
3322 4272 3490 4341 ήγουν
3526 4270 3662 4323 Θεὸν
3693 4272 3799 4322 καὶ

2198 4358 2403 4429 Κύριον
2424 4375 2437 4391 ·
2496 4358 2565 4413 τά
2610 4360 2666 4412 δὲ
2713 4360 2834 4430 ίερά
2865 4361 3034 4429 Λόγια
3054 4401 3069 4425 ,
3106 4360 3200 4413 δύο
3228 4378 3288 4414 τε
3320 4360 3628 4432 ἀρρενικῶς
3653 4379 3801 4431 φησι

2198 4450 2461 4511 πολλάκις
2510 4451 2605 4503 καὶ
2652 4451 2779 4519 περὶ
2821 4449 2881 4503 ἓν
2914 4452 3149 4520 πρᾶγμα
3181 4451 3281 4521 τὴν
3312 4451 3597 4520 ἐνέργειαν
3629 4468 3697 4521 με
3709 4470 3803 4521 ρι-

514 4551 573 4598 et
599 4544 924 4611 relativum,
974 4546 1188 4600 scilicet
1236 4545 1406 4598 Deum
1434 4554 1491 4599 et
1522 4545 1823 4601 Dominum.
1860 4578 1932 4587 —
1961 4547 2087 4602 Item

2203 4540 2465 4612 ζομένους
2485 4558 2499 4572 ο
2542 4542 2637 4595 καὶ
2676 4544 2851 4612 ὅμως,
2888 4542 2989 4595 οὐκ
3020 4543 3332 4611 ἀναγκαίως
3361 4541 3551 4595 τοῦτον
3576 4544 3805 4610 εἰσάγει

517 4636 802 4706 Scriptura
823 4653 979 4692 sacra
1012 4637 1151 4691 duos
1182 4635 1483 4691 masculine
1500 4636 1717 4692 inducit
1733 4638 2098 4708 srepesaepius,

517 4729 575 4782 in
607 4745 776 4783 unum
797 4745 936 4799 opus
964 4738 1363 4798 cooperantes;
1398 4744 1503 4783 nec
1547 4738 1733 4784 tamen
1760 4732 2100 4796 necessario,

512 4821 670 4891 juxta
720 4836 854 4885 vos,
911 4820 978 4873 ad
1018 4820 1470 4891 polytheismum,
1512 4830 1769 4890 tanquam
1814 4822 1881 4875 ad
1935 4837 2100 4876 suum

514 4912 816 4967 terminum
876 4921 1153 4981 spectant.
1229 4912 1486 4981 Exempla
1548 4913 1762 4983 gratia,
1832 4900 2097 4984 legitur:

526 5026 545 5057 ι
580 5005 726 5060 Pluit
781 5004 1045 5059 Dominus
1097 5006 1279 5076 ignem
1332 5022 1364 5061 a
1407 5005 1547 5061 facie
1597 5006 1813 5061 Domini
1838 5017 1886 5060 Ρ.
1932 5027 1949 5060 ι
1986 5008 2099 5062 Et:

517 5116 543 5150 ‹
575 5098 720 5152 Dixit
764 5098 1026 5153 Dominus
1079 5098 1312 5153 Domino
1358 5113 1482 5153 meo
1500 5108 1549 5154 (ι.
1592 5118 1610 5151 ι
1657 5100 1759 5153 Et:
1797 5118 1815 5150 ι
1851 5100 2017 5155 Unxit
2051 5109 2103 5155 te

514 5188 685 5250 Deus,
719 5188 863 5242 Deus
895 5197 1021 5241 tuus
1056 5197 1102 5241 ι’.
1138 5206 1155 5237 ι
1191 5187 1255 5241 Et
1287 5188 1381 5242 alii
1414 5196 1620 5255 textus,
1647 5205 1882 5258 quorum
1918 5191 2104 5247 nullus

513 5289 633 5334 tres
648 5295 767 5334 esse
797 5280 1157 5345 deosasserit,
1185 5280 1269 5334 vel
1299 5289 1461 5350 negat
1492 5297 1655 5335 unam
1686 5298 1807 5339 esse
1838 5283 1891 5336 in
1926 5283 2102 5339 tribus

513 5371 862 5426 divinitatem
897 5380 954 5426 et
993 5373 1321 5442 potentiam.
1366 5372 1510 5427 Alibi
1554 5374 1702 5428 enim
1733 5374 1941 5429 dictum
1963 5384 2048 5431 est
2081 5394 2096 5431 :

512 5463 783 5519 Dominus
848 5464 991 5520 Deus
1039 5473 1166 5521 tuus
1215 5466 1479 5523 Dominus
1550 5485 1697 5523 unus
1724 5478 1827 5524 est.
1891 5488 1909 5521 ι
1989 5471 2102 5525 Et:

510 5554 775 5621 Sanetus,
800 5564 1040 5623 sanctus,
1074 5567 1295 5613 sanctus
1320 5559 1584 5614 Dominus
1598 5561 1742 5616 Deus
1763 5562 2002 5617 Sabaoth
2025 5566 2098 5617 ι.»

515 5644 589 5699 Et
619 5645 820 5700 similia
850 5662 878 5699 a
907 5646 1115 5717 Spiritu
1140 5656 1333 5705 sancto
1395 5648 1677 5720 inspirata.
1732 5651 1873 5705 Num
1939 5653 2107 5724 igitur

516 5736 768 5801 oportuit
809 5736 1076 5805 Spiritum
1108 5749 1359 5794 sanctum
1394 5740 1581 5797 dicere
1616 5761 1634 5792 ι
1664 5760 1830 5796 unum
1874 5744 1957 5798 vel
1999 5760 2108 5800 una

593 5863 627 5905 9
652 5855 789 5911 Gen.
821 5873 931 5923 xix,
957 5861 1028 5916 ‘25
1125 5871 1146 5914 ι
1171 5862 1314 5918 Psal.
1344 5879 1446 5928 cu,
1480 5867 1525 5918 Ι.

2203 4632 2326 4686 καθ’
2351 4634 2493 4702 ὑμᾶς
2520 4632 2610 4686 τὸν
2636 4634 2838 4687 σκοπὸν
2865 4634 2962 4704 τῆς
2987 4634 3301 4697 πολυθεῖας·
3331 4635 3407 4698 ὼς
3430 4634 3806 4703 τὸ,ιἘ6ρεξε

2202 4723 2409 4794 Κύριος
2463 4725 2573 4799 πῦρ
2622 4727 2775 4796 παρὰ
2823 4727 3067 4797 Κυρίου·
3100 4747 3117 4778 ι
3160 4729 3286 4790 καὶ,
3330 4746 3349 4779 ι
3387 4722 3554 4780 Εἶπεν
3586 4727 3808 4797 Κύριος

2201 4815 2280 4887 τῷ
2327 4817 2517 4889 Κυρίῳ
2569 4834 2704 4887 μουο
2740 4837 2759 4869 ›
2816 4819 2933 4885 καὶ,
2976 4837 2995 4870 ι
3025 4820 3253 4891 Ἔχρισέ
3282 4838 3341 4873 σε
3370 4823 3399 4873 ὁ
3424 4821 3578 4883 Θεὸς,
3606 4820 3635 4873 ὁ
3659 4820 3810 4883 Θεύς

2201 4927 2348 4963 σου·›
2389 4912 2482 4964 καὶ
2513 4911 2675 4983 ἐτερα
2702 4912 2954 4978 πλεῖστα,
2986 4905 3062 4966 ὧν
3088 4913 3242 4967 οὐδὲν
3272 4917 3422 4985 τρεῖς
3454 4912 3593 4969 εἶναι
3635 4912 3813 4977 θεοὺς

2207 5001 2431 5066 ἔδειξεν.
2485 5002 2558 5056 Ἦ
2604 5004 2783 5057 ἀνεῖλε
2831 5003 2894 5058 τὸ
2942 5004 3073 5075 μίαν
3104 5000 3242 5059 εἶναι
3284 5006 3386 5077 τὴν
3418 5007 3476 5059 ἐν
3503 5008 3618 5071 τοῖς
3644 5009 3815 5077 τρισὶ

2208 5094 2439 5163 θεότητα
2469 5095 2565 5148 καὶ
2592 5094 2895 5166 κυριότητα
2916 5112 2930 5126 ·
2982 5096 3079 5150 καὶ
3107 5097 3215 5167 7&9
3246 5097 3515 5168 ἀλλαχόσε
3543 5098 3813 5171 εἴρηταιο

2214 5206 2232 5238 ι
2268 5187 2470 5256 Κύριος
2501 5188 2530 5240 ὁ
2556 5187 2689 5251 Θεός
2718 5206 2813 5242 σου
2847 5189 3051 5261 Κύριος
3078 5186 3158 5253 εἷς
3186 5194 3326 5245 ἐστι·
3348 5211 3366 5243 ο
3404 5193 3516 5258 καὶ,
3535 5211 3554 5244 ι
3582 5193 3816 5262 'A7to;,

2210 5280 2407 5349 ἅγιος,
2459 5280 2616 5349 ἆγιος
2660 5281 2866 5353 Κύριος
2915 5283 3182 5337 Σαϐαώθ’
3216 5303 3235 5335 ι
3296 5284 3394 5337 καὶ
3450 5284 3519 5337 τά
3568 5287 3819 5342 τοιαῦτα

2200 5374 2265 5427 ἐκ
2295 5373 2391 5428 τοῦ
2439 5374 2594 5444 ἁγίου
2626 5375 2793 5428 αὑτοῦ
2825 5376 3159 5447 Πνεύματος.
3195 5378 3286 5448 Μή
3317 5395 3368 5431 τι
3394 5376 3487 5431 οἶὲν
3515 5378 3645 5448 μίαν
3670 5382 3706 5451 ἢ
3728 5382 3817 5448 ἓν,

2206 5466 2239 5536 ἢ
2276 5465 2458 5534 ἁγίαν,
2498 5466 2530 5537 ἢ
2562 5470 2779 5539 κυρίαν,
2814 5467 2846 5539 ἢ
2883 5468 3035 5523 θείαν
3061 5470 3236 5522 είπεῖν
3263 5470 3581 5537 ἀναγκαίως
3606 5471 3821 5542 ἐδέησε

2206 5556 2285 5626 τῷ
2314 5558 2615 5628 Πνεύματι,
2652 5560 2740 5613 ἵνα
2775 5559 2850 5631 μὴ
2881 5562 2994 5623 τοῖς
3024 5563 3155 5631 παρ’
3183 5562 3339 5631 ὑμῶν
3367 5562 3817 5633 ἐγκαλουμένοις

2217 5650 2510 5719 εὐθύνηται
2537 5668 2551 5716 ;
2609 5650 2726 5715 πῶς
2773 5652 2829 5705 δὲ
2861 5653 2970 5724 ἀρα
3018 5654 3176 5723 ὑμεῖς
3209 5655 3363 5708 αὐτοὶ
3393 5654 3483 5708 τὸν
3511 5655 3747 5725 Πατέρα
3781 5659 3815 5728 ἢ

2216 5747 2306 5800 τὸν
2340 5745 2468 5797 Υἱὸν
2520 5745 2553 5814 ἢ
2602 5746 2662 5800 τὸ
2691 5746 2918 5817 Πνεῦμα
2947 5746 3009 5801 τὸ
3038 5747 3194 5817 ἆγιον
3226 5746 3707 5821 προσαγορεύετες
3752 5751 3820 5802 Et

1618 5872 1639 5903 ι’
1676 5865 1820 5920 Psal.
1858 5882 1997 5935 κων,
2027 5868 2079 5922 8.
2161 5868 2179 5905 ί
2215 5865 2316 5921 lsa.
2356 5882 2427 5932 vr,
2462 5866 2515 5919 5.
