4116 6444
359 414 483 480 1761

354 620 521 685 νικῶς
547 616 810 689 είρηται,)
850 615 970 678 πῶς
997 614 1099 667 οὑκ
1122 612 1272 667 ἄθεοι
1304 612 1583 675 παντελῶς
1607 613 1766 677 ἐστε;
1805 613 1855 664 εἰ
1882 610 1941 662 δὲ

354 717 543 785 λέγετε
592 712 768 768 ταῦτα
816 711 914 765 καὶ
957 711 1119 780 ὑμεῖς
1166 708 1295 778 περί
1325 701 1403 761 ὧν
1449 708 1582 777 ἡμῖν
1618 706 1940 775 ἐγκαλεῖτε,

354 810 472 871 πῶς
504 809 605 862 οὑκ
631 805 980 875 ἀναίσχυντοι
1008 802 1132 856 λίαν
1156 799 1483 871 κριθήσεσθε
1505 816 1522 867 ;

1306 409 1703 471 ADVERSUS
1742 408 2292 469 NESTORIANOS.
2312 433 2378 443 -
2398 409 2543 469 Lm.
2585 408 2715 469 VII.

357 531 457 600 μὲν
485 522 579 581 οὖν
615 526 754 597 μήτε
782 523 1015 594 Κύριον,
1052 520 1201 592 μήτε
1225 520 1378 587 Θεὸν,
1413 520 1604 591 (ταῦτα
1632 519 1742 591 γὰρ
1773 519 1931 590 ἀῤῥευ
1976 528 2017 581 Α

3493 403 3631 476 1762

2048 526 2257 583 sancta,
2303 518 2569 583 domina,
2616 519 2739 581 dea,
2800 531 2868 571 ne
2908 515 3385 586 objurgationilms
3430 520 3636 574 vestris

2047 610 2463 679 corriperetur?
2501 609 2791 676 Quomodo
2825 609 2993 679 igitur
3040 610 3364 679 vosmetipsi
3414 610 3636 667 Patrem

2047 710 2105 757 et
2136 701 2334 756 Filium
2362 708 2421 755 ct
2460 701 2730 771 Spiritum
2771 709 3021 755 sanctum
3063 702 3395 771 appellatis?
3445 702 3501 757 Si
3538 718 3638 756 ne-

2048 809 2157 863 que
2190 793 2506 857 Dominum,
2561 809 2742 864 neque
2794 794 2967 847 Deum
3018 794 3159 865 (haec
3212 795 3362 849 enim
3408 797 3635 849 nomina

354 900 722 957 masculinum
766 898 1009 965 sonant),
1032 910 1217 950 nonne
1239 892 1465 948 omnino
1499 890 1650 946 atbei
1679 887 1858 945 estis?
1882 885 1940 942 Si
1978 900 2114 942 vero
2160 886 2348 941 dicitis
2408 894 2466 940 et
2515 902 2614 942 vos
2653 902 2777 957 qua:
2840 886 3000 941 nobis
3040 888 3417 957 exprobratis,
3450 905 3634 945 nonne

356 1008 583 1050 summa:
611 988 970 1061 impudentia:
994 988 1205 1043 crimen
1232 985 1568 1040 incurrens?

969 1080 1223 1135 ΚΕΦΑΛ.
1261 1079 1338 1131 Β’.

372 1176 377 1181 ’
428 1178 489 1230 Εἰ
538 1176 573 1245 ή
616 1174 751 1243 ἁγία
784 1171 957 1243 Τριὰς
994 1170 1236 1238 ἀπαθὴς,
1272 1170 1300 1222 6
1325 1167 1381 1220 δέ
1406 1164 1644 1237 Χριστὸς
1671 1161 1938 1233 παθητὸς,

358 1266 439 1334 εἷς
487 1269 544 1322 δέ
597 1270 715 1320 ἐστι
768 1268 797 1319 6
842 1264 1081 1333 Χριστὸς
1131 1264 1233 1333 τῆς
1276 1260 1438 1327 ἁγίας
1469 1258 1730 1330 Τριάδος,
1778 1255 1942 1327 ἢκαὶ

356 1366 390 1432 ή
418 1360 551 1429 ἁγία
576 1358 748 1429 Τριάς
775 1355 1070 1427 παθητὴ,ἢ
1100 1357 1127 1407 6
1146 1354 1381 1424 Χριστὸς
1407 1351 1505 1421 οὑχ
1528 1344 1617 1416 εἷς
1640 1347 1746 1416 τῆς
1765 1348 1941 1417 ἁγίας

364 1451 643 1521 Τριάδος⁶
712 1451 761 1502 εἰ
808 1449 865 1502 δέ
898 1446 1172 1519 προσθῆτε
1230 1444 1315 1509 16,
1343 1443 1506 1515 σαρκὶ
1553 1440 1833 1503 πέπονθε,
1880 1438 1944 1491 τὸ

359 1543 582 1597 τοιῶσδε
618 1540 851 1611 πάσχειν
872 1579 886 1603 ,
927 1539 1028 1591 οὑκ
1057 1536 1337 1607 ἐλευθεροῖ
1362 1536 1602 1597 πάθουςο
1652 1532 1842 1601 ὥσπερ
1876 1530 1944 1584 ἂν

362 1635 458 1688 καὶ
487 1634 633 1686 είποι
660 1650 745 1695 τις
768 1630 994 1685 τοιῶσδε
1020 1628 1318 1698 πεπνίχθαι
1343 1626 1497 1689 τινὰ,
1541 1626 1642 1680 οὑκ
1670 1624 1946 1694 ἐλευθεροῖ

360 1726 456 1779 τοῦ
503 1726 735 1795 πάσχειν
781 1723 815 1794 ἢ
851 1722 946 1776 106
982 1721 1305 1790 πεπνίχθαι,
1340 1719 1430 1772 τὸν
1461 1717 1590 1787 περὶ
1618 1710 1678 1771 οὗ
1707 1718 1943 1786 εἴρηται.

364 1815 508 1881 έΛλλ*
537 1817 566 1868 6
589 1813 821 1885 Χριστὸς
850 1813 913 1867 οὑ
939 1812 1099 1883 μόνον
1131 1808 1213 1874 εἷς
1238 1812 1357 1865 ἐστι
1382 1809 1483 1880 τῆς
1510 1808 1667 1876 ἁγίας
1693 1806 1943 1878 Τριάδος-

364 1904 499 1957 ἀλλὰ
530 1905 625 1958 καὶ
665 1900 746 1964 εἷς
777 1899 879 1973 τῆς
909 1901 1327 1974 ἀνθρωπότητος
1367 1901 1425 1953 ἐν
1459 1901 1558 1971 μιᾷ.
1587 1901 1681 1952 καὶ
1711 1901 1777 1969 τῇ
1805 1898 1942 1968 αὑτῇ
1981 1887 2023 1941 Β

365 1993 532 2050 αὑτοῦ
557 1994 881 2048 ὑποστάσει·
913 1993 1002 2047 διά
1029 1992 1090 2047 16
1122 1992 1217 2047 καὶ
1246 1993 1505 2062 περισσόν
1534 2009 1586 2045 τι
1614 1990 1717 2061 τῆς
1739 1989 1953 2059 φύσεως

367 2086 560 2145 ἑαυτοῦ
606 2087 697 2140 τὸν
727 2086 859 2139 Θεὸν
887 2086 1063 2155 Λόγον
1082 2126 1098 2149 ,
1132 2086 1300 2156 ἡγουν
1328 2084 1391 2139 τὸ
1420 2084 1478 2151 ἐξ
1508 2083 1674 2138 αὑτοῦ
1702 2083 1948 2151 πλάσμα,

366 2182 447 2242 εἰς
493 2182 553 2235 16
597 2178 792 2234 ἐαυτοῦ
837 2179 1129 2251 πρόσωπον
1170 2175 1496 2233 ἀναλαϐεῖν*
1538 2176 1600 2229 16
1628 2175 1686 2230 δέ
1714 2174 1949 2245 ληφθὲν,

366 2272 465 2342 οὑχ
509 2271 808 2334 ὑπόστασις
862 2270 923 2324 ὃν
974 2270 1221 2343 ἐλήφθη,
1272 2269 1408 2324 ἀλλὰ
1442 2267 1605 2339 φύσις
1634 2308 1652 2335 ,
1698 2270 1765 2338 τῇ
1794 2266 1951 2336 φύσει

367 2364 461 2417 τοῦ
486 2365 659 2433 Λόγου
693 2365 751 2418 ἐν
778 2367 843 2435 τῇ
875 2364 979 2435 ἰδίᾳ
1008 2362 1176 2417 αὑτοῦ
1204 2363 1501 2417 ὑποστάσει
1534 2360 1945 2414 συνυποστᾶσα·

371 2457 581 2527 ἐδείχθη
608 2457 718 2529 γὰρ
736 2457 949 2520 οἰκείως
978 2457 1120 2511 κατά
1142 2456 1305 2510 τόπον
1332 2454 1591 2516 πολλάκις
1612 2452 1687 2517 ῶς
1707 2453 1949 2517 δυνατὸν,

373 2550 467 2601 καὶ
516 2548 733 2612 πλείους
771 2546 992 2617 φύσεις,
1025 2549 1084 2601 ἐν
1112 2547 1210 2618 μιᾷ
1237 2546 1505 2617 ὑπάρχειν
1529 2548 1596 2617 τῇ
1625 2545 1950 2599 ὑποστάσει·

375 2640 575 2712 ίδωμεν
603 2641 659 2694 δέ
686 2641 780 2695 καὶ
809 2641 901 2694 ἐπὶ
928 2639 1369 2710 παραδείγματος
1393 2639 1454 2692 τὸ
1476 2638 1617 2693 κατὰ
1638 2638 1728 2692 τὸν
1751 2636 1957 2690 Δεσπό-

372 2749 472 2803 την
501 2732 658 2804 ήμῶν
685 2732 923 2802 Χριστὸν
951 2730 1144 2796 οὕτως·
1182 2732 1233 2784 εἰ
1257 2730 1635 2803 γὰρἈδραάμ
1658 2730 1752 2783 καὶ
1766 2729 1956 2783 Ἰσαὰκ

374 2825 470 2880 καὶ
507 2823 704 2879 Ἰακὼϐ
742 2823 881 2896 μετὰ
910 2824 1009 2893 τὴν
1040 2823 1253 2877 ἐνθένδε
1284 2822 1607 2886 ἁποὸἰωσιν,
1643 2821 1744 2892 ἤδη
1771 2821 1957 2874 λοιπὸν

373 2915 453 2985 τῷ
491 2915 593 2987 τῆς
622 2916 926 2978 ἀθανασίας
955 2914 1225 2986 ὁρίζονται
1271 2913 1452 2983 λόγῳ,
1490 2912 1629 2985 πρὸς
1659 2912 1721 2965 16
1755 2912 1956 2979 μᾶλλον

374 3009 513 3069 ζῶον
536 3007 753 3077 λογικὸν
774 3008 1040 3062 ἀθάνατον
1061 3006 1294 3067 ἕκαστος
1312 3003 1489 3072 τούτῳ
1512 3002 1588 3056 ὢν
1603 3002 1711 3057 τῶν
1727 3002 1952 3055 λοιπῶψ

375 3099 573 3171 Ἰωσὴφ
599 3100 656 3153 δὲ
686 3094 767 3162 εἷς
794 3100 977 3162 αὑτοῖς
1004 3097 1080 3152 ὢν
1110 3098 1251 3151 κατὰ
1282 3097 1380 3167 τὴν
1406 3096 1603 3168 φύσιν,
1636 3096 1731 3149 καὶ
1757 3094 1953 3165 ὑμοού-

2710 1082 2861 1138 CAP.
2892 1084 2957 1139 ll.

2117 1174 2175 1229 Si
2211 1174 2558 1229 sanctissima
2602 1174 2845 1229 Trinitas
2871 1175 2943 1229 sit
2972 1174 3349 1244 impassibilis.
3379 1176 3635 1233 Christus

2045 1282 2180 1322 vero
2198 1266 2498 1336 passibilis,
2522 1281 2672 1319 unus
2697 1275 2879 1319 autem
2922 1266 2995 1319 sit
3021 1266 3275 1321 Christus
3301 1267 3370 1322 de
3402 1269 3636 1323 sanctis-

2047 1358 2188 1412 sima
2215 1357 2521 1421 Trinitate;
2561 1357 2649 1411 vel
2692 1356 3038 1411 sanctissima
3064 1356 3307 1412 Trinitas
3335 1366 3418 1412 est
3455 1359 3633 1427 passi-

2047 1448 2198 1512 bilis,
2231 1449 2317 1502 vel
2343 1446 2596 1501 Christus
2634 1462 2744 1500 non
2771 1456 2855 1500 est
2884 1464 3016 1500 unus
3051 1448 3115 1500 de
3138 1449 3474 1502 sanctissima
3514 1449 3634 1503 Tri-

2047 1542 2238 1594 nitate.
2271 1539 2427 1606 Quod
2454 1540 2497 1592 si
2526 1539 2852 1593 addideritis
2891 1556 2904 1591 :
2947 1540 3147 1594 Passus
3174 1551 3260 1595 est
3301 1556 3501 1607 carne;
3538 1542 3633 1597 tali

2046 1634 2133 1688 vel
2164 1633 2257 1688 tali
2294 1633 2459 1687 modo
2488 1632 2601 1702 pati
2646 1648 2757 1686 non
2806 1632 2950 1687 tollit
2999 1632 3271 1687 rationem
3319 1633 3632 1702 passionis:

2048 1724 2191 1780 sicut
2222 1724 2268 1778 si
2307 1724 2432 1793 quis
2462 1722 2871 1792 dicataliquem
2908 1723 3093 1778 taliter
3127 1723 3457 1779 sutl‘ocatum
3483 1740 3631 1788 esse,

2050 1830 2162 1869 non
2216 1814 2342 1869 ideo
2375 1814 2638 1869 immunis
2667 1821 2754 1868 est
2808 1814 3080 1883 passionis
3118 1815 3204 1869 vel
3258 1814 3637 1870 sulIocationis

2053 1906 2145 1961 ille
2172 1905 2241 1961 dc
2284 1920 2393 1975 quo
2426 1906 2691 1974 loquitur.
2737 1904 2808 1960 At
2852 1905 3106 1960 Christus
3134 1922 3243 1959 non
3276 1906 3455 1961 solum
3493 1921 3637 1961 unus

2051 2006 2135 2052 est
2159 1997 2227 2051 de
2243 1996 2591 2052 sanctissima
2627 1996 2921 2078 Trinitate,
2954 1997 3047 2051 sed
3081 2007 3137 2051 et
3159 2012 3305 2051 unus
3330 1998 3397 2052 de
3434 1998 3636 2053 huma-

2052 2091 2249 2153 nitate,
2279 2090 2333 2143 in
2364 2105 2474 2144 una
2513 2097 2569 2143 et
2604 2089 2798 2143 eadem
2832 2105 3087 2159 persona.
3119 2089 3336 2144 Etenim
3390 2088 3635 2145 Verbum

2052 2181 2299 2236 divinum
2331 2180 2541 2250 aliquid
2574 2190 2783 2236 natura:
2813 2196 2926 2235 suae
2957 2180 3322 2251 superﬂuum,
3358 2182 3572 2238 scilicet
3600 2198 3635 2239 a

2051 2287 2112 2327 se
2158 2280 2405 2327 creatum
2450 2273 2502 2326 in
2535 2287 2692 2326 suam
2734 2272 2907 2342 ipsius
2958 2287 3250 2342 personam
3292 2274 3633 2343 assumpsit;

2052 2364 2200 2434 quod
2226 2372 2408 2419 autem
2438 2374 2781 2434 assumptum
2811 2372 2916 2429 est,
2950 2379 3059 2417 non
3084 2376 3426 2434 assumptum
3462 2376 3547 2421 est
3572 2375 3637 2420 ut

2053 2472 2311 2527 persona,
2343 2457 2441 2513 sed
2481 2466 2543 2511 ut
2572 2466 2787 2522 natura,
2837 2467 3051 2512 naturae
3085 2457 3253 2512 Verbi
3309 2457 3364 2512 in
3410 2459 3636 2528 propria

2054 2546 2231 2616 ipsius
2268 2562 2505 2615 persona
2530 2547 2873 2618 hypostatice
2918 2548 3214 2617 conjuncta
3247 2547 3637 2604 :demonstra-

2057 2649 2173 2695 tum
2201 2640 2348 2695 enim
2377 2649 2463 2695 est
2484 2638 2823 2695 sufﬁcienter
2849 2654 2951 2709 pro
2980 2641 3121 2705 loco,
3152 2656 3313 2709 quam
3338 2641 3638 2711 szepissime

2057 2732 2175 2788 ﬁeri
2234 2732 2437 2802 potuit.
2489 2733 2681 2802 plures
2735 2740 2964 2786 naturas
3018 2733 3072 2785 in
3124 2733 3283 2786 unica
3332 2733 3639 2788 subsistere

2055 2832 2273 2878 natura.
2313 2823 2575 2892 Exemplo
2601 2822 2971 2877 dilucidemus
2994 2822 3139 2891 quod
3176 2831 3390 2891 spectat
3422 2823 3490 2878 ad
3533 2825 3641 2878 Do-

2056 2914 2268 2968 minum
2338 2920 2589 2966 nostrum
2644 2913 2831 2967 Jesum
2885 2912 3189 2968 Christum.
3221 2912 3277 2967 Si
3328 2915 3638 2977 Abraham.

2056 3005 2206 3060 Isaac
2228 3013 2284 3059 et
2310 3004 2513 3068 Jacob,
2549 3012 2841 3073 postquam
2876 3004 3083 3073 egressi
3110 3013 3240 3058 sunt
3275 3018 3342 3057 ex
3374 3004 3478 3059 hac
3506 3006 3637 3072 vita,

2052 3097 2165 3167 jam
2225 3097 2491 3166 deinceps
2548 3096 2774 3150 ratione
2818 3096 3248 3151 immortalitatis
3298 3096 3642 3153 deﬁniuntur

378 3210 493 3258 σιος
538 3192 785 3263 άληθῶς,
824 3192 906 3245 ἐτι
935 3191 990 3245 δὲ
1019 3192 1205 3265 ἄρχων
1236 3189 1511 3259 Αἰγύπτου
1542 3189 1637 3243 καὶ
1662 3186 1773 3252 ζῶν
1808 3186 1947 3241 κατὰ

2060 3189 2210 3257 (cum
2241 3187 2618 3257 unusquisque
2642 3202 2832 3241 eorum
2859 3185 2964 3240 hoc
2989 3188 3163 3258 magis
3200 3188 3272 3243 sit
3308 3189 3510 3245 animal
3549 3206 3644 3245 ra-

378 3288 580 3356 σάρκα,
622 3287 673 3339 εἰ
704 3285 897 3356 θνητὸς
926 3282 1184 3355 ὁρίζοιτο,
1212 3283 1286 3347 ὡς
1314 3284 1449 3353 πρὸς
1474 3281 1567 3335 16v
1592 3280 1687 3335 v6v
1712 3280 1826 3349 βίον
1851 3280 1949 3351 ζῇν

2059 3282 2265 3337 tionale
2314 3281 2623 3335 immortale
2675 3296 2840 3351 quam
2908 3280 3147 3350 caeteri);
3195 3282 3397 3352 Joseph
3454 3292 3641 3339 autem

378 3380 458 3433 ἐτι
494 3377 633 3449 μετὰ
663 3378 866 3448 σαρκὸς
897 3375 1144 3447 φθαρτῆς
1176 3374 1495 3446 νοοὺμενος,
1530 3374 1638 3444 ἄρα
1666 3390 1731 3441 γε
1763 3371 1954 3425 κάκεί-

378 3488 502 3535 νους
540 3470 675 3539 ¹καθ’
720 3469 866 3540 ὑμᾶς
917 3467 1145 3537 θνητοὺς
1177 3466 1258 3520 ἔτι
1286 3465 1567 3536 ὁρίζεσθαι
1599 3464 1695 3518 καὶ
1718 3463 1799 3527 δὶς
1826 3463 1954 3534 θνή-

380 3579 531 3615 σκειν
550 3602 566 3625 ,
622 3561 711 3613 ἵνα
762 3559 837 3629 μὴ
865 3558 1066 3628 ψευδὴς
1092 3558 1175 3627 εἴη
1204 3557 1328 3627 ὅρος
1364 3555 1559 3626 Ἰωσὴφ
1580 3596 1594 3617 ,
1626 3555 1921 3621 ἀναγκαῖον
1940 3568 1955 3582 ο

380 3654 413 3725 ἢ
440 3654 534 3706 καί
563 3652 657 3705 τὸν
689 3650 887 3721 Ἰωσὴφ
919 3649 1187 3703 ἀθάνατον
1212 3643 1372 3711 εἶναι,
1404 3647 1499 3701 καλ⁵
1526 3645 1632 3715 πρὸ
1656 3644 1756 3715 τῆς
1781 3644 1958 3697 ἐνθέν-

379 3746 437 3799 δε
489 3742 882 3806 άποὸιὼσεως,
938 3740 1114 3804 οὕτως
1166 3738 1473 3810 ὁρίζεσθαι,
1526 3738 1613 3791 ἵνα
1654 3737 1729 3808 μὴ
1762 3737 1958 3790 ἐκεῖνοι

381 3836 595 3907 ψευδῶς
621 3835 865 3904 λέγοιντο
895 3833 1175 3888 ἀθάνατοι·
1212 3832 1260 3883 εἰ
1289 3830 1345 3884 δέ
1374 3829 1547 3883 ταῦτα
1575 3829 1772 3889 ἄτοπα,
1800 3828 1959 3898 δῆλον

382 3930 457 3993 ὡς
507 3928 723 3999 άληθῶς
772 3929 885 3990 τοῖς
927 3943 991 3979 τε
1036 3922 1325 3986 ἀθανάτοις
1356 3924 1499 3976 κατὰ
1526 3920 1586 3973 16
1615 3922 1723 3974 πᾶν
1751 3920 1959 3975 ἑαυτῶν

382 4021 699 4091 νοουμένοις
744 4017 1057 4091 προσώποις
1098 4014 1383 4087 ὁμοούσιος
1420 4015 1448 4067 6
1485 4015 1685 4085 Ἰωσήφ
1716 4016 1833 4067 ἐστι
1865 4013 1961 4066 καὶ

383 4113 490 4183 πρὸ
549 4112 649 4182 τῆς
696 4110 1009 4173 ἀποθέσεως
1061 4107 1161 4177 τῆς
1208 4106 1446 4176 σαρκὸς,
1492 4103 1615 4159 κατ’
1644 4106 1821 4158 ἐκεῖνο
1850 4104 1960 4155 τῶν

385 4204 616 4271 ἑαυτοῦ,
667 4202 789 4258 καθ’
832 4204 861 4257 ὃ
910 4203 971 4256 οὑ
1018 4199 1333 4270 τεθνήξεται
1384 4198 1627 4261 πώποτε,
1661 4197 1830 4267 ήγουν
1862 4194 1959 4266 τὴν

383 4298 583 4367 ψυχήνο
625 4295 821 4366 θνητός
849 4311 908 4347 τε
938 4294 1033 4346 καί
1060 4293 1173 4354 τοῖς
1197 4290 1410 4361 θνητοῖς
1442 4286 1794 4358 συναρίθμιός
1820 4286 1959 4347 ἐστι,

386 4390 521 4443 καθὸ
555 4389 615 4443 16
650 4388 909 4459 περισσὸν
943 4383 1110 4439 αὑτοῦ
1154 4382 1292 4445 τέως
1341 4380 1478 4452 πρὸς
1523 4378 1651 4441 τοὺς
1688 4377 1831 4433 κατὰ
1861 4377 1961 4446 τὴν

385 4480 685 4536 ἀθανασίαν
712 4478 1032 4550 ὁμοουσίους
1058 4475 1225 4547 αὐτῷ,
1253 4474 1421 4544 ήγουν
1447 4470 1506 4523 16
1530 4468 1687 4539 σῶμα
1711 4467 1739 4521 6
1765 4467 1962 4535 ἐπεφέ-

2058 3386 2221 3427 unam
2252 3382 2309 3427 et
2363 3371 2613 3425 eamdem
2644 3370 2855 3426 habens
2879 3386 3003 3425 cum
3034 3372 3142 3427 illis
3169 3382 3423 3427 naturam
3450 3373 3645 3443 eisque

2058 3479 2187 3517 vere
2221 3461 2731 3525 consubstantialis,
2755 3459 2938 3514 adhuc
2958 3475 3092 3513 vero
3118 3476 3317 3529 prteses
3350 3460 3557 3533 Egypti
3586 3471 3646 3519 et

2056 3555 2248 3608 vivens
2270 3554 2325 3607 in
2356 3568 2543 3615 carne,
2577 3551 2622 3607 si
2658 3552 2905 3605 mortalis
2930 3550 3279 3618 deﬁniretur,
3322 3563 3378 3606 et
3405 3552 3645 3609 habere-

2060 3655 2150 3700 tur
2174 3653 2235 3699 ut
2258 3645 2452 3699 vivens
2484 3644 2665 3698 adhuc
2698 3642 2864 3696 vitam
2893 3643 3036 3696 hanc
3074 3652 3313 3697 nostram
3340 3659 3356 3696 :
3388 3660 3519 3697 num
3545 3643 3648 3715 igi-

2059 3746 2170 3801 tur,
2213 3738 2367 3806 juxta
2398 3750 2514 3800 vos,
2542 3750 2767 3789 necesse
2797 3742 2903 3797 est,
2936 3733 3018 3788 vel
3057 3733 3181 3787 illos
3214 3732 3396 3787 adhuc
3420 3733 3643 3789 deﬁniri

2058 3829 2316 3882 mortales
2335 3840 2392 3882 et
2423 3826 2509 3881 bis
2561 3824 2721 3888 mori,
2750 3840 2818 3879 ne
2851 3823 2985 3880 falsa
3007 3824 3080 3880 sit
3103 3825 3326 3894 Josephi
3370 3826 3645 3892 deﬁnitio,

2061 3920 2148 3975 vel
2180 3918 2485 3989 Josephum
2513 3933 2634 3971 esse
2683 3916 3050 3971 immortalem
3088 3925 3145 3971 et
3193 3924 3321 3971 ante
3361 3933 3647 3987 egressum

2058 4028 2125 4068 ex
2168 4012 2273 4066 hac
2319 4011 2431 4064 vita
2460 4013 2540 4064 sic
2576 4007 2818 4071 deﬁniri,
2867 4024 2938 4062 ne
2979 4008 3055 4062 illi
3093 4007 3228 4063 falso
3250 4009 3506 4063 dicantur
3538 4010 3646 4065 im-

2060 4102 2363 4161 mortales?
2392 4101 2549 4168 Quod
2575 4101 2620 4155 si
2658 4101 2764 4156 hoc
2791 4109 2880 4155 est
2905 4100 3232 4165 absurdum,
3260 4100 3555 4170 Josephus,
3587 4112 3651 4157 ut

2059 4211 2230 4273 patet,
2266 4201 2521 4271 personis
2552 4199 2661 4254 illis
2704 4216 2827 4269 qua:
2861 4198 3166 4254 secundum
3206 4201 3391 4255 omnia
3434 4216 3531 4256 sua
3560 4211 3675 4265 at-,

2062 4293 2268 4348 tributa
2325 4300 2655 4361 reputantur
2706 4291 3064 4354 immortales,
3109 4306 3240 4345 vere
3273 4301 3359 4346 est
3400 4294 3653 4349 consub-

2060 4383 2333 4438 stantialis
2362 4382 2668 4451 respective
2694 4381 2759 4434 ad
2792 4381 2934 4435 hanc
2972 4381 3057 4435 sui
3094 4380 3269 4450 ipsius
3294 4393 3504 4452 partem
3533 4400 3653 4454 qua

2060 4489 2342 4544 nunquam
2377 4474 2669 4538 morietur,
2712 4472 2763 4526 id
2787 4483 2890 4536 est,
2916 4472 3225 4541 respective
3250 4475 3316 4527 ad
3340 4490 3493 4528 suam
3526 4477 3655 4531 ani-

392 4584 535 4643 ρετο⁶
569 4569 745 4633 οὕτως
774 4569 867 4623 οὖν
899 4568 994 4622 καὶ
1022 4569 1182 4639 ἡμεῖς
1212 4564 1395 4635 σαρκὶ,
1429 4562 1522 4617 καὶ
1547 4561 1607 4613 οὑ
1632 4562 1699 4631 τῇ
1724 4558 1957 4628 θεότητι,

2066 4583 2241 4632 mam;
2274 4566 2523 4619 mortalis
2554 4580 2687 4619 vero
2718 4572 2802 4617 est
2835 4570 2892 4617 et
2918 4564 3247 4617 mortalibus
3272 4580 3645 4623 annumeran-

391 4664 635 4734 παθητόν
660 4678 841 4733 φαμεν
867 4661 959 4715 τόν
984 4662 1051 4715 ἐκ
1074 4659 1275 4731 σαρκὸς
1303 4658 1396 4710 καὶ
1420 4654 1673 4723 θεότητος
1700 4650 1956 4725 Χριστόν·

391 4755 577 4826 ἐπειδὴ
607 4754 665 4807 δέ
696 4753 883 4820 λέγετε
910 4752 971 4806 16
997 4751 1175 4820 σαρκί
1201 4750 1358 4820 μόνον
1386 4747 1641 4816 διάφορον
1668 4742 1847 4797 αἰτίαν
1869 4741 1963 4794 καί

390 4849 592 4918 τρόπον
626 4845 912 4916 σημαίνειν
946 4842 1041 4896 106
1075 4840 1484 4912 συμϐεϐηκότος
1513 4837 1591 4908 τῷ
1619 4833 1964 4904 ὑποκειμένῳ

392 4938 625 5007 Χριστῷ
654 4937 1142 5006 κατηγορήματος,
1176 4934 1352 4985 εῖτουν
1383 4930 1479 4984 τοῦ
1507 4928 1831 4999 παθήματος
1851 4941 1866 4956 ⁸
1900 4925 1962 4977 οὑ

397 5033 581 5103 μέντοι
627 5031 704 5093 ὡς
750 5030 831 5092 είς
864 5043 988 5080 τινα
1033 5024 1144 5078 τῶν
1185 5022 1363 5077 οὑσῶν
1405 5021 1677 5092 διαφόρων
1718 5019 1777 5071 ἐν
1816 5016 1965 5086 αὑτῷ

394 5124 591 5177 οὐσιῶν
624 5120 865 5192 μερικῶς
899 5107 995 5189 τῆς
1026 5118 1195 5186 αὑτῆς
1220 5113 1580 5176 ὑποστάσεως
1613 5109 1775 5163 αὑτοῦ
1808 5107 1967 5161 τοῦτο

393 5214 725 5285 πεισομένης
752 5210 1027 5281 λέγεσθαι,
1060 5207 1203 5262 καθὰ
1225 5207 1387 5276 ἡμεῖς
1415 5204 1738 5275 νομίζομεν·
1771 5199 1966 5254 οὐκοῦν

396 5308 694 5376 ἀναγκαῖον
727 5305 874 5375 ἡμᾶς
922 5301 1063 5354 κατὰ
1098 5299 1190 5353 16v
1234 5296 1503 5367 ἡμέτερον
1528 5294 1685 5363 λόγον
1714 5295 1807 5346 καί
1833 5292 1967 5355 εἴτις

396 5400 544 5469 λέγει
591 5399 681 5450 16v
720 5397 816 5451 ἕνα
845 5394 1131 5466 ἄνθρωπον
1177 5388 1453 5462 τμηθῆναι
1487 5387 1682 5457 σαρκὶ,
1718 5387 1835 5456 ἅμα
1868 5385 1967 5456 μὲν

399 5496 463 5563 τῇ
492 5491 638 5561 ψυχῇ
675 5489 854 5543 πάντα
881 5484 1220 5557 διαιρεθῆναι
1253 5480 1441 5534 τοῦτον
1470 5479 1559 5533 ἀεὶ
1588 5480 1729 5531 νοεῖν
1753 5494 1766 5507 ’
1810 5477 1968 5548 μόνον

396 5584 457 5638 δέ
490 5582 648 5635 τοῦτο
680 5577 1048 5649 φαντάζεσθαι
1093 5577 1220 5647 περί
1253 5573 1348 5627 τοῦ
1383 5572 1665 5643 λεχθέντος
1685 5586 1698 5599 ·
1755 5571 1838 5623 ὅτι
1871 5571 1969 5639 οὑχ

402 5676 507 5731 ὑπὸ
550 5674 736 5744 ξίφους
785 5672 946 5741 τυχὸν
997 5670 1030 5740 ἦ
1074 5669 1256 5735 λίθου,
1300 5666 1414 5721 ἀλλ’
1446 5664 1552 5720 ὑπὸ
1586 5662 1786 5734 σαρκὸς
1811 5661 1971 5716 66v-

403 5767 620 5837 θρωπος
667 5764 788 5827 ὅλος
835 5762 1099 5832 τέτμηται
1147 5760 1291 5829 ψυχῇ
1334 5773 1393 5811 τε
1441 5754 1535 5808 καὶ
1577 5752 1789 5823 σώματι
1828 5751 1968 5804 διαι-

409 5856 582 5927 μθείς
615 5854 703 5911 διὰ
731 5853 881 5908 τοῦδε
910 5851 1005 5906 106
1034 5852 1108 5914 ὡς
1137 5846 1403 5921 τμητικοῦ
1430 5843 1662 5917 ὀργάνου
1691 5860 1703 5875 ’
1742 5841 1966 5897 άκολού·

2063 4655 2166 4710 dus
2192 4655 2497 4725 respective
2528 4654 2595 4709 ad
2636 4654 2769 4709 illud
2795 4669 2906 4724 quo
2937 4653 3228 4723 superﬂuit
3268 4664 3501 4711 caeteros
3530 4658 3649 4714 sibi

2063 4746 2277 4800 ratione
2332 4745 2761 4800 immortalitatis
2814 4745 3354 4813 consubstantiales,
3413 4748 3466 4802 id
3522 4760 3644 4815 est,

2066 4838 2367 4906 respective
2410 4836 2478 4891 ad
2533 4852 2736 4906 corpus
2774 4836 2876 4907 ipsi
2924 4837 3197 4892 additum.
3241 4838 3330 4894 Sic
3383 4841 3552 4911 igitur
3587 4852 3656 4898 et

2066 4942 2167 4982 nos
2197 4942 2391 4991 carne,
2446 4941 2557 4981 non
2600 4926 2891 4980 divinitate
2919 4925 3310 4996 impassibilem
3354 4944 3477 4984 esse
3501 4930 3645 4985 dici-

2067 5034 2188 5072 mus
2217 5018 2616 5072 coalescentem
2644 5034 2710 5072 ex
2740 5018 3031 5072 divinitate
3067 5026 3123 5071 et
3146 5033 3308 5072 carne
3340 5018 3651 5075 Christum.

2069 5110 2260 5165 Dicitis
2298 5109 2481 5163 adhuc
2535 5123 2726 5162 vocem
2774 5125 2936 5161 carne
2968 5108 3104 5162 nihil
3146 5108 3297 5163 aliud
3327 5109 3651 5179 signiﬁcare

2067 5214 2233 5268 quam
2268 5197 2625 5268 principalem
2656 5212 2879 5251 causam
2916 5207 2971 5252 et
3018 5197 3243 5251 modum
3291 5199 3546 5254 attributi
3576 5204 3655 5256 de

2069 5288 2318 5359 subjecto
2347 5287 2585 5342 Christus
2624 5285 2926 5355 prtedicati,
2957 5284 3164 5339 scilicet
3207 5286 3494 5355 passionis,
3535 5303 3656 5344 non

2070 5389 2254 5433 autem
2287 5380 2602 5449 exprimere
2627 5378 2863 5446 aliquam
2891 5378 3235 5432 diversarum
3263 5380 3384 5448 ejus
3422 5389 3654 5436 natura-

2070 5490 2193 5529 rum
2246 5474 2669 5544 participantem
2715 5470 2808 5523 uni
2867 5478 2923 5524 et
2948 5469 3131 5523 eidem
3177 5469 3352 5539 ipsius
3398 5485 3654 5540 personat

2072 5566 2188 5621 haec
2232 5580 2510 5634 passurae,
2548 5561 3013 5633 quemadmodum
3060 5574 3161 5614 nos
3190 5559 3462 5614 sentimus
3498 5577 3511 5613 :
3549 5575 3656 5613 ne-

2072 5672 2226 5711 cesse
2268 5654 2436 5725 igitur
2465 5669 2586 5709 esse
2640 5663 2695 5707 ut
2737 5668 2862 5716 nos,
2903 5653 3060 5723 juxta
3087 5660 3334 5705 nostram
3381 5650 3653 5719 loquendi

2073 5746 2358 5805 rationem,
2389 5746 2435 5798 si
2472 5745 2596 5814 quis
2616 5744 2765 5797 dicat
2795 5758 2965 5797 unum
2998 5741 3276 5796 hominem
3303 5752 3511 5796 sectum
3528 5756 3657 5797 esse

2074 5853 2239 5893 carne
2262 5877 2276 5903 ,
2313 5836 2484 5891 simul
2524 5844 2581 5889 ct
2608 5834 2792 5889 anima
2818 5835 2965 5890 hunc
3003 5842 3179 5888 totum
3212 5848 3333 5888 esse
3357 5832 3655 5889 discissum
