4116 6434
522 408 662 476 1763

1814 399 2125 463 LEONTII
2163 393 2572 458 BYZANTINI

3653 392 3790 458 1764

516 541 738 595 semper
779 521 1146 590 arbitremur;
1174 539 1242 579 ex
1272 521 1463 578 verbis
1501 532 1684 577 autem
1731 516 2012 590 praedictis
2041 512 2097 570 id

2211 511 2312 574 θως
2354 508 2412 562 δὲ
2452 507 2641 561 τοῦτον
2676 504 2966 577 ψιλοῦσθαί
2995 522 3055 561 τε
3091 506 3188 561 καὶ
3213 505 3530 575 emacem,
3567 515 3665 565 καὶ
3696 514 3791 568 δά-

516 634 688 673 unum
713 624 884 689 patet,
912 632 1112 686 nempe
1135 632 1245 670 non
1279 632 1379 686 per
1404 615 1647 685 gladium
1676 611 1841 674 forte,
1870 626 1974 665 nec
2002 624 2102 679 per

513 710 776 780 lapidem,
800 709 894 764 sed
926 724 1025 778 per
1057 723 1282 763 carnem
1322 716 1499 763 totum
1550 714 1763 760 sectum
1793 717 1917 757 esse
1945 701 2102 756 illum

514 806 821 868 hominem,
879 803 1171 872 animaque
1226 810 1283 857 et
1327 818 1561 872 corpore
1610 800 1952 869 discerptum
2001 810 2102 865 per

516 897 651 952 illud
677 896 834 966 quasi
867 896 1148 950 dissecans
1173 894 1629 949 instrumentum.
1658 888 1921 955 Proinde,
1953 888 2104 942 hunc

516 990 799 1043 hominem
833 987 1089 1051 tonderi,
1142 986 1381 1056 discerpi
1418 994 1473 1040 et
1506 983 1739 1040 lacerari
1790 980 2101 1043 audientes,

514 1082 782 1151 putabitis
814 1080 960 1135 istud
993 1080 1074 1134 illi
1120 1078 1332 1133 homini
1365 1080 1419 1132 in
1448 1088 1682 1147 utraque
1724 1074 1900 1144 ipsius
1922 1079 2102 1142 parte,

514 1174 571 1228 id
603 1182 707 1239 est,
739 1184 855 1228 tum
891 1173 947 1227 in
978 1188 1234 1243 corpore,
1266 1181 1383 1225 tum
1420 1172 1477 1225 in
1508 1171 1693 1225 anima
1720 1167 2016 1232 accidisse,
2045 1172 2104 1219 et

515 1266 739 1334 quidem
781 1281 873 1335 per
894 1281 1110 1319 carnem
1131 1264 1287 1333 quasi
1315 1263 1427 1317 vim
1454 1261 1758 1316 tonsoriam
1781 1260 2101 1314 habentem.

516 1358 790 1412 Praeterea
819 1356 887 1410 de
916 1356 985 1410 iis
1015 1356 1132 1426 qui,
1168 1357 1299 1410 licet
1322 1371 1352 1409 a
1373 1356 1621 1409 cruciatu
1658 1352 1821 1408 liberi
1846 1359 2101 1421 respectu

516 1449 720 1512 carnis,
751 1448 959 1517 aliquid
993 1456 1174 1502 tamen
1197 1447 1505 1517 patiuntur,
1534 1446 1579 1501 si
1613 1445 1932 1500 diceremus
1955 1444 2105 1498 hunc

517 1541 601 1595 vel
645 1541 797 1594 illum
819 1540 1211 1611 impassibilem
1241 1541 1568 1595 remansisse
1598 1555 1763 1595 carne
1788 1538 1915 1608 (hoc
1939 1537 2107 1608 signi-

516 1633 717 1687 ﬁcante
755 1648 847 1687 aer
876 1632 1139 1701 carnem),
1169 1631 1425 1687 similiter
1456 1632 1562 1687 dici
1588 1633 1743 1703 juxta
1772 1645 1871 1685 vos
1902 1628 2107 1700 poterit

517 1724 874 1795 impassibilis
911 1733 1165 1794 respectu
1199 1723 1395 1778 animae
1415 1740 1510 1794 per
1533 1740 1753 1777 carnem
1788 1740 1808 1778 :
1842 1723 1920 1777 illi
1954 1722 2104 1777 enim

517 1824 643 1885 post
665 1831 887 1870 carnem
915 1815 1054 1869 nihil
1084 1815 1235 1869 aliud
1268 1830 1435 1884 quam
1471 1815 1653 1870 anima
1694 1823 1967 1885 superest.
1996 1815 2103 1868 Ista

2202 601 2427 656 κνεσθαι
2479 598 2644 670 σαρκὶ
2689 599 3025 663 ἀκούσαντες
3050 638 3066 663 ,
3128 600 3419 672 ἄνθρωπον
3460 601 3585 658 κατ’
3624 604 3793 675 ἄμφω

2203 691 2457 763 νομίσετε
2484 729 2499 758 ,
2554 690 2723 761 ἧγουν
2775 688 2918 744 κατά
2959 689 3143 761 ψυχήν
3184 708 3246 745 τε
3293 692 3390 746 καὶ
3428 692 3589 762 σῶμα
3621 694 3795 748 ταῦτα

2209 783 2619 856 συμϐεϐηκέναι
2647 781 2729 853 τῷ
2749 780 3055 852 ἀνθρώπῳ,
3090 783 3229 837 ἀλλὰ
3255 783 3355 838 διὰ
3382 785 3614 852 σαρκὸς
3640 785 3796 855 ψιλό-

2204 880 2337 950 θρου
2392 877 2627 946 δύναμιν
2678 873 2943 947 ἐχούσηςο
3004 874 3085 928 ἔτι
3138 875 3249 947 μὴν
3292 873 3388 929 ἐπὶ
3429 877 3540 929 τῶν
3571 876 3791 930 ἐλευθε-

2209 974 2487 1047 ρουμένων
2534 973 2601 1025 ὲκ
2646 970 2885 1040 βασάνου
2916 968 3017 1042 τὴν
3050 969 3234 1039 σάρκα
3275 968 3373 1023 καὶ
3404 969 3687 1023 παθόντων
3718 986 3792 1035 τι,

2204 1069 2254 1122 εἰ
2301 1066 2560 1135 λέγοιμεν
2609 1065 2691 1118 ὅτι
2739 1065 2768 1117 6
2812 1064 2961 1116 δεῖνα
3010 1062 3230 1133 ἀπαθὴς
3270 1060 3453 1132 ἔμεινε
3498 1061 3665 1132 σαρκὶ
3695 1060 3793 1116 διὰ

2204 1158 2455 1228 σαρκὸς,
2493 1157 2586 1211 καὶ
2636 1154 2793 1209 τοῦδε
2820 1154 3067 1218 δοθέντος
3087 1195 3102 1220 ,
3140 1153 3345 1224 ὁμοίως
3376 1153 3633 1222 λέγεσθαι
3666 1153 3790 1207 καθ’

2205 1252 2349 1321 ὑμᾶς
2379 1249 2532 1303 ἔσται
2549 1249 2647 1318 τὴν
2672 1247 2855 1319 ψυχὴν
2876 1246 2967 1300 διὰ
2996 1246 3093 1317 τῆς
3118 1244 3349 1314 σαρκὸς
3365 1244 3605 1314 ἀπαθής
3636 1244 3791 1298 οὐδὲν

2205 1344 2315 1413 γὰρ
2346 1341 2495 1413 αὐτῷ
2534 1342 2673 1412 μετὰ
2698 1340 2799 1408 τὴν
2825 1340 3005 1410 σάρκα
3028 1339 3217 1410 ἕτερον
3243 1338 3624 1392 ὑπολείπεταν
3664 1336 3793 1391 τού-

2204 1452 2315 1489 των
2364 1434 2422 1487 δὲ
2475 1436 2627 1497 ποῖος
2672 1434 2865 1505 ἄφρων
2911 1433 3353 1502 άνεπαίσθητος;
3390 1430 3602 1485 Οὐκοῦν
3635 1431 3797 1502 δῆλον

2205 1526 2282 1590 ὡς
2306 1526 2368 1580 τὸ
2391 1523 2592 1595 σαρκὶ,
2630 1525 2755 1580 οὔτε
2782 1526 2857 1590 ὡς
2883 1526 2949 1580 δι’
2973 1525 3209 1596 ὀργάνου
3236 1524 3536 1578 παθοποιοῦ
3554 1525 3795 1595 εἴρηται·

2207 1618 2333 1674 οὔτε
2367 1619 2475 1690 μὴν
2506 1617 2584 1683 ὡς
2612 1619 2778 1690 μέρος
2805 1617 2975 1690 οὔσης
3005 1617 3099 1671 τοῦ
3128 1617 3265 1671 Θεοῦ
3291 1617 3469 1687 Λόγου
3495 1617 3798 1672 καθἀὐτὸν

2207 1712 2502 1783 νοουμένου
2524 1711 2673 1782 ὲντῷ
2693 1710 2966 1781 λέγεσθαι,
2986 1710 3045 1764 '0
3064 1710 3199 1774 Θεὸς
3221 1710 3394 1779 Λόγος
3415 1710 3586 1764 ἔπαθε
3604 1711 3796 1780 σαρκία

2208 1803 2397 1873 ὥσπερ
2436 1805 2617 1875 φαμὲν
2664 1805 2746 1858 ὅτι
2794 1805 2823 1859 6
2863 1804 3009 1858 δεῖνα
3048 1802 3424 1873 προσέπταισε
3452 1802 3531 1873 τῷ
3558 1802 3721 1867 ποδὶ,
3760 1802 3795 1874 ἢ

517 1876 743 1977 quidem
780 1909 970 1978 ecquis
1000 1909 1203 1963 stultus
1251 1876 1364 1961 non
1407 1876 1779 1978 intelligere“;
1804 1905 1946 1977 Ergo
1984 1906 2102 1961 evi-

2211 1895 2524 1966 ἐκρεμάσθη
2552 1899 2620 1967 τῇ
2650 1895 2824 1965 χειρί.
2858 1896 2967 1950 Καὶ
2996 1895 3250 1963 λέγοντες
3274 1894 3384 1965 γὰρ
3411 1896 3503 1947 τὸν
3529 1893 3664 1947 Θεὸν
3691 1893 3797 1947 Λό-

518 2000 718 2054 denter
751 2007 901 2069 patet
931 2013 1123 2053 vocem
1157 2014 1320 2051 carne
1343 2014 1453 2052 non
1484 2013 1585 2068 pro
1610 1999 1982 2052 instrumento
2003 1996 2100 2051 do-

518 2090 730 2145 lorillco
777 2090 908 2155 dici,
950 2104 1056 2144 nec
1108 2103 1207 2159 pro
1253 2086 1408 2158 parte
1466 2089 1563 2144 Dei
1602 2088 1769 2144 Verbi
1814 2088 1868 2143 in
1920 2088 2106 2157 seipso

518 2180 876 2247 considerati,
911 2179 1135 2251 quando
1152 2179 1356 2234 dicitur
1385 2197 1398 2232 :
1426 2179 1672 2234 Verbum
1707 2178 1956 2233 divinum
1983 2193 2108 2248 pas-

519 2292 643 2332 sum
678 2284 765 2330 est
796 2290 995 2340 carne;
1022 2274 1166 2328 sicut
1195 2272 1432 2329 dicimus
1461 2290 1475 2326 :
1503 2272 1604 2328 llic
1634 2273 1724 2328 vel
1756 2271 1848 2327 ille
1883 2269 2109 2341 impegit

520 2368 672 2438 pede,
708 2367 793 2420 vel
822 2381 1124 2436 suspensus
1158 2373 1243 2419 est
1262 2381 1447 2418 manu.
1481 2364 1737 2417 Dicentes
1762 2362 1910 2418 enim
1933 2363 2105 2417 Deum

523 2456 787 2520 Verbum,
808 2454 1089 2510 Christum
1119 2469 1337 2523 semper
1372 2453 1788 2508 consideramus
1817 2452 1871 2506 in
1905 2453 2108 2508 uniOne

520 2556 864 2611 naturarum,
912 2554 968 2601 et
1015 2556 1275 2615 tanquam
1324 2553 1538 2614 partem
1586 2543 1792 2599 Christi
1838 2544 2108 2599 habemus

521 2651 747 2691 carnem
790 2650 897 2705 qua
924 2650 1145 2704 passum
1191 2649 1312 2689 esse
1352 2635 1521 2688 Deum
1564 2634 1805 2689 Verbum
1836 2646 2109 2704 quatenus

518 2724 802 2781 Christum
833 2726 1070 2780 dicimus
1102 2744 1117 2779 :
1149 2726 1295 2780 sicut
1318 2734 1374 2781 et
1402 2726 1685 2781 hominem
1719 2728 1876 2797 quasi
1908 2727 2110 2782 dividi-

522 2832 665 2879 mus,
702 2815 939 2871 dicendo
962 2816 1191 2870 Paulum
1220 2815 1501 2870 inﬁrmum
1522 2816 1747 2887 quidem
1767 2832 1892 2872 esse
1919 2833 2107 2885 carne,

521 2905 716 2974 spiritu
747 2916 931 2960 autem
962 2920 1181 2970 sanum,
1209 2913 1266 2960 et
1297 2920 1463 2961 carne
1496 2922 1525 2961 a
1547 2907 1877 2976 quibusdam
1912 2909 2111 2963 absen-

524 3003 653 3059 tem,
712 2997 912 3066 spiritu
954 3011 1087 3050 vero
1137 2996 1192 3050 in
1220 2996 1289 3051 iis
1340 3007 1691 3066 prasentem.
1739 3000 1798 3052 In
1829 3014 1897 3054 eo
1942 2999 2111 3071 igitur

521 3103 687 3144 sensu
713 3088 933 3144 .ludaaos
976 3103 1098 3143 esse
1152 3087 1398 3143 deicidas
1446 3088 1870 3160 intelligendum
1913 3099 2018 3156 est,
2054 3100 2111 3146 et

520 3182 628 3236 alia
664 3182 885 3246 similia,
932 3181 1079 3253 quod
1112 3180 1368 3236 Christus
1413 3181 1487 3236 sit
1535 3183 1682 3237 Deus
1735 3191 1793 3238 et
1844 3183 2107 3239 Verbum.

522 3276 710 3346 itaque
752 3290 877 3330 eum
905 3272 1162 3329 Christus
1214 3290 1314 3344 pro
1353 3274 1515 3329 nobis
1554 3291 1752 3345 passus
1798 3276 1870 3330 sit
1919 3293 2109 3342 carne,
2145 3280 2301 3348 juxta
2331 3280 2641 3350 apostolum
2691 3282 2917 3338 Petrum

2205 2002 2334 2055 γον,
2381 1987 2619 2057 Χριστὸν
2648 1985 2882 2057 νοοῦμεν
2915 1986 3056 2057 μετὰ
3083 1984 3184 2056 τὴν
3210 1985 3409 2039 ἕνωσιν
3437 1985 3547 2038 τῶν
3576 1984 3797 2053 φύσεων

2205 2075 2310 2130 ἀεί·
2346 2077 2444 2131 καὶ
2473 2076 2549 2140 ὡς
2574 2078 2813 2149 Χριστοῦ
2848 2078 3012 2147 μέρος
3038 2077 3221 2147 φαμὲν
3245 2078 3347 2147 τὴν
3373 2076 3555 2147 σάρκα
3579 2074 3707 2129 καθ’
3728 2076 3796 2146 ἣν

2206 2168 2399 2220 παθεῖν
2431 2168 2528 2222 καὶ
2553 2169 2645 2221 τὸν
2670 2168 2805 2222 Θεὸν
2827 2168 3001 2236 Λόγον
3028 2168 3106 2231 ὡς
3131 2167 3368 2240 Χριστὸν
3391 2166 3642 2236 λέγομενο
3682 2164 3797 2220 ὥσ-

2207 2274 2314 2327 περ
2347 2257 2445 2310 καὶ
2491 2257 2586 2310 ἐπὶ
2612 2257 2938 2329 ἀνθρώπου,
2978 2259 3055 2322 ὡς
3085 2260 3150 2312 ὲκ
3179 2258 3380 2329 μέρους
3413 2256 3597 2328 φαμὲν
3626 2256 3798 2311 ἀσθε-

2207 2352 2319 2402 νεῖν
2354 2349 2455 2419 μὲν
2487 2350 2685 2420 σαρκὶ,
2734 2349 3000 2418 ὑγιαίνειν
3030 2348 3088 2402 δὲ
3123 2348 3337 2403 Παῦλον
3368 2348 3447 2419 τῷ
3477 2348 3794 2418 πνεύματιο

2208 2440 2304 2494 καὶ
2351 2443 2419 2512 τῇ
2469 2442 2634 2513 σαρκὶ
2685 2443 2787 2512 μὲν
2834 2441 3053 2496 ἀπεῖναι
3078 2458 3261 2506 τινων,
3299 2440 3378 2513 τῷ
3410 2441 3470 2495 δὲ
3507 2441 3797 2513 πνεύματι

2211 2535 2309 2588 σὺν
2339 2534 2527 2598 αὐτοῖς
2552 2530 2694 2588 εἶναι
2716 2549 2732 2566 ο
2770 2534 2915 2588 οὕτω
2942 2533 3074 2603 γοῦν
3103 2534 3199 2587 καὶ
3226 2533 3545 2597 θεοκτόνους
3572 2535 3798 2604 νοητέον

2210 2626 2499 2690 Ἰουδαίους
2525 2666 2542 2691 ,
2601 2628 2698 2682 καὶ
2746 2627 2817 2681 τὰ
2864 2628 3059 2698 ὅμοια,
3120 2628 3195 2691 ὡς
3239 2626 3479 2697 Χριστοῦ
3509 2627 3665 2690 ὄντος
3700 2628 3798 2681 τοῦ

2208 2719 2347 2772 Θεοῦ
2382 2720 2479 2773 καὶ
2503 2720 2698 2789 Λόγου.
2755 2719 2992 2791 Χριστοῦ
3020 2715 3114 2774 οὖν
3144 2721 3414 2784 παθόντος
3462 2722 3602 2792 ὑπὲρ
3633 2725 3666 2792 ἡ
3678 2724 3798 2793 μῶν

2213 2813 2378 2883 σαρκὶ
2402 2851 2419 2877 ,
2478 2814 2622 2866 κατὰ
2673 2812 2765 2866 τὸν
2812 2812 3112 2868 ἀπόστολον
3140 2813 3369 2885 Πέτρον,
3402 2812 3563 2884 δῆλον
3592 2814 3672 2877 ὡς
3703 2815 3799 2867 καὶ

2210 2910 2342 2974 Θεὸς
2388 2912 2417 2964 6
2458 2910 2662 2979 Λόγος*
2698 2912 2797 2982 οὔχ
2824 2910 2900 2975 ὡς
2926 2910 2989 2964 τὸ
3019 2911 3218 2983 μέρος,
3253 2910 3368 2964 ἀλλ’
3399 2909 3475 2974 ὡς
3504 2911 3533 2964 6
3560 2907 3799 2980 Χριστὸς

2210 3000 2423 3071 λέγοιτο
2466 3003 2662 3056 παθεῖν
2682 3018 2696 3033 ·
2737 3003 2833 3055 xui.
2863 3001 2972 3074 γὰρ
3017 3003 3143 3067 ὃλος
3174 3002 3297 3056 Ίὼσ
3327 3001 3545 3071 λέγεται
3575 3001 3797 3064 παθεῖν,

2210 3095 2310 3163 τῆς
2326 3095 2527 3167 σαρκὸς
2554 3095 2720 3151 αὑτοῦ
2739 3096 2907 3169 μόνης
2932 3095 3216 3167 παθούσης
3240 3111 3255 3127 ο
3281 3113 3300 3147 ι
3333 3097 3447 3165 Τῆς
3474 3093 3582 3164 γὰρ
3612 3092 3800 3163 ψυχῆς

2213 3187 2405 3254 αὑτοῦ,
2430 3206 2451 3240 ι
2479 3190 2614 3259 φησὶ
2643 3188 2723 3259 τῷ
2745 3188 2999 3261 διαϐόλῳ,
3039 3207 3059 3242 ι
3085 3189 3163 3261 μὴ
3193 3187 3327 3261 ἅψῃ,
3355 3206 3375 3239 ι
3408 3189 3437 3240 6
3460 3186 3690 3257 Κύριος.

2963 3294 3015 3349 υ,
3072 3290 3226 3354 patet
3259 3282 3502 3337 Verbum
3521 3281 3798 3339 divinum,

521 3380 633 3419 non
660 3372 937 3434 quatenus
959 3372 1168 3433 partem
1212 3363 1445 3431 Christi,
1491 3366 1588 3421 sed
1638 3375 1915 3436 quatenus
1947 3368 2253 3436 Christum,
2320 3372 2539 3429 dicatur
2567 3388 2691 3429 esse
2751 3390 2999 3445 passum.
3062 3376 3238 3431 Totus
3278 3375 3428 3430 enim
3457 3374 3561 3429 Job
3592 3372 3800 3428 dicitur

525 3472 719 3527 passus
744 3470 887 3522 esse,
920 3455 1050 3510 licet
1076 3454 1190 3511 sola
1227 3457 1347 3526 ejus
1376 3472 1504 3511 caro
1528 3474 1685 3529 passa
1715 3460 1807 3526 sit,
1832 3460 1961 3531 quia
1983 3463 2105 3533 ejus
2140 3463 2377 3519 animam
2408 3482 2478 3521 ne
2502 3464 2757 3526 diabolus
2782 3476 3035 3540 tangeret
3056 3478 3311 3525 vetuerat
3334 3468 3619 3523 Dominus.

1176 3570 1329 3625 CAP.
1370 3572 1463 3627 lli.

592 3662 695 3729 Qui
735 3662 1022 3717 dicerent:
1064 3661 1263 3717 Passus
1291 3672 1365 3717 est
1385 3680 1573 3730 carne,
1617 3682 1718 3736 pro
1749 3666 1837 3721 his
1866 3667 2052 3722 verbis
2085 3686 2100 3723 ι

522 3755 642 3810 Non
670 3756 725 3810 in
750 3755 966 3826 prapria
998 3763 1219 3820 natura,
1245 3755 1350 3809 sibi
1366 3756 1833 3813 contradicerent.
1869 3759 1925 3814 Si
1955 3760 2104 3815 enim

524 3857 778 3903 naturam
827 3847 973 3902 illam
1025 3848 1079 3902 in
1134 3864 1241 3917 qua
1297 3864 1494 3919 passus
1525 3858 1611 3905 est
1663 3852 1809 3907 Deus
1860 3853 2104 3908 Verbum

522 3943 679 4013 juxta
706 3957 823 4007 eos,
874 3941 1157 4012 propriam
1207 3941 1383 4012 ipsius
1433 3959 1555 3999 esse
1581 3954 1783 4015 negant
1819 3944 1910 4015 (ne
1951 3945 2107 4001 illum

524 4044 781 4105 respectu
832 4044 1042 4090 natura:
1100 4035 1419 4106 passibilem
1479 4052 1601 4092 esse
1664 4037 2106 4109 confiteantur);

526 4126 677 4195 quod
711 4131 895 4181 autem
928 4143 1034 4180 non
1072 4136 1155 4183 est
1197 4128 1504 4199 proprium,
1534 4138 1618 4184 est
1642 4130 1913 4196 alienum;
1961 4129 2110 4201 quod

524 4226 711 4273 autem
740 4218 1005 4281 alienum,
1055 4218 1285 4274 alterius
1312 4228 1398 4274 est
1424 4236 1586 4290 quam
1625 4220 1776 4276 illius
1812 4222 1968 4292 cujus
2000 4238 2111 4276 non

523 4322 611 4367 est
640 4314 928 4384 pr0prium
957 4329 971 4367 :
1003 4328 1136 4383 ergo
1163 4313 1243 4367 illi
1290 4329 1403 4367 non
1430 4315 1609 4368 solum
1642 4314 1781 4369 duas
1813 4314 2114 4369 admittunt

528 4413 779 4469 naturas,
811 4404 905 4458 sed
949 4412 1004 4459 et
1042 4404 1181 4458 duas
1226 4420 1512 4475 personas,
1565 4422 1764 4476 nempe
1805 4422 1971 4460 unam
2016 4407 2113 4462 Dei

514 4488 719 4562 Verbi,
757 4505 813 4551 et
836 4497 1064 4551 alteram
1089 4496 1241 4550 illius
1260 4497 1417 4567 cujus
1445 4507 1530 4553 est
1553 4506 1751 4552 natura
1774 4498 1827 4551 in
1852 4514 1959 4569 qua
1990 4514 2115 4569 pas-

528 4606 626 4646 sus
646 4601 731 4646 est
764 4592 910 4646 Deus
932 4591 1196 4645 Verbum.
1249 4590 1420 4662 Cujus
1467 4601 1651 4646 autem
1690 4592 1796 4647 nisi
1827 4593 2117 4649 evidenter

528 4675 810 4738 hominis!
850 4682 947 4737 ille
971 4697 1106 4737 vero
1160 4681 1361 4751 aliquis
1409 4682 1575 4737 homo
1623 4692 1709 4738 est
1751 4700 2005 4755 persona.
2046 4684 2117 4739 At

531 4775 757 4846 propria
790 4783 876 4829 est
910 4773 1108 4829 animae
1140 4774 1521 4845 intelligentia,
1561 4785 1821 4846 tanquam
1849 4778 2112 4845 facultas;

530 4868 769 4939 propriae
820 4867 1205 4937 cogitationes,
1251 4876 1510 4937 tanquam
1573 4868 2116 4941 operationes;pro-

531 4960 711 5029 prium
744 4973 966 5028 corpus,
1025 4968 1285 5028 tanquam
1343 4958 1808 5025 instrumentum;
1858 4960 2114 5030 proprius
2150 4944 2190 5000 ί)

514 5040 713 5107 autem
776 5051 1017 5105 hominis
1064 5061 1150 5106 est
1200 5051 1367 5116 lilius,
1424 5060 1683 5121 tanquam
1723 5067 1791 5107 ex
1822 5067 1889 5107 eo
1930 5060 2114 5119 ortus;

531 5145 792 5215 proprius
819 5143 1068 5215 ejusdem
1087 5158 1237 5214 ager,
1272 5153 1528 5214 tanquam
1585 5145 1860 5214 possessio
1897 5162 1912 5200 :
1949 5162 2017 5201 ex
2050 5145 2120 5200 iis

510 5245 715 5307 autem
745 5235 1003 5292 omnibus
1038 5251 1159 5306 quae
1206 5251 1337 5291 vere
1382 5235 1608 5307 prepria
1637 5236 1758 5308 ejus
1799 5245 1948 5302 sunt,
1992 5237 2117 5291 nul-

532 5330 646 5382 lum
705 5328 899 5383 eodem
955 5327 1127 5398 gradu
1154 5343 1318 5398 quam
1362 5328 1513 5382 aliud
1537 5328 1820 5399 proprium
1870 5330 2115 5400 ejusdem

510 5430 639 5489 est,
681 5421 899 5475 etiamsi
952 5421 1138 5475 omnia
1174 5422 1321 5475 circa
1356 5436 1529 5474 unum
1572 5420 1912 5475 dicerentur.
1958 5421 2114 5477 Patet

535 5528 663 5567 vero
686 5512 737 5566 id
763 5513 1109 5584 contingere,
1130 5513 1259 5581 quia
1285 5514 1530 5583 proprius
1548 5512 1604 5566 in
1628 5511 1919 5582 multiplici
1948 5528 2113 5569 sensu

532 5603 822 5673 accipitur.
846 5602 1117 5670 Quoniam
1159 5603 1330 5673 igitur
1357 5619 1489 5675 ager
1518 5620 1648 5660 vere
1669 5605 1928 5676 proprius
1949 5605 2114 5677 hujus

534 5702 621 5749 est
646 5696 799 5765 juxta
824 5698 1130 5752 naturalem
1173 5711 1335 5751 suum
1371 5712 1622 5767 sensum,
1663 5698 1890 5754 relative
1927 5710 2111 5754 autem

608 5838 636 5867 ιε
674 5823 863 5888 ll‘etr.
898 5848 972 5901 Iv,
1010 5834 1062 5888 Ι.

2826 3586 3081 3640 ΚΕΦᾹΛ.
3119 3586 3195 3642 Γ’.

2280 3670 2343 3724 Ei
2373 3670 2634 3740 φάσκοιεν
2657 3672 2719 3728 τὸ
2741 3673 2926 3729 ἔπαθε
2948 3674 3152 3744 σαρκὶ,
3181 3674 3303 3731 ἀντὶ
3330 3674 3425 3730 τοῦ
3451 3675 3550 3729 οὐκ
3576 3676 3667 3744 εἰς
3687 3675 3806 3743 τὴν

2209 3766 2438 3819 οῑκείαν
2483 3766 2704 3820 οὐσίαν
2726 3805 2743 3831 ,
2784 3767 3043 3832 ἐναντίως
3076 3769 3291 3833 ἑαυτοῖς
3323 3769 3484 3823 τοῦτο
3509 3769 3766 3839 λέγουσιν
3785 3786 3801 3803 ο

2211 3859 2259 3911 εί
2305 3858 2415 3931 γὰρ
2454 3858 2554 3930 τὴν
2595 3859 2783 3913 οὐσίαν
2827 3859 3041 3932 εκείνην
3090 3861 3225 3915 καθ’
3255 3863 3321 3933 ἣν
3374 3861 3576 3916 ἔπαθεν
3606 3863 3636 3916 6
3666 3861 3805 3925 Θεὸς

2211 3942 2399 4019 Λόγος
2436 3952 2557 4005 κατ’
2608 3952 2839 4017 αὐτοὺς,
2886 3953 2987 4006 οὐκ
3029 3953 3165 4008 ἰδίαν
3200 3953 3365 4007 αὐτοῦ
3392 3954 3677 4023 λέγουσιν,
3714 3956 3807 4008 ἵνα

2216 4042 2292 4116 μὴ
2322 4043 2567 4115 παθητὸν
2592 4045 2714 4099 κατ’
2735 4045 2927 4099 οὐσίαν
2948 4045 3355 4118 όμολογήσωσι’
3382 4047 3443 4101 τὸ
3464 4047 3521 4101 δὲ
3548 4048 3625 4119 μὴ
3645 4047 3805 4112 ἴδιον,

2215 4134 2498 4207 ἀλλότριον
2522 4153 2538 4168 ·
2589 4137 2651 4191 τὸ
2682 4137 2741 4190 δὲ
2770 4137 3057 4209 ἀλλότριον
3089 4139 3254 4194 ἄλλου
3284 4140 3430 4204 τινὸς
3462 4141 3594 4209 παρ’
3620 4144 3808 4196 ἐκεῖνο

2214 4221 2275 4281 οὗ
2331 4228 2405 4300 μή
2450 4227 2602 4281 ἐστιν
2651 4227 2780 4281 ἴδιον
2805 4268 2820 4293 ,
2873 4230 2933 4283 οὐ
2972 4230 3136 4301 μόνον
3179 4231 3273 4285 δύο
3303 4231 3489 4295 οὐσίας
3524 4233 3807 4301 λέγουσιν,

2214 4320 2352 4375 ἀλλὰ
2387 4320 2481 4374 καὶ
2525 4320 2620 4375 δύο
2662 4321 2964 4393 πρόσωπα,
3000 4321 3094 4376 τοῦ
3122 4339 3184 4377 τε
3212 4323 3347 4377 Θεοῦ
3372 4324 3549 4393 Λόγου
3580 4326 3672 4389 ἓν,
3710 4328 3810 4381 καὶ

2217 4410 2275 4464 ἓν
2322 4411 2533 4466 ἐκείνου
2582 4406 2793 4476 οὗτινός
2835 4414 2953 4467 ἐστι
3008 4414 3041 4485 ἡ
3092 4413 3251 4468 οὐσία
3284 4416 3407 4469 καθ’
3436 4418 3501 4487 ἢν
3529 4417 3810 4471 πέπονθεν

2215 4506 2244 4557 6
2268 4502 2399 4567 Θεὸς
2422 4504 2613 4573 Λόγος’
2649 4505 2795 4569 τίνος
2823 4506 2933 4577 γὰρ
2965 4506 2998 4579 ἢ
3029 4506 3191 4576 δῆλον
3223 4509 3306 4561 ὅτι
3333 4506 3661 4579 ἀνθρώπους
3697 4513 3729 4564 ὀ
3749 4510 3811 4564 δέ

2217 4613 2301 4660 τις
2332 4596 2644 4669 ἄνθρωπος,
2682 4599 2997 4671 πρόσωπον.
3039 4600 3177 4653 Ἀλλ’
3207 4602 3337 4665 ἴδιος
3368 4602 3466 4673 μὲν
3498 4603 3598 4673 τῆς
3622 4604 3813 4675 ψυχῆς

2217 4688 2246 4741 6
2273 4687 2421 4753 νοῦς,
2449 4688 2525 4751 ὡς
2545 4689 2798 4761 δύναμις·
2831 4690 2938 4743 ῖδια
2964 4691 3022 4744 δὲ
3045 4691 3113 4746 τὰ
3134 4694 3384 4764 νοήματα
3406 4694 3482 4758 ὡς
3503 4696 3588 4748 ὲνέ
3599 4713 3811 4765 ργειαι·

2220 4779 2351 4832 ίδιον
2380 4779 2435 4833 δὲ
2461 4780 2522 4833 τὸ
2547 4780 2706 4850 σῶμα
2740 4780 2815 4845 ὡς
2838 4781 3068 4853 ὄργανον
3091 4798 3105 4812 °
3144 4784 3274 4848 ἴδιος
3303 4785 3360 4838 δὲ
3386 4783 3482 4837 τοῦ
3509 4784 3811 4857 ἀνθρώπου

2220 4886 2305 4933 τις
2352 4868 2465 4933 υἱὸς
2506 4870 2582 4933 ὡς
2620 4870 2679 4936 ἐξ
2713 4872 2912 4925 αὐτοῦ·
2951 4873 3077 4937 ίδιος
3109 4873 3167 4927 δὲ
3201 4874 3296 4927 τοῦ
3326 4875 3490 4929 αὐτοῦ
3522 4876 3701 4945 ἀγρὸς
3735 4877 3815 4941 ὡς

2221 4960 2446 5030 κτῆμα·
2510 4962 2609 5016 καὶ
2656 4963 2873 5018 πάντων
2923 4965 3141 5035 ἀληθῶς
3188 4966 3359 5019 ὄντων
3414 4967 3581 5020 αὐτοῦ
3636 4970 3812 5033 ἰδίων,

2221 5051 2373 5105 οὐδὲν
2403 5054 2608 5107 τούτων
2633 5055 2805 5125 ὅμως,
2841 5056 2984 5141 κατὰ
3008 5058 3101 5110 τὸν
3126 5057 3219 5111 τοῦ
3248 5058 3439 5129 ἑτέρου
3467 5059 3649 5126 λόγον,
3680 5060 3814 5113 ἰδιον

2220 5144 2316 5198 τοῦ
2345 5146 2510 5201 αὐτοῦ
2542 5148 2690 5210 ἐστι,
2730 5149 2779 5201 εί
2818 5150 2914 5203 καὶ
2945 5150 3041 5204 ἐπὶ
3070 5149 3164 5204 τοῦ
3195 5150 3313 5215 ἑνὸς
3349 5152 3526 5207 πάντα
3554 5152 3812 5221 λέγεται·

2221 5236 2382 5308 δῆλον
2414 5239 2471 5293 δὲ
2495 5239 2576 5295 ὅτι
2604 5240 2764 5294 τοῦτο
2789 5241 3107 5312 συμϐαίνει,
3133 5243 3219 5297 διὰ
3246 5243 3307 5296 τὸ
3336 5243 3432 5296 τοῦ
3460 5242 3613 5298 ιδίου
3644 5245 3816 5298 πολύ-

2227 5348 2421 5402 σημον.
2460 5332 2611 5395 Ἐπεὶ
2641 5332 2733 5387 οῦν
2761 5333 2790 5386 6
2813 5334 2985 5403 ἀγρὸς
3018 5335 3148 5398 ἴδιος
3177 5334 3329 5388 τοῦδε
3361 5336 3499 5389 κατὰ
3525 5336 3619 5388 τὸν
3645 5338 3816 5390 οἰκεῖ-

2222 5442 2282 5478 ον
2312 5423 2468 5493 λόγον
2496 5425 2734 5495 ἀληθῶς,
2770 5427 2912 5481 κατὰ
2936 5427 2994 5480 δὲ
3020 5427 3111 5482 τὸν
3137 5429 3301 5481 αὐτὸν
3326 5428 3421 5481 τοῦ
3446 5427 3621 5496 ἀγροῦ
3650 5428 3815 5500 λόγον

2220 5519 2320 5588 οὐχ
2350 5520 2551 5588 ὁμοίως
2587 5520 2694 5573 ἴδια
2720 5518 2791 5573 τὰ
2820 5520 2984 5574 λοιπὰ
3015 5521 3093 5591 τῷ
3123 5523 3273 5593 αὐτῷ
3302 5524 3441 5588 ἐστι,
3465 5524 3573 5576 πᾶν
3598 5524 3662 5578 δὲ
3687 5523 3814 5578 καθ’

2221 5610 2366 5681 ὑμᾶς
2398 5610 2552 5683 τὸμὴ
2583 5611 2713 5665 ίδιόν
2742 5628 2879 5679 πως,
2915 5612 3077 5676 εὐθὺς
3101 5614 3380 5685 ἀλλότριον
3411 5616 3598 5681 άπλῶς
3633 5618 3810 5683 ἔσται,

2221 5703 2330 5773 ἆρα
2364 5704 2391 5756 6
2419 5703 2520 5775 μὲν
2548 5705 2717 5777 ἀγρὸς
2746 5705 2877 5772 ἴδιος
2907 5707 3062 5761 τοῦδε
3081 5745 3099 5775 ,
3131 5710 3159 5761 ὁ
3189 5708 3245 5762 δὲ
3278 5707 3402 5773 νοῦς
3432 5708 3527 5763 καὶ
3554 5710 3619 5763 τὸ
3648 5711 3750 5781 cui);
3776 5727 3813 5765 α
