4116 6452
383 409 520 477 i765

1342 413 1742 476 ADVERSUS
1779 413 2332 478 NESTORIANOS.
2354 444 2419 452 -
2442 419 2590 479 LIB.
2632 419 2765 482 VII.

3516 418 3655 483 1766

376 529 554 593 τοῦδε,
596 526 690 580 καί
720 526 791 581 τά
816 523 985 580 λοιπὰ
1013 524 1114 580 οὐκ
1144 524 1250 579 ἰδια
1277 525 1431 578 ἔσται
1455 525 1625 580 αὐτοῦ
1643 543 1659 558 ο
1701 526 1874 582 ταῦτα
1908 526 1967 581 δὲ

2084 530 2142 584 ad
2177 547 2372 603 agrum
2412 541 2614 597 caetera
2649 548 2761 589 non
2817 532 2892 589 ita
2930 533 3153 605 prepria
3200 534 3448 607 ejusdem
3489 548 3650 605 sunt;

377 621 523 675 οὕτω
547 622 788 691 φρονεῖν,
812 619 930 682 πῶς
956 618 1057 672 οὐκ
1085 618 1154 672 ἂν
1174 618 1363 688 σαφῶς
1385 623 1789 691 παραφρονεῖν;
1819 620 1967 691 Πλὴν

378 713 407 766 ὅ
435 729 496 766 τε
548 711 926 783 προσκυνητὺς
958 712 1093 781 ἡμῖν
1138 710 1273 773 Θεὸς
1304 711 1546 782 Χριστὸς
1587 711 1965 782 δοξαζόμενος,

380 803 409 856 ὃ
438 821 500 857 τε
534 801 657 856 καθ’
688 803 833 873 ὑμᾶς
864 802 1153 874 ἄνθρωπος
1182 801 1370 866 ἁπλῶς
1399 802 1691 871 νοούμενος
1712 815 1728 831 ⁸
1786 803 1821 875 ἢ
1870 804 1968 859 καί

382 897 433 950 εἰ
475 914 527 949 τι
573 896 762 967 ἕτερον
796 895 981 967 αὐτῷ,
1027 896 1169 967 πλὴν
1199 894 1357 957 Θεοῦ,
1394 896 1785 966 περισσότερον
1818 896 1968 966 ὅμως

381 986 671 1059 ἀνθρώπου
719 986 1132 1057 φιλοτιμεῖσθε,
1194 987 1305 1041 ἰδοὺ
1359 986 1493 1039 ἰδίαν
1529 986 1723 1040 ἑαυτοῦ
1752 987 1971 1055 άληθῶς

385 1082 565 1150 σάρκα
598 1080 693 1134 καί
724 1080 887 1149 σῶμα
917 1079 1241 1151 παρίστησι,
1274 1078 1374 1149 τὴν
1400 1078 1529 1142 τοὺς
1551 1077 1716 1149 ἥλους
1748 1078 1844 1132 καὶ
1871 1079 1970 1147 τὴν

382 1175 585 1244 λόγχην
616 1173 957 1226 ὐποστιῑισαν⁸
990 1171 1197 1243 ταύτης
1226 1170 1335 1240 γάρ
1360 1165 1501 1239 ἦσαν
1533 1170 1691 1240 μέλη.
1733 1170 1869 1242 Περὶ
1894 1164 1970 1224 ὧν

387 1280 541 1335 φησι·
574 1262 848 1333 «Ὢρυξαν
880 1262 1071 1333 χεῖράς
1101 1278 1202 1332 μου
1234 1263 1332 1314 καὶ
1363 1260 1529 1324 πόδας
1557 1279 1712 1332 μου-ι
1746 1262 1843 1315 καί
1868 1260 1972 1314 πά-

385 1357 468 1410 λιν
512 1356 613 1427 τὴν
648 1355 921 1426 μυστικὴν
962 1353 1057 1407 τοῦ
1095 1355 1197 1425 τῆς
1226 1353 1575 1425 εὐχαριστίας
1604 1354 1770 1424 ἄρτου
1801 1353 1971 1424 μετά-

385 1449 581 1519 ληψιν,
621 1449 758 1512 ἰδίας
793 1447 997 1519 σαρκὸς
1027 1447 1264 1502 διάδοσιν
1294 1443 1434 1500 εἶναι
1460 1446 1733 1500 δείκνυσιν
1764 1446 1933 1500 εἰπών
1952 1462 1969 1478 ’

393 1560 413 1593 ι
438 1542 496 1594 '0
522 1541 750 1613 τρώγων
777 1558 879 1612 μου
901 1540 1001 1612 τὴν
1029 1541 1232 1610 σάρκα,
1258 1538 1355 1593 καί
1378 1538 1551 1593 πίνων
1577 1556 1677 1609 μου
1695 1542 1757 1592 τὸ
1773 1534 1965 1610 αἵμασι

389 1634 617 1707 ἑτέρωθι
647 1634 727 1701 δὲ,
769 1652 787 1685 ι
818 1633 990 1687 Τοῦτό
1027 1650 1127 1704 μου
1155 1633 1272 1686 ἐστί
1298 1631 1360 1686 τὸ
1386 1631 1574 1702 σῶμα·
1607 1651 1626 1682 ι
1682 1632 1762 1686 ἔτι
1790 1633 1847 1688 δὲ
1878 1631 1974 1687 καί

388 1728 485 1799 τὴν
516 1725 869 1798 Ἐκκλησίαν,
898 1726 1078 1797 σάρκα
1100 1724 1268 1779 αὐτοῦ
1297 1724 1433 1779 ἰδίαν
1458 1724 1651 1778 οἴεται·
1685 1722 1845 1777 τοῦτο
1866 1723 1973 1795 γὰρ

388 1817 629 1872 διδάσκει
661 1816 889 1885 φάσκων
917 1817 947 1869 ὁ
971 1814 1317 1877 ’Δπόστολος·
1353 1833 1371 1865 ι
1403 1811 1593 1875 Οὐδεὶς
1620 1811 1729 1882 γὰρ
1754 1809 1973 1864 πώποτε

389 1910 487 1983 τὴν
516 1907 713 1965 ἑαυτοῦ
749 1908 929 1979 σάρκα
964 1907 1250 1979 ἐμίσησεν,
1285 1905 1401 1959 ἀλλ’
1432 1904 1690 1975 ἐκτρέφει
1720 1903 1815 1958 καί
1845 1904 1973 1958 θάλο

390 2021 483 2057 πει
512 2002 683 2073 αὐτὴν
706 2042 723 2069 ,
761 2000 944 2064 καθὼς
978 2000 1073 2054 καὶ
1102 2001 1129 2054 ὁ
1156 1998 1389 2071 Χριστὸς
1414 1998 1517 2068 τὴν
1548 1996 1879 2066 Ἐκκλησίαν
1898 2012 1912 2025 ·
1947 2015 1966 2049 ι

391 2098 450 2151 ἐν
481 2096 655 2168 ἑτέρῳ
682 2093 740 2150 δέ
760 2112 773 2127 ·
816 2114 836 2148 ι
876 2094 1069 2165 Ὑμεῖς
1104 2096 1226 2147 ἐστε
1255 2090 1415 2163 σῶμα
1440 2089 1681 2162 Χριστοῦ
1710 2090 1804 2144 καὶ
1834 2089 1973 2161 μέλη

391 2189 458 2243 ἐκ
488 2189 712 2259 μέλους·
748 2209 767 2242 ο
823 2187 1025 2257 σαρκὸς
1066 2185 1159 2239 οὖν
1210 2185 1305 2239 καί
1353 2182 1609 2256 σώματος
1640 2183 1806 2238 αὐτοῦ
1842 2182 1972 2237 ἰδίου

391 2282 492 2351 τῆς
528 2280 857 2352 Ἐκκλησίας
886 2277 1289 2350 τυγχανούσης,
1326 2271 1437 2347 ἆρα
1469 2276 1534 2329 τὸ
1565 2275 1665 2329 οὐκ
1690 2274 1749 2328 ὂν
1780 2275 1814 2343 ἠ
1848 2275 1975 2328 Ἐκ-

394 2371 593 2442 κλησία
628 2370 796 2425 αὐτοῦ
823 2411 838 2434 ,
891 2371 993 2424 οὐκ
1030 2370 1163 2423 ίδιον
1193 2369 1358 2422 αὐτοῦ
1392 2366 1515 2422 καθ’
1544 2366 1693 2437 ὑμᾶς
1722 2365 1979 2437 λογισθὴ-

396 2482 580 2530 σεταις
611 2465 722 2519 Καὶ
744 2464 865 2518 ἐπεὶ
894 2463 969 2536 μὴ
999 2461 1140 2517 κατὰ
1162 2460 1363 2532 ταύτην
1384 2461 1484 2531 τὴν
1508 2460 1686 2531 σάρκα
1706 2455 1984 2529 ἐσταυρώ-

395 2555 485 2627 θη,
526 2555 640 2609 ἀλλ’
677 2556 816 2627 ὐπέρ
841 2555 1070 2626 ταύτης,
1104 2552 1423 2623 ἀναγκαίως
1451 2552 1606 2606 ἐσται
1636 2552 1693 2604 ἐν
1722 2550 1982 2622 ἀλλοτρίᾳ

396 2648 563 2719 σαρκί
597 2647 914 2713 πεπονθώς;
948 2648 996 2700 εἰ
1026 2647 1138 2719 γὰρ
1165 2646 1224 2701 τὸ
1253 2646 1355 2700 οὐκ
1381 2644 1514 2698 ῐδιὸν
1540 2661 1680 2708 πως,
1702 2642 1983 2712 ἀλλότριον

395 2740 557 2802 εὐθὺς
590 2738 712 2792 καθ’
748 2738 924 2809 ὑμᾶς’
964 2740 997 2810 ἠ
1027 2738 1083 2791 δὲ
1113 2736 1435 2806 Ἐκκλησία,
1474 2734 1608 2788 ἰδίαο
1642 2734 1702 2787 τὸ
1736 2733 1810 2806 μὴ
1842 2732 1985 2787 κατὰ

395 2831 495 2902 τὴν
527 2830 859 2902 Ἐκκλησίαν
893 2830 1024 2884 ἴδιον
1055 2828 1226 2899 αὐτῷ,
1259 2828 1478 2891 πάντως
1507 2826 1788 2897 ἀλλότριον
1815 2824 1982 2880 αὐτοῦ

397 2922 572 2976 εσταυ
602 2920 867 2985 ὡσαύτως
894 2921 990 2975 καὶ
1016 2922 1065 2974 εἰ
1090 2920 1189 2991 τὴν
1214 2918 1396 2990 σάρκα
1422 2918 1631 2972 εἴποιτε
1657 2919 1797 2972 ἰδίαν
1816 2916 1983 2972 αὐτοῦ

398 3014 605 3087 κυρίως
639 3011 778 3069 εἰναι
815 3013 914 3087 τὴν
951 3011 1394 3084 καθηλωθεῖσαν,
1431 3013 1465 3082 ή
1501 3010 1800 3082 Ἐκκλησία
1831 3010 1984 3063 ἐσται

398 3104 501 3159 οὐκ
530 3104 636 3159 ἰδία
662 3103 850 3177 αὐτοῦ,
890 3104 1013 3158 ἐπεὶ
1050 3102 1125 3173 μὴ
1155 3100 1478 3171 καθηλὼθη’
1513 3099 1574 3153 τὸ
1598 3100 1707 3169 γάρ
1732 3099 1832 3153 οὐκ
1855 3099 1985 3153 ἴδιόν

2070 636 2221 686 cum,
2265 623 2421 693 juxta
2464 638 2585 688 vos,
2616 625 2765 694 quod
2783 641 2894 680 non
2919 634 3005 681 est
3029 626 3121 681 tali
3149 628 3315 682 modo
3346 630 3655 699 proprium,

2070 713 2261 769 statim
2299 715 2358 769 ﬁt
2387 716 2714 787 simpliciter
2748 718 2995 773 alienum
3029 735 3042 772 :
3070 734 3203 789 ergo
3237 720 3448 790 praefati
3473 721 3656 775 homi-

2068 808 2159 864 nis
2194 824 2324 880 ager
2363 810 2589 878 quidem
2640 825 2771 864 vere
2804 812 3064 881 proprius
3092 812 3223 875 erit,
3271 828 3429 867 mens
3467 822 3655 867 autem

2076 899 2197 968 ejus
2236 907 2293 953 et
2326 916 2529 969 corpus
2556 908 2613 955 et
2647 901 2861 971 reliqua
2888 903 2992 972 ipsi
3035 919 3144 956 non
3192 912 3357 957 erunt
3395 903 3659 973 propria?

2069 986 2148 1041 lta
2182 987 2397 1056 opinari
2436 1003 2620 1042 nonne
2661 996 2747 1044 est
2777 990 3069 1044 manifeste
3097 990 3394 1059 desipere?
3426 992 3660 1046 Pratter-

2068 1094 2172 1141 ea,
2226 1081 2318 1135 ille
2361 1096 2526 1151 quem
2583 1097 2684 1136 nos
2736 1090 2799 1135 ut
2845 1082 3017 1137 Deum
3048 1082 3389 1137 adorandum
3427 1098 3662 1139 venera-

2072 1186 2219 1237 mur,
2252 1189 2417 1242 quem
2454 1188 2553 1228 vos
2578 1182 2763 1228 autem
2785 1182 2847 1228 ut
2879 1175 3185 1244 simplicem
3230 1176 3450 1231 habetis
3476 1176 3660 1231 homi—

2070 1279 2198 1317 nem
2226 1263 2353 1333 (nisi
2393 1264 2536 1320 forte
2567 1266 2775 1335 aliquid
2819 1266 2873 1321 ei
2906 1268 3078 1334 aliud,
3128 1268 3174 1322 si
3216 1283 3328 1322 non
3380 1268 3657 1329 divinum,

2072 1354 2317 1411 humano
2352 1366 2533 1412 tamen
2570 1358 2831 1429 superius
2874 1360 3246 1431 largiamini),
3294 1378 3363 1416 en
3404 1362 3661 1419 Christus

2072 1446 2296 1516 propria
2331 1447 2415 1501 sui
2450 1447 2625 1517 ipsius
2672 1465 2803 1504 vere
2845 1466 2965 1506 esse
2996 1451 3338 1507 demonstrat
3364 1468 3566 1521 corpus
3604 1460 3663 1509 et

2072 1555 2298 1595 carnem
2318 1556 2475 1596 suam
2504 1542 2677 1597 clavis
2703 1552 2759 1598 et
2784 1545 2989 1600 lancea:
3014 1545 3263 1600 suﬂixam
3291 1546 3491 1617 :hujus
3512 1547 3663 1601 enim

2072 1643 2233 1690 erant
2262 1640 2509 1693 membra
2536 1638 2604 1693 de
2630 1640 2836 1708 quibus
2863 1640 2999 1695 dicit
3024 1656 3040 1695 :
3077 1660 3096 1692 ι
3136 1640 3418 1696 Foderunt
3465 1658 3665 1698 manus

2075 1743 2229 1784 meas
2254 1738 2312 1785 et
2353 1730 2524 1799 pedes
2554 1746 2709 1787 meos
2728 1742 2776 1787 τ.
2820 1751 2839 1785 ι
2879 1733 2947 1788 Ει
2970 1732 3173 1788 iterum
3197 1735 3481 1806 mysticam
3505 1737 3666 1805 panis

2077 1821 2427 1878 eucharistici
2450 1824 2895 1879 communionem
2928 1826 3163 1895 propriae
3194 1842 3307 1881 sua:
3331 1828 3517 1882 carnis
3542 1843 3664 1881 esse

2083 1913 2434 1969 traditionem
2464 1915 2707 1971 ostendit
2732 1916 2963 1971 dicens:
3001 1934 3019 1968 ι
3058 1915 3161 1983 Qui
3180 1918 3664 1973 comeditcarnem

2078 2020 2259 2060 meam
2304 2016 2361 2062 et
2401 2006 2545 2062 bibit
2576 2024 2760 2063 meum
2793 2007 3116 2079 sanguinem
3141 2018 3189 2063 ι.
3227 2029 3245 2061 ι
3289 2010 3357 2065 Et
3390 2010 3613 2066 aliunde
3646 2028 3663 2065 :

2078 2098 2197 2153 Hoc
2224 2107 2309 2155 est
2340 2115 2542 2169 corpus
2568 2116 2750 2155 meum
2770 2110 2822 2155 1.
2861 2121 2880 2152 ι
2911 2102 3089 2172 Ipsam
3110 2118 3332 2173 quoque
3362 2103 3667 2159 Ecclesiam

2078 2204 2178 2259 pro
2198 2205 2297 2245 sua
2327 2190 2549 2261 prepria
2572 2206 2741 2245 carne
2770 2192 2973 2259 habet;
3011 2193 3117 2248 hoc
3148 2194 3297 2248 enim
3338 2193 3502 2249 docet
3523 2192 3669 2263 Apo-

2077 2280 2255 2336 stolus
2285 2280 2474 2338 dicens
2511 2300 2524 2336 :
2570 2301 2589 2333 ι
2638 2283 2812 2337 Nemo
2844 2284 2993 2339 enim
3042 2300 3198 2339 suam
3236 2300 3458 2339 carnem
3510 2285 3665 2352 odit,

2080 2372 2176 2429 sed
2200 2374 2380 2429 nutrit
2408 2384 2466 2429 et
2490 2374 2641 2430 fovet
2686 2390 2807 2430 eam
2830 2415 2845 2439 ,
2887 2376 3035 2432 sicut
3081 2385 3139 2430 et
3174 2376 3427 2432 Christus
3476 2376 3669 2433 Eccle-

2081 2464 2217 2521 siam
2238 2475 2283 2520 ι.
2323 2484 2340 2516 ι
2390 2466 2461 2520 Ει
2494 2466 2627 2521 alibi
2659 2484 2674 2522 :
2724 2485 2743 2519 ι
2776 2468 2886 2525 Vos
2931 2468 3069 2523 estis
3102 2484 3304 2538 corpus
3334 2468 3562 2533 Christi,
3612 2476 3671 2524 et

2082 2557 2330 2613 membra
2352 2573 2418 2612 ex
2439 2558 2690 2613 membro
2712 2571 2761 2614 ι.
2794 2577 2813 2611 ι
2848 2558 2986 2615 Cum
3010 2569 3194 2615 autem
3229 2576 3358 2615 caro
3378 2570 3435 2615 et
3467 2576 3673 2632 corpus

2083 2649 2291 2705 Christi
2325 2651 2614 2720 proprium
2644 2651 2717 2705 sit
2754 2651 3026 2718 Ecclesia,
3072 2668 3203 2723 ergo
3243 2653 3510 2724 quidquid
3559 2670 3671 2708 non

2085 2750 2171 2798 est
2220 2742 2470 2798 Ecclesia
2523 2744 2666 2811 ejus,
2696 2752 2757 2799 ut
2786 2760 2896 2798 non
2931 2744 3219 2815 prOprium
3238 2746 3359 2815 ejus
3389 2746 3544 2815 juxta
3574 2760 3673 2799 vos

2086 2833 2426 2888 habebitur?
2467 2833 2536 2888 Et
2578 2834 2708 2903 quia
2753 2849 2865 2888 non
2911 2834 2969 2888 in
3014 2834 3120 2889 hac
3163 2848 3328 2888 carne
3376 2832 3675 2887 cruciﬁxus

2084 2932 2189 2986 est,
2226 2922 2322 2978 sed
2348 2937 2450 2992 pro
2488 2938 2584 2989 ea,
2615 2938 2747 2993 ergo
2777 2922 3092 2977 necessario
3129 2931 3397 2992 sequetur
3430 2923 3582 2977 illum
3615 2924 3673 2976 in

2084 3014 2265 3069 aliena
2305 3028 2470 3068 carne
2504 3029 2725 3084 passum
2757 3014 2919 3068 esse?
2968 3013 3025 3069 Si
3071 3013 3220 3068 enim
3251 3013 3399 3084 quod
3443 3029 3552 3069 non
3588 3023 3676 3067 est

2088 3106 2182 3161 tali
2244 3106 2410 3161 modo
2450 3105 2757 3177 proprium,
2810 3105 2995 3161 statim
3053 3104 3114 3160 tit
3161 3105 3489 3176 simpliciter
3538 3107 3676 3160 alie-

400 3216 520 3263 πως
564 3198 862 3269 λεγόμενον
882 3238 897 3263 ,
944 3196 1107 3261 εὐθὺς
1142 3195 1272 3266 ὑμῖν
1302 3193 1481 3258 ἔδοξεν
1510 3189 1651 3246 εἰναι
1697 3191 1793 3246 καὶ
1825 3190 1981 3246 ἁλλόρ

2088 3210 2246 3260 num,
2279 3204 2342 3250 ut
2368 3211 2467 3251 vos
2492 3194 2862 3261 contenditis;
2902 3195 3149 3251 Ecclesia
3188 3211 3322 3250 vero
3349 3206 3433 3250 est
3465 3194 3674 3252 Christi

399 3307 573 3363 τριον.
616 3291 754 3345 Ἀλλ’
789 3283 834 3344 ὦ
867 3284 1013 3345 οὗτοι
1033 3329 1048 3353 ,
1101 3288 1201 3343 οὐκ
1244 3287 1353 3342 ἰδία
1384 3286 1484 3358 μὲν
1510 3290 1613 3358 τῆς
1640 3286 1861 3355 φύσεως
1890 3285 1986 3339 τοῦ

400 3383 578 3452 Λόγου
611 3385 644 3455 ἡ
682 3382 858 3455 σάρξ,
914 3385 1014 3453 τῆς
1055 3382 1111 3436 δέ
1162 3382 1518 3445 ὑποστάσεως
1548 3378 1716 3433 αὐτοῦ
1763 3379 1991 3449 γέγονεν

401 3475 493 3529 ἐπ’
539 3475 783 3546 ἐσχάτων
830 3473 1050 3545 άληθῶς
1090 3472 1201 3526 τῶν
1235 3456 1445 3544 χρόνων
1480 3471 1585 3524 ἰδία
1611 3484 1627 3501 ⁵
1665 3471 1902 3541 λέγομεν
1933 3470 1991 3524 δὲ

401 3565 500 3619 καὶ
549 3562 839 3635 ἀνθρώπου
892 3559 1035 3618 εἶναι
1090 3561 1151 3615 τὸ
1202 3564 1390 3633 σχῆμα
1418 3560 1481 3614 τὸ
1510 3559 1731 3631 ὄρθιον,
1770 3560 1899 3614 ἴδιον
1932 3559 1992 3614 ὃν

306 3690 309 3691 ί
401 3657 505 3727 τῆς
537 3656 755 3727 φύσεως
782 3658 883 3727 τῆς
905 3654 1110 3725 ψυχῆς.
1145 3656 1211 3726 τῇ
1240 3654 1299 3707 δὲ
1328 3654 1387 3708 ἐν
1415 3653 1630 3724 σώματι
1657 3652 1825 3723 αὐτῆς
1856 3653 1992 3707 ὐπο-

406 3750 597 3806 στάσει
632 3748 1093 3821 ἐνθεωρούμενον.
1114 3748 1307 3811 Ὅπως
1336 3745 1427 3800 οὖν
1455 3744 1615 3800 τοῦτο
1639 3746 1769 3818 περί
1789 3744 1993 3816 ταύτης

404 3842 624 3911 λέγεται
679 3842 728 3894 εἰ
778 3841 1038 3909 ἐνοήσατε
1060 3880 1076 3907 ,
1128 3838 1231 3892 οὐκ
1278 3837 1344 3892 ἂν
1379 3839 1510 3909 ἡμῖν
1541 3837 1669 3901 τοὺς
1699 3837 1807 3891 ὐπδ
1834 3838 1994 3901 σκιᾶς

405 3936 502 3990 καὶ
548 3932 775 4009 ὀνείρων
818 3932 1219 4003 συλλογισμοὺς
1246 3929 1583 3996 άνεπλέξατε
1603 3946 1617 3961 ο
1654 3930 1791 3985 ἀλλά
1822 3929 1994 3983 ταῦτα

408 4028 507 4100 μὲν
537 4027 669 4099 περί
689 4025 918 4081 τούτων.
937 4025 1026 4078 Ἐν
1054 4024 1111 4078 δὲ
1139 4023 1218 4093 τῷ
1243 4022 1387 4076 τέλει
1413 4020 1506 4075 τοῦ
1564 4021 1993 4093 ἐπιχειρήματος

406 4120 563 4191 ὐμῶν
588 4160 604 4185 ,
651 4120 713 4173 τὸ
755 4117 852 4172 τοῦ
888 4116 1168 4188 ληθάργου
1203 4113 1376 4177 πάθος
1405 4113 1711 4184 ὑποστῆναι
1740 4113 1994 4179 δόξαντες

405 4213 489 4267 δι’
525 4210 859 4284 ἀπροσεξίαν
885 4249 901 4276 ,
952 4208 1097 4281 πρὸς
1138 4206 1355 4276 γέλωτα
1387 4206 1453 4259 ἂν
1484 4206 1633 4277 ἡμᾶς
1669 4205 1731 4258 οὐ
1767 4204 1993 4276 μέτριον

410 4306 839 4378 συνεκινήσατε,
893 4302 942 4357 εἰ
995 4300 1072 4372 μὴ
1122 4297 1202 4371 τῷ
1248 4297 1467 4370 φρικτῷ
1504 4296 1615 4351 τῶν
1646 4296 1995 4367 ζητουμένων

406 4395 994 4471 προκατεστελλόμεθα
1037 4392 1176 4464 πρὸς
1209 4390 1525 4446 εὐλάϐειαν.
1566 4390 1631 4444 Εἰ
1661 4389 1771 4461 γὰρ
1802 4387 1899 4441 καὶ
1926 4388 1995 4443 τὰ

409 4492 649 4564 μάλιστα
691 4488 907 4562 ψευδῶς
958 4486 1177 4542 ἅπαντα
1228 4484 1361 4551 ὑμῖν
1405 4481 1652 4555 εἴρηται,
1688 4479 1812 4535 ἀλλ’
1846 4481 1997 4550 ὅμως

2092 3286 2336 3356 propria,
2362 3285 2511 3356 quod
2554 3285 2721 3356 igitur
2754 3300 2863 3339 non
2884 3292 2972 3339 est
3003 3284 3199 3341 eodem
3218 3285 3385 3340 modo
3411 3301 3475 3341 ac
3492 3285 3680 3341 Eccle-

2091 3378 2215 3443 sia,
2276 3376 2567 3447 proprium
2630 3376 2829 3446 ipsius,
2864 3376 2942 3432 illi
3001 3386 3087 3432 est
3127 3378 3353 3432 omnino
3408 3378 3674 3433 alienum.

2090 3468 2248 3534 Item,
2279 3469 2323 3523 si
2348 3468 2549 3523 dixerit
2580 3484 2801 3524 carnem
2824 3469 3028 3525 Christi
3050 3470 3327 3539 propriam
3360 3469 3510 3524 illam
3551 3485 3678 3526 esse

2093 3577 2216 3631 quae
2245 3560 2414 3617 clavis
2436 3561 2693 3616 transﬁxa
2727 3571 2831 3626 est,
2861 3562 2974 3633 jam
3024 3560 3269 3616 Ecclesia
3299 3576 3411 3616 non
3454 3561 3563 3616 erit
3596 3562 3678 3632 ip-

2094 3652 2211 3708 sius
2232 3652 2479 3723 pr0pria,
2503 3652 2708 3722 quippe
2735 3667 2858 3721 qua:
2899 3651 3071 3705 clavis
3105 3665 3216 3705 non
3243 3659 3329 3705 est
3352 3649 3633 3721 perforata
3659 3668 3675 3704 :

2092 3742 2364 3815 quidquid
2410 3743 2561 3797 enim
2611 3759 2723 3797 non
2778 3743 2872 3798 tali
2904 3742 3068 3797 modo
3114 3742 3399 3813 proprium
3447 3742 3676 3809 dicitur,

2086 3836 2201 3908 jam
2232 3843 2293 3889 ut
2321 3836 2560 3891 alienum
2587 3834 3044 3900 ducitis.Verum,
3068 3834 3207 3889 heus
3226 3835 3360 3889 vos!
3388 3849 3497 3889 non
3543 3850 3677 3906 pro-

2094 3928 2212 3999 pria
2232 3928 2456 3999 quidem
2490 3935 2703 3983 naturae
2730 3927 2896 3983 Verbi
2944 3936 3030 3982 est
3059 3942 3211 3992 caro,
3256 3942 3507 3998 personae
3545 3942 3679 3983 vero

2094 4021 2217 4093 ejus
2254 4020 2309 4075 in
2361 4019 2683 4075 novissimis
2713 4006 3061 4090 temperibus
3108 4034 3240 4075 vere
3267 4019 3491 4090 propria
3534 4019 3678 4075 facta

2092 4121 2200 4169 est.
2250 4112 2343 4168 Sic
2388 4112 2626 4168 dicimus
2675 4112 2918 4168 hominis
2955 4128 3079 4169 esse
3128 4111 3379 4167 habitum
3429 4121 3673 4177 sectum,

2091 4203 2187 4275 qui
2216 4219 2330 4261 non
2362 4213 2447 4261 est
2491 4205 2750 4275 proprius
2780 4213 2995 4260 naturae
3040 4204 3257 4269 animae,
3292 4205 3387 4261 sed
3426 4221 3677 4276 persona:

2092 4305 2347 4366 respectu
2425 4297 2676 4368 corporis
2742 4305 3001 4367 spectatae
3060 4298 3468 4368 appmpriatur.
3525 4297 3677 4364 Quo-

2093 4386 2261 4443 modo
2305 4387 2442 4443 illud
2482 4387 2630 4442 circa
2684 4387 2828 4441 hanc
2871 4386 3090 4441 dicatur
3130 4387 3178 4442 si
3238 4386 3675 4454 intellexissetis,

2094 4496 2208 4535 non
2276 4480 2412 4535 istos
2465 4479 2701 4535 nebulos
2762 4494 3204 4549 somnurnosque
3263 4479 3679 4550 implicuissetis

406 4582 603 4638 ταυτὸν
638 4581 739 4650 μὲν
774 4580 1029 4648 συνάγειν
1059 4577 1207 4649 ὑμᾶς
1238 4574 1603 4648 βουλομένους
1630 4572 1849 4647 ὁρῶμεν
1874 4572 1985 4640 νῦν¹

2097 4572 2463 4644 syllogismos.
2509 4572 2636 4627 Haec
2671 4571 2894 4642 quidem
2937 4571 3085 4627 circa
3115 4571 3237 4626 ista.
3270 4572 3329 4626 In
3354 4572 3461 4627 tinc
3490 4580 3676 4628 autem

407 4675 483 4740 ὡς
515 4674 611 4728 δύο
639 4690 700 4727 τε
743 4672 932 4734 οὐσίας
983 4671 1077 4725 καί
1123 4668 1220 4723 δύο
1247 4668 1520 4739 πρόσωπα
1556 4666 1724 4737 ἤγουν
1752 4664 1990 4719 ὑποστά-

412 4784 529 4831 σεις
577 4764 813 4834 λέγομεν
864 4761 958 4816 ἐπὶ
1002 4759 1096 4814 τοῦ
1136 4760 1313 4828 Λόγου
1356 4758 1452 4812 καὶ
1485 4756 1588 4827 τῆς
1624 4756 1860 4825 σαρκός·
1896 4757 1992 4810 καὶ

408 4858 568 4914 τοῦτο
599 4857 676 4921 ὡς
706 4855 907 4911 ἄτοπόν
934 4871 988 4907 τι
1019 4851 1394 4924 συμπέρασμα
1429 4850 1524 4904 καί
1548 4848 1806 4920 ἀθέμιτον
1833 4847 1993 4914 δόξαν

408 4949 825 5020 διανοουμένους
857 4947 1003 5019 ημᾶς
1031 4944 1279 5015 ἐλέγχειν
1311 4940 1667 5007 σπουδάζετε,
1698 4941 1837 5013 ὅπερ
1864 4939 1993 5011 χθές

406 5044 508 5098 καὶ
536 5041 751 5114 τρίτην,
783 5039 872 5109 εἴη
900 5037 959 5091 δὲ.
992 5037 1069 5109 μὴ
1097 5036 1179 5100 εἰς
1208 5033 1422 5107 αὔριον,
1458 5034 1558 5105 τῆς
1591 5033 1861 5105 ὑμετέρας
1891 5032 1992 5103 μό-

413 5155 511 5209 νης
530 5137 649 5191 ἐστὶ
666 5131 968 5205 θρησκείας
989 5131 1049 5184 τὸ
1069 5126 1628 5198 κεφαλαιωδέστατοψ
1661 5124 1757 5180 καί
1782 5126 1999 5181 πάντων

417 5230 621 5302 μᾶλλον
658 5228 719 5281 τὸ
750 5227 849 5295 τῆς
874 5223 1088 5279 τοιᾶσδε
1116 5220 1275 5292 δόξης
1305 5219 1541 5282 άτοπον,
1583 5217 1853 5289 ὑμέτερόν
1882 5220 1999 5273 ἐστι

413 5319 845 5393 γνωριστήριον’
887 5318 1020 5388 ημῖν
1052 5314 1225 5377 ὅντως
1260 5312 1353 5367 καὶ
1386 5311 1509 5364 λίαν
1534 5308 1777 5380 ἁπεχθές
1807 5326 1867 5362 τε
1904 5311 1998 5365 καὶ

415 5415 675 5486 πολέμιον
700 5428 715 5443 ·
756 5411 846 5466 διά
878 5427 962 5463 τοι
996 5406 1109 5479 γὰρ
1140 5404 1300 5460 τοῦτο
1328 5402 1465 5458 αὐτὸ
1496 5403 1592 5457 κάι
1622 5401 1864 5456 τοσαῦτα
1899 5402 1997 5457 σὺν

413 5508 534 5580 Θεῷ
563 5509 694 5578 ὑμῖν
723 5499 1230 5572 ἁνταγωνιζόμεθα.

2097 4665 2270 4722 vestri
2295 4665 2744 4735 epicherematis,
2774 4664 3042 4735 lethargia
3075 4664 3146 4718 ob
3172 4664 3428 4720 inertiam
3454 4674 3678 4736 torpere

2097 4756 2223 4822 visi,
2257 4757 2431 4812 risum
2464 4756 2629 4813 nobis
2665 4757 3021 4812 immodicum
3060 4757 3411 4823 elicuissetis,
3442 4757 3487 4813 si
3519 4774 3678 4814 reve-

2098 4850 2275 4906 rentia
2324 4865 2513 4905 rerum
2557 4849 2625 4904 de
2660 4849 2869 4920 quibus
2893 4849 3073 4921 agitur
3113 4866 3216 4906 nos
3253 4850 3320 4905 ad
3367 4851 3678 4920 religiosam

2098 4959 2211 4999 non
2260 4950 2573 4997 revocasset
2619 4941 3077 4998 moderationem.
3130 4943 3380 5005 Etenim,
3426 4942 3681 5011 quamvis

2098 5033 2322 5091 nonnisi
2353 5033 2640 5089 mendacia
2666 5034 2991 5105 plerumque
3018 5034 3291 5099 dixeritis,
3318 5033 3681 5089 nihilominus

2100 5143 2200 5184 vos
2251 5142 2401 5183 nunc
2446 5126 2699 5182 videmus
2744 5126 2800 5181 id
2842 5126 3049 5181 inferre
3091 5127 3365 5191 volentes,
3420 5125 3682 5181 videlicet

2100 5234 2224 5286 nos,
2257 5219 2403 5275 sicut
2431 5218 2572 5273 duas
2592 5226 2838 5283 naturas,
2876 5217 2951 5272 ita
2974 5217 3087 5272 duo
3106 5218 3391 5289 supposita
3423 5234 3521 5273 seu
3544 5219 3684 5275 duas

2098 5328 2366 5384 personas
2419 5310 2714 5366 admittere
2753 5312 2901 5366 circa
2946 5310 3187 5365 Verbum
3231 5321 3290 5367 et
3330 5326 3585 5378 carnem;
3626 5322 3683 5367 et

2099 5403 2207 5458 hoc
2257 5402 2416 5473 quasi
2460 5404 2755 5459 absurdam
2803 5403 3210 5459 conclusionem
3265 5412 3322 5459 et
3368 5403 3683 5459 hareticam

2096 5494 2421 5566 Opinionem
2461 5496 2518 5550 in
2553 5511 2660 5551 nos
2688 5495 2982 5550 retundere
3018 5495 3318 5561 conamini,
3354 5495 3502 5566 quod
3537 5494 3681 5559 heri,

413 5613 471 5661 et
515 5603 720 5659 nudius
773 5599 971 5656 tertius
1018 5598 1119 5669 (ac
1162 5594 1373 5651 utinam
1411 5605 1515 5645 nec
1557 5604 1737 5660 usque
1785 5604 1910 5644 cras
1943 5589 1996 5660 ί)
2036 5591 2395 5646 summarium
2428 5600 2513 5646 est
2547 5591 2716 5646 totius
2751 5600 2947 5646 vestne
3010 5592 3293 5664 religionis
3353 5590 3673 5647 fundamen-

415 5706 533 5753 tum
562 5711 578 5751 :
631 5695 743 5751 imo
794 5690 1032 5755 absurda
1077 5689 1178 5744 ista
1234 5688 1488 5745 doctrina
1513 5696 1598 5743 est
1643 5685 1952 5757 pmcipuus
1988 5684 2278 5742 character
2339 5702 2449 5758 quo
2480 5703 2579 5744 vos
2612 5686 3034 5759 dignoscimini;
3070 5688 3235 5746 nobis
3270 5704 3400 5746 vero
3434 5697 3520 5745 est
3552 5705 3685 5745 vere

481 5880 515 5916 ν
541 5873 686 5933 Paa‘l.
727 5891 837 5942 ut,
865 5874 954 5931 17.
1029 5880 1059 5913 ι
1090 5870 1252 5931 Joan.
1274 5886 1351 5941 Vt,
1388 5870 1476 5927 55.
1553 5879 1582 5920 1
1607 5868 1801 5926 Matth.
1825 5883 1976 5938 τινι,
1998 5867 2095 5927 26.

2172 5902 2195 5930 ι
2222 5868 2429 5942 Epltcs.
2460 5868 2627 5938 v.29.
2697 5884 2716 5907 ·
2746 5867 2917 5925 lCor.
2946 5886 3038 5937 xu,
3070 5869 3162 5924 27.
