4116 6426
496 400 633 466 ῙἸθἹ

1778 394 2085 457 LEONTII
2123 392 2533 455 BYZANTINI
2622 386 2625 387 ⁷

3616 380 3753 469 i768

490 540 546 582 et
589 541 814 597 prorsus
857 523 1045 579 odiosa
1086 530 1143 578 et
1187 520 1463 577 contraria
1518 538 1534 575 :
1570 521 1774 591 quippe
1815 520 1963 575 circa
2031 518 2138 574 hoc
2176 519 2354 590 ipsum
2417 526 2527 572 tam
2573 514 2779 570 acriter
2826 513 3120 569 adversum
3173 531 3270 571 vos
3324 533 3450 572 cum
3509 518 3623 574 Deo
3651 538 3753 589 pu-

490 635 742 690 guamus.

1135 704 1284 761 CAP.
1336 706 1423 760 lV.

564 799 620 854 Si
668 798 813 868 quod
848 798 1051 853 dicitur
1079 815 1213 851 unus
1243 798 1305 850 de
1347 796 1444 852 SS.
1492 797 1770 861 Trinitate,
1810 805 1895 852 est
1920 812 2076 851 com-

497 906 662 944 mune
716 890 1023 945 divinitatis
1063 898 1119 943 et
1166 889 1525 943 humanitatis
1562 888 1800 951 Christi,
1844 890 1929 943 vel
1972 889 2076 943 sub

496 977 690 1030 eodem
747 987 1000 1045 respectu
1057 986 1140 1031 est
1205 993 1494 1032 commune
1546 978 1694 1033 Patri
1740 989 1797 1032 et
1844 978 2074 1048 Spiritui

495 1079 709 1130 sancto,
742 1069 828 1122 vel
852 1069 954 1123 sub
980 1084 1089 1122 uno
1121 1076 1177 1123 et
1206 1071 1380 1122 altero
1420 1080 1695 1139 respectu,
1731 1087 1829 1139 pro
1859 1071 2077 1125 duobus

496 1159 700 1226 quibus
719 1168 940 1213 constat
974 1175 1144 1213 unum
1169 1160 1431 1215 Verbum.
1460 1162 1651 1226 Porro,
1679 1161 1725 1216 si
1755 1162 1859 1216 sub
1879 1162 2075 1216 eodem

498 1264 753 1323 respectu
784 1262 869 1307 est
906 1268 1217 1316 commune,
1248 1268 1379 1323 ergo
1415 1255 1593 1323 primo
1627 1269 1755 1309 caro
1786 1262 1870 1308 est
1895 1254 2077 1309 Verbo

500 1345 1029 1401 consubstantialis?
1058 1345 1199 1414 Ergo
1233 1345 1477 1398 secundo
1512 1345 1565 1399 in
1597 1345 1799 1400 divinis
1827 1352 1913 1399 est
1937 1361 2076 1414 qua-

501 1437 701 1499 ternio,
736 1452 845 1489 non
879 1436 1164 1490 Trinitas?
1191 1436 1245 1490 Si
1274 1445 1457 1489 autem
1492 1452 1601 1491 uno
1634 1436 1799 1491 modo
1832 1436 2076 1491 Verbum

498 1537 556 1583 ct
600 1530 776 1583 altero
824 1529 990 1583 modo
1034 1544 1163 1583 caro
1214 1530 1586 1583 communicat
1633 1544 1759 1583 cum
1809 1528 1969 1583 Patre
2021 1537 2079 1583 et

502 1622 709 1691 Spiritu
730 1634 921 1677 sancto
936 1663 950 1686 ,
969 1622 1247 1691 quomodo
1266 1622 1395 1677 hinc
1419 1638 1528 1675 non
1561 1621 1776 1676 infertis
1802 1621 1940 1675 duas
1958 1628 2077 1675 esse

500 1722 729 1767 naturas
760 1714 814 1767 in
851 1715 1195 1768 sanctissima
1220 1713 1532 1767 Trinitate?
1561 1712 1716 1779 Quod
1758 1712 1805 1767 si
1839 1712 2077 1768 dicendo

500 1821 637 1857 unus
662 1805 726 1857 de
752 1804 1007 1859 Trinitate
1040 1805 1346 1874 intelligitis
1380 1804 1585 1873 aliquid
1618 1820 1786 1857 unum
1811 1819 1878 1857 ex
1904 1804 2078 1873 parti—

503 1900 606 1953 bus
629 1898 965 1961 coalescens,
990 1898 1234 1953 Verbum
1260 1898 1508 1951 divinum
1537 1896 1591 1950 in
1616 1896 1798 1965 seipse
1825 1896 2080 1950 conside-

503 2000 703 2052 ratum,
722 1990 829 2044 erit
852 1989 1141 2043 dimidium
1168 1991 1323 2042 unius
1344 1989 1408 2042 de
1426 1988 1773 2043 Sauctissima
1790 1987 2078 2052 Trinitate;

2100 708 2148 761 Α

2787 697 3044 751 ΚΕΦᾹΛ.
3070 699 3153 753 Δ’.

2246 792 2310 844 Εἰ
2340 788 2401 842 τὸ
2426 784 2513 855 εἷς
2541 788 2654 857 τῆς
2692 787 2935 856 Τριάδος
2962 789 3275 859 λεγόμενον,
3308 789 3488 844 κοινὸν
3516 791 3617 862 τῆς
3638 792 3756 847 θεό-

2173 900 2337 955 τητος
2357 882 2452 935 καὶ
2481 881 2577 951 τῆς
2619 880 3039 952 ἁνθρωπότητος
3069 881 3308 951 Χριστοῦ
3350 884 3519 946 ἔστιν,
3550 884 3584 955 ἢ
3615 888 3755 940 κατὰ

2174 975 2265 1029 τὸν
2301 974 2466 1029 αὑτὸν
2494 974 2656 1042 λόγον
2700 973 2817 1025 ἐστὶ
2848 974 3028 1025 κοινὸν
3049 973 3127 1043 τῷ
3158 974 3331 1046 Πατρὶ
3360 978 3455 1029 καί
3473 976 3553 1047 τῷ
3584 977 3754 1031 Πνεῠ-

2179 1081 2331 1135 ματι,
2353 1063 2387 1133 ἢ
2418 1062 2542 1116 καθ’
2558 1062 2645 1114 Et:
2656 1079 2748 1131 ρον
2779 1063 2872 1115 καί
2892 1061 2979 1114 ’ἐτε
2989 1079 3081 1132 ρον
3109 1080 3225 1126 πως
3255 1063 3314 1129 ἐξ
3332 1066 3534 1134 ἀμφοῖν
3555 1070 3754 1120 ἀποτε-

2176 1156 2438 1224 λουμένου
2472 1154 2650 1222 Λόγου
2691 1153 2808 1214 ἑνός
2833 1167 2847 1181 ⁶
2880 1153 2995 1206 ἀλλ’
3016 1155 3066 1206 εἰ
3093 1154 3195 1223 μὲν
3234 1156 3376 1208 κατὰ
3398 1156 3491 1210 τὸν
3519 1158 3680 1211 αὑτὸν
3717 1161 3753 1230 ἡ

2177 1247 2449 1311 κοινωνία,
2480 1246 2697 1316 πρῶτον
2722 1245 2821 1315 μὲν
2848 1244 2967 1309 πῶς
2998 1246 3097 1316 οὐχ
3158 1247 3494 1319 ὀμοοὺσιοςή
3526 1250 3662 1321 σάρξ
3677 1251 3756 1321 τῷ

2176 1340 2369 1409 Λόγῳ;
2402 1333 2522 1391 εἶτα
2553 1338 2610 1390 δὲ
2634 1338 2729 1391 καὶ
2756 1339 2957 1409 τετρὰς
2996 1340 3059 1392 οὑ
3091 1340 3260 1411 Τριὰς
3292 1340 3353 1394 τὸ
3395 1342 3581 1408 Θεῖον;
3622 1346 3671 1395 εἰ
3697 1345 3756 1398 δὲ

2177 1430 2299 1482 καθ’
2330 1430 2417 1480 ἕτε
2428 1445 2517 1500 ρον
2545 1429 2794 1481 κοινωνεῖ
2820 1429 2849 1479 ό
2868 1429 3041 1497 Λόγος
3062 1429 3159 1481 καὶ
3183 1430 3302 1483 καθ’
3330 1428 3518 1499 ἕτερον
3551 1434 3584 1501 ἡ
3617 1432 3756 1501 σὰρξ

2177 1522 2254 1591 τῷ
2282 1523 2460 1591 Πατρὶ
2496 1523 2592 1575 καὶ
2621 1521 2924 1590 Πνεὺματι,
2949 1521 3065 1584 πῶς
3089 1522 3150 1574 οὑ
3198 1520 3293 1574 δύο
3310 1523 3409 1585 τὰς
3434 1525 3623 1590 φύσεις
3655 1527 3756 1593 τῆς

2178 1614 2581 1684 ἁγίαςτριάδος
2611 1614 2861 1682 εἰσάγετε
2882 1630 2897 1678 ;
2920 1615 2968 1666 εἰ
2991 1613 3047 1666 δὲ
3063 1614 3138 1677 ὡς
3153 1614 3274 1668 ὅλον
3290 1616 3353 1668 ὲκ
3380 1616 3561 1685 μερῶν
3588 1616 3651 1669 τὸ
3666 1611 3756 1682 εἷς

2177 1705 2289 1775 τῆς
2315 1706 2558 1774 Τριάδος
2579 1705 2791 1773 λέγετε,
2808 1709 2837 1759 ό
2859 1705 2988 1771 Θεὸς
3007 1707 3180 1777 Λόγος
3202 1707 3327 1761 καθ’
3347 1708 3560 1773 ἑαυτὸν,
3578 1710 3752 1779 ἥμισυ

2178 1798 2317 1863 ἐνὸς
2346 1796 2457 1864 τῆς
2477 1798 2651 1867 ἁγίας
2685 1797 2927 1866 Τριάδος
2952 1798 3106 1851 ἔσται
3128 1815 3142 1829 ο
3165 1802 3214 1852 εἰ
3238 1799 3294 1853 δὲ
3320 1801 3429 1870 ἄρα
3455 1801 3546 1853 καὶ
3561 1802 3753 1871 ομοοὺ-

2182 1907 2296 1943 σιον
2322 1889 2404 1941 δεῖ
2433 1889 2614 1957 λέγειν
2644 1890 2709 1943 ἐκ
2743 1890 2857 1953 δύο,
2895 1892 2992 1944 καὶ
3016 1892 3108 1944 τὸν
3131 1893 3352 1963 Πατέρα
3390 1893 3561 1947 καὶτὸ
3588 1894 3755 1948 Πνεῦο

2186 2000 2261 2053 μα
2290 1982 2562 2050 λέγοντες,
2580 1981 2639 2047 ἒξ
2666 1982 2909 2052 μονάδων
2935 1979 3072 2037 εἶναι
3093 1985 3193 2055 τῆς
3221 1986 3384 2054 ἁγίας
3406 1986 3633 2057 Τριάδος
3658 1988 3753 2041 τὸν

500 2097 565 2135 ac
587 2081 633 2134 si
660 2083 799 2135 forte
822 2080 1116 2135 dicendum
1140 2081 1213 2134 sit
1241 2079 1713 2135 consubstantiale
1744 2094 1811 2134 ex
1837 2078 2076 2145 duobus,

2181 2076 2353 2143 Λόγον
2397 2074 2686 2128 δεδώκατε.
2721 2075 2864 2127 Ἀλλ’
2911 2069 2957 2128 ὧ
3006 2076 3105 2147 τὴν
3132 2076 3372 2131 διάνοιαν
3428 2079 3601 2148 ἰσχνοὶ
3656 2080 3753 2134 καὶ

504 2182 637 2227 tunc
674 2174 886 2227 Patrem
929 2181 986 2226 et
1022 2172 1291 2241 Spiritum
1334 2178 1587 2226 sanctum
1626 2185 1752 2225 cum
1785 2185 1854 2225 eo
1887 2184 2081 2223 nume-

504 2269 709 2327 rantes,
747 2278 778 2317 e
814 2276 908 2316 sex
950 2260 1282 2315 monadibus
1312 2260 1721 2315 Sanetissimam
1750 2260 2078 2313 Trinitatem

500 2365 757 2410 constare
788 2354 1061 2409 inferetis.
1096 2352 1427 2423 Respondeo
1454 2353 1685 2418 vobis,o
1717 2353 2081 2422 intelligentia

505 2446 832 2509 imbecilles,
860 2456 1131 2500 accuratae
1153 2460 1285 2499 vero
1306 2445 1740 2514 supputationis,
1766 2454 1825 2499 ut
1847 2445 2076 2514 putatis,

503 2538 825 2608 peritissimi
853 2554 866 2589 :
898 2536 1099 2606 primo,
1127 2552 1235 2590 non
1274 2536 1328 2589 in
1359 2546 1626 2605 quantum
1662 2537 1871 2605 aliquid
1908 2552 2080 2591 unum

500 2646 627 2684 esse
674 2646 740 2683 ex
794 2629 1071 2698 pluribus,
1122 2630 1178 2681 in
1227 2636 1439 2681 tantum
1484 2642 1779 2682 commune
1832 2643 1956 2682 cum
1994 2628 2081 2682 his

505 2722 758 2791 pluribus
806 2720 1125 2774 necessario
1173 2728 1289 2785 est,
1331 2720 1424 2775 sed
1466 2720 1523 2774 in
1564 2730 1833 2789 quantum
1874 2720 2083 2776 dicitur

508 2831 675 2867 unum
701 2828 827 2867 cum
849 2813 1104 2882 pluribus
1136 2827 1281 2867 esse.
1310 2812 1365 2867 Si
1391 2828 1525 2883 ergo
1550 2827 1694 2867 unus
1717 2812 1786 2867 de
1807 2813 2082 2868 Trinitate

506 2906 749 2959 Verbum
776 2903 986 2957 dicitur
1012 2901 1314 2971 respective
1342 2900 1409 2955 ad
1435 2916 1720 2970 personam
1748 2900 2081 2972 (respective

504 2997 652 3051 enim
679 2995 747 3049 ad
777 3003 1056 3058 naturam,
1091 3010 1201 3047 non
1236 3009 1405 3047 unum
1439 2992 1730 3057 extribus,
1767 2992 1866 3047 sed
1910 3007 2081 3047 unum

504 3105 629 3143 cum
665 3088 884 3141 duobus
915 3087 1219 3140 aestimatur
1250 3085 1556 3151 Verbum),
1585 3093 1642 3139 et
1668 3084 1877 3138 nullam
1914 3082 2085 3139 habet

504 3181 609 3236 sub
643 3188 895 3250 respectu
958 3177 1197 3248 pr0priae
1223 3192 1335 3232 suae
1362 3192 1632 3247 persona,
1669 3177 1784 3231 sive
1813 3184 1940 3231 ante
1966 3176 2082 3230 sive

508 3282 629 3342 post
662 3273 1117 3337 incarnationem,
1147 3287 1270 3325 eum
1302 3272 1463 3325 Patre
1501 3280 1557 3325 et
1591 3271 1801 3347 Spiritu
1829 3284 2083 3324 commu-

2180 2166 2310 2236 περὶ
2332 2165 2435 2235 τὴν
2465 2165 2574 2219 τῶν
2595 2166 2815 2220 τιοῶνδε
2842 2167 3229 2238 ἁκρισολογίαν
3260 2168 3443 2234 δεινοὶ,
3461 2170 3536 2233 ὡς
3550 2170 3752 2237 οἴεσθε,

2182 2257 2399 2325 πρῶτον
2436 2259 2534 2328 μὲν
2555 2258 2615 2311 οὑ
2648 2258 2769 2311 καθ’
2796 2258 2825 2311 ὃ
2846 2258 2906 2312 ἓν
2935 2276 2988 2311 τι
3019 2255 3162 2312 εἶναι
3190 2260 3286 2312 καὶ
3318 2263 3383 2314 ἐκ
3409 2262 3517 2315 τῶν
3542 2262 3754 2316 πολλῶν

2181 2346 2399 2416 λέγεται
2417 2366 2493 2415 τι,
2523 2350 2666 2404 κατὰ
2691 2350 2852 2403 τοῦτο
2890 2352 3110 2414 πάντως
3138 2352 3235 2407 καὶ
3270 2355 3444 2407 κοινὸν
3466 2349 3611 2407 εἶναι
3638 2358 3756 2418 τοῖς

2183 2439 2398 2504 πολλοῖς
2425 2442 2641 2513 ἀνάγκη
2659 2458 2675 2475 ο
2706 2443 2844 2497 ἁλλὰ
2868 2445 3004 2498 καθὸ
3026 2445 3085 2499 ἒν
3112 2442 3253 2499 εῖναι
3277 2447 3515 2515 λέγεται,
3540 2448 3633 2501 καὶ
3658 2450 3757 2503 σὺν

2183 2532 2401 2595 πολλοῖς
2456 2527 2633 2587 εἶναι·
2662 2536 2713 2588 εἰ
2768 2532 2864 2589 οὖν
2908 2532 2991 2599 εἷς
3030 2538 3127 2607 τῆς
3166 2539 3326 2607 ἁγίας
3347 2537 3575 2610 Τριάδος
3612 2541 3758 2594 κατὰ

2181 2623 2281 2694 τὴν
2336 2624 2639 2679 ὑπόστασιν
2669 2628 2697 2679 ὁ
2721 2627 2891 2695 Λόγος
2940 2628 3174 2700 εἴρηται,
3204 2630 3346 2683 κατὰ
3378 2630 3485 2700 γὰρ
3533 2631 3635 2701 τὴν
3666 2632 3761 2684 οὑ-

2185 2710 2306 2763 σίαν
2339 2711 2438 2781 οὑχ
2504 2712 2562 2765 ἓν
2606 2715 2670 2766 ὲκ
2702 2715 2891 2785 τριῶν,
2943 2716 3059 2770 ἀλλ’
3104 2713 3183 2781 εἷς
3217 2720 3335 2789 ἅμα
3363 2723 3462 2775 σὺν
3527 2722 3638 2784 τοῖς
3661 2720 3760 2779 δύο

2182 2798 2463 2864 δοξάζεται
2482 2802 2510 2853 ό
2532 2802 2735 2871 Λόγος·
2765 2805 2859 2857 καὶ
2884 2806 2983 2859 οὐκ
3015 2806 3127 2878 ἔχει
3156 2809 3279 2862 τινὰ
3309 2812 3590 2864 κοινωνίαν
3614 2809 3760 2867 κατὰ

2184 2893 2282 2963 τὴν
2311 2894 2517 2948 οἰκείαν
2548 2896 2862 2964 ὑπόστασιν,
2883 2898 3006 2952 οὑτε
3020 2901 3128 2971 πρὸ
3156 2902 3357 2974 σαρκὸς
3370 2904 3504 2973 πρὸς
3534 2904 3625 2957 τὸν
3645 2905 3760 2957 [Ια-

2184 2984 2320 3054 τέρα
2350 2986 2381 3055 ἦ
2414 2987 2473 3040 τὸ
2509 2986 2886 3059 Πνεῦμα,οὑδὲ
2903 2994 3041 3063 μετὰ
3056 2993 3152 3064 τὴν
3167 2996 3365 3064 σάρκα·
3386 2997 3511 3050 ἐπεὶ
3531 2996 3606 3068 μὴ
3624 2996 3758 3051 ταῦ-

2185 3080 2294 3130 ταὸ
2323 3080 2493 3147 Λόγος
2519 3081 2686 3134 ὲστίνο
2706 3083 2827 3137 οὑδὲ
2853 3084 2960 3154 μὴν
2990 3085 3176 3150 ἁπλῶς
3203 3086 3280 3151 ὡς
3300 3088 3595 3153 ὑπόστασις
3621 3090 3758 3142 ὑπο-

2189 3170 2376 3222 στάσει
2408 3174 2730 3242 κοινωνήσει
2774 3172 2997 3228 πώποτε
3018 3191 3033 3207 ο
3071 3176 3187 3241 πῶς
3215 3180 3499 3232 κοινωνίαν
3524 3181 3633 3234 εἴτε
3660 3182 3759 3234 καὶ

2185 3259 2261 3321 ὡς
2288 3259 2477 3323 ἁπλῶς
2515 3261 2713 3330 Λόγου,
2758 3265 2871 3316 εἴτε
2902 3265 2996 3319 καὶ
3025 3266 3100 3330 ὡς
3140 3271 3563 3340 σεσαρκωμένου
3587 3272 3759 3343 ἤγουν

506 3367 757 3429 nit-Item,
799 3363 932 3431 quia
974 3372 1285 3431 neuterque
1316 3361 1561 3417 Verbum
1602 3370 1718 3428 est;
1768 3376 1948 3429 neque
1984 3376 2079 3414 un-

2188 3352 2423 3422 Χριστοῦ
2452 3354 2716 3423 ἐρωτᾶτε,
2751 3354 2846 3408 τοῦ
2868 3357 2986 3422 ἑνὸς
3012 3359 3109 3429 τῆς
3160 3361 3321 3429 ἁγίας
3347 3362 3592 3431 Τριάδος,
3618 3364 3760 3434 πρὸς

472 3472 475 3475 λ
506 3471 693 3525 quam,
726 3463 789 3507 ut
832 3452 1161 3522 simpliciter
1205 3467 1477 3521 persona},
1518 3452 1616 3505 ulli
1652 3467 1902 3521 persona:
1930 3466 2084 3506 com-

508 3543 851 3599 municabit:
894 3542 1175 3611 quomodo
1219 3543 1388 3595 vultis
1426 3541 1741 3606 Christum,
1790 3543 1916 3611 qui,
1968 3551 2083 3597 tum

505 3644 783 3705 quatenus
815 3633 1147 3701 simpliciter
1175 3632 1437 3697 Verbum,
1466 3640 1578 3685 tum
1611 3641 1883 3702 quatenus
1903 3634 2085 3686 incar-

508 3737 692 3791 natus,
722 3740 866 3779 unus
894 3732 979 3777 est
1018 3723 1087 3777 de
1131 3722 1477 3779 sanctissima
1508 3723 1801 3789 Trinitate,
1830 3740 2083 3779 commu-

507 3821 693 3874 nicare
738 3833 864 3873 cum
909 3816 1129 3870 duabus
1167 3816 1291 3870 aliis
1328 3816 1585 3885 personis
1623 3816 1676 3870 in
1717 3816 1823 3871 hoc
1856 3818 2083 3887 praecise

504 3925 619 3980 quo
658 3916 743 3962 est
785 3922 955 3961 unum
1004 3921 1073 3959 ex
1116 3904 1295 3979 tribus
1341 3904 1620 3959 distinctis
1648 3906 1799 3975 (nam
1830 3919 2083 3974 persona:

510 4001 710 4055 divina:
735 4012 847 4054 non
887 4006 1015 4052 sunt
1046 4012 1214 4050 unum
1249 4006 1498 4067 respectu
1530 4012 1626 4051 seu
1660 3997 1872 4051 ratione
1904 3996 2082 4067 hypo-

509 4102 743 4157 staseos,
776 4091 871 4147 sed
907 4106 1079 4144 unum
1117 4105 1244 4144 vere
1277 4096 1407 4143 sunt
1446 4088 1660 4143 ratione
1693 4104 1790 4143 seu
1826 4094 2081 4156 respectu

508 4195 749 4252 naturae,
802 4184 1031 4239 relative
1078 4183 1144 4238 ad
1184 4198 1348 4253 quam
1395 4198 1507 4237 non
1553 4191 1681 4236 sunt
1721 4181 1858 4245 tria,
1904 4181 1981 4234 ita
2023 4188 2084 4235 ut

507 4294 677 4332 unum
720 4292 787 4331 ex
835 4278 1011 4331 tribus
1049 4276 1300 4331 dicamus
1340 4290 1463 4329 esse
1499 4272 1850 4342 Christum)?
1887 4273 1946 4327 In
1978 4272 2084 4326 hoc

480 4370 726 4440 quidem
769 4384 937 4423 sensu
971 4368 1250 4424 Christum
1279 4366 1505 4420 relative
1536 4365 1605 4420 ad
1643 4365 1779 4420 alias
1815 4379 2084 4434 personas

476 4462 712 4515 habere
790 4459 1172 4513 tantummodo
1241 4457 1660 4512 similitudinem
1719 4457 2079 4512 arbitramur.

503 4554 804 4608 Evidenter
840 4553 989 4607 enim
1020 4565 1299 4622 personae,
1338 4566 1446 4604 non
1483 4549 1791 4619 respective
1820 4548 1887 4602 ad
1928 4563 2084 4603 suam

507 4645 870 4716 hypostasim,
901 4644 997 4698 sed
1027 4642 1331 4712 respective
1357 4642 1423 4695 ad
1452 4642 1598 4695 illam
1636 4656 1758 4711 quae
1787 4640 1921 4710 ipsis
1950 4640 2083 4694 sub-

2186 3441 2257 3495 τὰ
2282 3443 2445 3515 ἕτερα
2474 3444 2568 3497 δύο
2599 3448 2891 3517 πρόσωπα,
2923 3449 3047 3503 κατ’
3079 3451 3212 3503 αὑτὸ
3244 3450 3405 3506 τοῦτο
3439 3454 3572 3507 καθὸ
3609 3454 3669 3508 ἐν
3691 3456 3759 3510 ὲκ

2182 3533 2293 3588 τῶν
2332 3536 2501 3605 τριῶν
2532 3538 2801 3607 ἀνομοίων
2829 3540 2976 3595 ἐστίν
3000 3556 3013 3570 ⁸
3051 3542 3170 3595 οὐδὲ
3195 3544 3303 3614 γὰρ
3332 3544 3390 3597 ἓν
3414 3545 3491 3617 τῷ
3520 3547 3682 3615 λόγῳ,
3719 3549 3757 3619 ἢ

2182 3628 2262 3681 τῶ
2277 3630 2497 3701 ἀριθμῷ
2521 3632 2623 3701 τῆς
2643 3633 2992 3699 ὑποστάσειίκ
3004 3637 3115 3690 εἰσι
3130 3638 3221 3692 ’τὸ
3236 3638 3344 3708 γὰρ
3371 3640 3429 3693 ἒν
3462 3641 3666 3708 αὐτοῖς,
3687 3646 3758 3715 τῇ

2182 3722 2340 3792 οὑσίᾳ
2362 3724 2509 3776 ἐστὶν
2538 3723 2776 3795 ἀληθῶς,
2809 3728 2903 3779 καὶ
2929 3727 3007 3796 τῷ
3022 3731 3120 3799 τῆς
3152 3731 3337 3794 οὐσίας
3359 3733 3578 3803 ἀριθμῷ
3600 3752 3611 3763 ’
3636 3734 3760 3788 καθ’

2182 3813 2248 3882 ἢν
2260 3814 2514 3869 οὐδέποτε
2535 3816 2655 3869 οὑδὲ
2677 3819 2802 3889 τρία
2814 3820 2973 3883 εἰσὶν,
2994 3820 3079 3874 ἵνα
3097 3822 3192 3876 ἕνα
3206 3823 3312 3876 τῶν
3328 3824 3492 3893 τριῶν
3507 3823 3764 3896 λέγοιμεν

2182 3905 2274 3958 τὸν
2300 3908 2537 3977 Χριστόν
2556 3925 2570 3940 ο
2624 3910 2719 3962 καὶ
2752 3909 2889 3980 πρὸς
2925 3912 2994 3964 τὰ
3038 3912 3200 3984 ἕτερα
3227 3913 3400 3978 οὕτως
3426 3915 3570 3985 ἔχειν
3596 3915 3764 3970 αὑτὸν

2185 3998 2499 4069 σκοποῦμεν
2524 4000 2621 4070 τὴν
2641 4001 2900 4072 ὁμοίωσιν
2925 4019 2938 4032 ·
2960 4002 3118 4074 δῆλον
3137 4004 3246 4077 7&9
3262 4007 3337 4071 ὡς
3350 4008 3405 4061 αἰ
3429 4008 3763 4073 ὑποστάσεις

2182 4092 2242 4143 οὑ
2299 4092 2443 4146 κατὰ
2495 4092 2594 4164 τὴν
2628 4094 2950 4161 ὑπόστασιν,
2982 4096 3119 4150 ἀλλὰ
3164 4099 3305 4153 κατὰ
3334 4098 3433 4168 τὴν
3466 4102 3524 4153 ὲν
3565 4100 3766 4167 αὑταῖς

2182 4182 2391 4250 οὑσίαν,
2430 4184 2561 4256 μίαν
2586 4184 2769 4255 ἔχουσι
2785 4186 2884 4257 τὴν
2907 4188 3331 4257 ἀπαράλλακτον
3358 4189 3521 4260 φύσιν
3538 4208 3553 4223 ο
3580 4193 3645 4246 ὲκ
3662 4194 3765 4248 τοῦ

2183 4276 2294 4347 γὰρ
2328 4278 2503 4347 πάντη
2534 4278 2758 4343 ταύταις
2786 4277 2926 4334 εἶναι
2951 4282 3082 4351 μίαν
3114 4281 3367 4353 ὓπαρξιν,
3386 4284 3481 4337 καὶ
3511 4284 3611 4355 τὴν
3631 4302 3769 4339 ταυη

2182 4370 2384 4441 τότητά
2416 4389 2598 4443 φαμεν
2619 4389 2632 4403 ·
2664 4374 2921 4443 ὁμοίωσις
2947 4375 3046 4445 μὲν
3077 4375 3185 4445 γὰρ
3206 4376 3299 4429 τοῦ
3335 4376 3465 4430 Υἰοῦ
3506 4378 3641 4448 πρὸς
3669 4380 3768 4434 τὸν

2184 4465 2439 4536 Πατέρα⁹
2500 4466 2596 4518 καὶ
2647 4465 2813 4519 εἰκὼν
2849 4462 2988 4520 εἶναι
3028 4468 3123 4521 τοῦ
3176 4471 3387 4541 Πατρὸς
3411 4472 3439 4523 ὁ
3468 4470 3593 4535 Υἱὸς
3635 4472 3768 4527 τότε

2184 4555 2424 4624 λέγεται,
2443 4556 2530 4609 ὅτε
2566 4558 2663 4610 σὺν
2693 4561 2760 4629 τῇ
2794 4557 2974 4627 φύσει,
3002 4562 3097 4614 καὶ
3120 4562 3183 4614 τὸ
3207 4561 3405 4632 ἰδίωμα
3433 4562 3585 4616 τοῦδε
3620 4570 3772 4620 νοεῖ-

2184 4664 2297 4712 ται,
2338 4648 2505 4719 ῆγουν
2527 4650 2589 4702 τὸ
2611 4648 2672 4715 ἐξ
2712 4651 2887 4704 αἰτίου
2909 4668 2921 4683 ο
2953 4651 3127 4716 οὕτως
3158 4654 3265 4724 γὰρ
3299 4654 3513 4725 καὶτῆς
3548 4658 3769 4724 εἰκόνος

502 4745 591 4789 est
622 4735 943 4798 essemiam,
988 4733 1147 4786 unica
1195 4731 1438 4802 gaudent
1480 4731 1801 4785 indivisibili
1840 4741 2077 4786 natura:

2186 4739 2214 4789 ὀ
2243 4736 2399 4805 λόγος
2430 4737 2568 4807 μετὰ
2606 4738 2701 4792 τοῦ
2746 4739 2927 4793 κοινοῦ
2956 4741 3054 4810 τῆς
3085 4743 3399 4812 ὁμοιώσεως
3432 4745 3543 4813 ἔχει
3582 4747 3678 4797 καὶ
3703 4748 3771 4800 τὸ

504 4843 575 4881 ex
611 4842 677 4881 eo
714 4825 862 4895 quod
912 4833 1097 4878 autem
1142 4822 1305 4877 unica
1335 4823 1414 4877 eis
1449 4823 1579 4876 insit
1612 4823 1937 4888 substantia,
1971 4823 2078 4877 hoc

506 4934 889 4989 nuncupamus
923 4916 1287 4971 identitatem.
1336 4915 1550 4969 Relatio
1580 4914 1698 4969 Filii
1745 4914 1812 4968 ad
1857 4915 2075 4969 Patrem

496 5021 589 5067 est
610 5010 913 5066 similitudo
943 5026 956 5062 :
980 5024 1044 5063 ac
1068 5007 1245 5062 Patris
1270 5007 1445 5077 imago
1469 5006 1639 5061 Filius
1664 5004 1826 5060 toties
1850 5005 2075 5070 dicitur,

498 5103 717 5173 quoties
743 5117 866 5156 cum
913 5111 1105 5155 natura
1150 5099 1312 5153 simul
1342 5100 1624 5169 propriqu
1660 5098 1834 5167 ipsius
1861 5107 2078 5167 specta-

500 5201 592 5248 tur
626 5193 974 5257 attributum,
1022 5191 1169 5262 quod
1211 5199 1294 5246 est
1334 5208 1441 5245 esse
1476 5207 1506 5245 a
1566 5190 1856 5259 principio.
1886 5188 2079 5255 Quoad

500 5286 680 5339 idean;
732 5283 1010 5353 imaginis,
1058 5290 1257 5352 praeter
1300 5296 1649 5336 communem
1699 5279 2079 5336 similitudinis

499 5377 793 5440 rationem,
828 5376 931 5429 hoc
964 5375 1129 5429 habet
1163 5374 1418 5444 speciale,
1450 5388 1646 5442 nempe
1686 5371 1833 5441 quod
1866 5387 1975 5426 non
2007 5370 2077 5425 sit

499 5477 847 5539 prototypus,
878 5467 971 5521 sed
999 5466 1328 5537 exemplaris
1352 5465 1584 5519 imitatio
1608 5483 1621 5519 :
1650 5465 1796 5533 quod
1818 5474 1901 5520 est
1937 5464 2075 5518 ima-

496 5561 640 5630 ginis
686 5561 1016 5631 proprietas.
1062 5561 1201 5615 Cum
1250 5574 1384 5615 vero
1426 5560 1616 5613 ambas
1654 5559 1775 5613 illas
1811 5572 2075 5628 personas

501 5653 604 5705 sub
632 5661 885 5721 respectu
913 5668 1102 5706 carum
1132 5661 1339 5706 natura:
1369 5651 1804 5717 consideramus,
1828 5652 1940 5721 jam
1965 5666 2074 5704 non

499 5752 585 5795 est
617 5742 771 5795 locus
800 5743 1015 5799 dicendi
1045 5746 1482 5810 similitudinem,
1508 5748 1633 5816 quia
1659 5763 1767 5801 non
1799 5756 1883 5802 est
1908 5747 2075 5801 altera

500 5832 660 5886 alteri
688 5834 884 5888 collata
915 5854 928 5887 :
964 5839 1111 5893 nulla
1151 5839 1298 5893 enim
1335 5840 1614 5895 videbitur
1645 5841 1946 5907 distinctio,
1982 5840 2075 5895 sed

2186 4829 2262 4898 μὴ
2294 4831 2650 4899 πρωτότυπον
2684 4826 2825 4884 εἶναι
2876 4831 2989 4884 ἁλλ’
3018 4835 3081 4886 ἐκ
3130 4834 3594 4904 παραδείγματος,
3628 4838 3772 4892 ίδιον

2179 4920 2348 4990 αὐτῆς
2370 4919 2500 4973 ὄντα
2520 4920 2677 4989 λόγον
2697 4938 2712 4953 ·
2734 4923 2823 4975 ὅτε
2846 4923 2904 4977 δὲ
2928 4924 3051 4977 καθ’
3069 4924 3237 4995 αὑτὴν
3257 4926 3354 4997 τὴν
3375 4928 3563 4982 οὑσίαν
3590 4929 3771 5000 ἄμφω

2178 5011 2286 5065 τῶν
2311 5014 2662 5066 ὑποστάσεων
2683 5015 2880 5079 αὐτοὺς
2897 5015 3146 5087 νοοῦμεν,
3163 5017 3287 5072 οὔτε
3302 5020 3557 5089 ὁμοίωσιν
3573 5022 3772 5079 λοιπὸν

2179 5103 2484 5179 ἔστιλέγειν
2506 5122 2518 5135 ·
2552 5108 2675 5160 ἐπεὶ
2710 5109 2785 5180 μὴ
2819 5109 3138 5182 ἐστινὲτέρα
3154 5112 3289 5183 πρὸς
3314 5114 3506 5183 ἑτέραν
3537 5130 3775 5187 συγκρι-

2184 5198 2387 5265 νομένη
2407 5213 2421 5226 ⁶
2453 5198 2682 5269 οὐδεμία
2721 5202 2830 5272 γὰρ
2864 5202 3161 5273 ὀφθήσεται
3191 5205 3465 5276 ἑτερότης,
3500 5205 3637 5259 ἀλλὰ
3664 5209 3773 5278 μό-

2184 5305 2273 5341 νον
2326 5291 2635 5360 ταυτότητα
2662 5294 2834 5363 αὐτῆς
2864 5294 3077 5357 ὲνιαίως
3114 5296 3271 5365 ίσμεν
3294 5313 3307 5325 °
3343 5300 3391 5350 εἰ
3416 5293 3509 5352 οὖν
3547 5300 3642 5351 καὶ
3684 5301 3771 5372 μὴ

2182 5376 2324 5430 κατὰ
2370 5378 2528 5447 λόγον
2572 5381 2672 5452 τὴν
2721 5382 2991 5455 ἐρώτησιν
3040 5390 3414 5456 προσαγαγεῖν
3443 5387 3767 5458 δεδύνησθε,

2181 5468 2329 5537 ὅμως
2361 5471 2544 5537 μέντοι
2595 5474 2735 5526 κατὰ
2758 5474 2855 5545 τὴν
2889 5476 3025 5529 ἰδίαν
3047 5478 3331 5531 κοινωνίαν
3364 5479 3457 5532 τοῦ
3480 5482 3769 5537 Δεσπότου

2182 5562 2338 5632 ἡμῶν
2373 5564 2546 5632 Ἰησοῦ
2572 5565 2809 5635 Χριστοῦ
2828 5570 3219 5641 φανταζόμενοι
3240 5572 3367 5624 τάδε
3393 5572 3765 5641 πυνθάνεσθε,

2181 5653 2387 5725 ταύτην
2415 5655 2651 5726 λήψεσθε
2681 5659 2811 5730 παρ’
2843 5660 3000 5730 ἡμῶν
3025 5662 3122 5733 τὴν
3156 5664 3465 5735 ἀπόκρισιν,
3494 5665 3569 5729 ὡς
3594 5669 3626 5719 ὁ
3652 5670 3767 5723 Λό-

2183 5764 2277 5814 γος
2300 5746 2359 5800 ἓν
2391 5749 2680 5817 πρόσωπον
2728 5752 2849 5805 ὅλον
2876 5754 3157 5824 ὑπάρχων,
3211 5757 3310 5826 μία
3348 5773 3406 5810 τε
3454 5758 3766 5828 ὑπόστασις

2183 5841 2280 5909 τῆς
2304 5841 2467 5909 ἁγίας
2506 5844 2548 5893 Τ
2555 5844 2764 5915 ριάδος·
2800 5846 2858 5910 ἐξ
2890 5848 3238 5904 ὑποστάσεων
3268 5849 3376 5921 γὰρ
3430 5851 3491 5905 οὑ
3537 5845 3767 5923 φύσεων
