4116 6490
304 459 438 528 1768
460 472 488 501 ⁸

1258 459 1656 524 ADVERSUS
1688 460 2488 527 NESTORIANOS.-LIB.
2528 466 2656 528 VII.

3397 461 3533 534 1768
3557 471 3587 512 δ

301 576 366 630 τὸ
404 572 690 646 τριαδικδν
722 572 1095 627 συνείλεκται·
1126 571 1419 643 ἐσαρκώοη
1457 574 1484 625 ό
1510 572 1701 644 πρώην
1720 573 1894 640 ἄσαρ-

2010 587 2207 629 meram
2234 574 2439 647 ubique
2469 578 2675 634 scimus
2701 577 2893 635 adesse
2924 578 3297 635 identitatem.
3326 580 3589 648 Quamvis

302 683 400 729 κος
438 667 534 719 καὶ
568 666 684 719 ἐστι
714 665 970 737 Χριστὸς,
998 665 1054 729 ὃς
1080 665 1144 718 ὲκ
1181 665 1383 736 μέρους
1408 664 1573 718 αὐτοῦ
1596 666 1764 736 ήγουν
1794 667 1893 736 τῆς

304 763 435 832 μιᾶς
464 760 575 813 τῶν
604 762 658 813 ἐι
685 760 838 830 αὐτῷ
857 759 1074 828 φύσεων
1095 757 1292 821 κοινῶς
1328 757 1390 811 τέ
1422 759 1537 811 ἐστι
1569 759 1665 811 καὶ
1697 755 1893 828 69.006-

300 868 416 914 σιος
448 850 545 904 κα)⁸
568 847 648 913 εἷς
674 852 741 920 τῇ
766 850 949 919 φύσει,
993 851 1090 903 σὺν
1119 848 1197 917 τῷ
1228 848 1404 919 Πατρὶ
1432 847 1510 900 τῶ
1546 846 1760 916 ἀγαθῷ,
1800 844 1897 899 καὶ

298 943 378 1014 τῷ
406 942 548 1013 ἁγίῳ
578 942 743 996 αὑτοῦ
772 941 1052 1013 Πνεὺματι
1085 940 1210 995 κατ’
1231 940 1422 994 οὐσίαν
1457 942 1643 1003 αὐτοῖς
1673 939 1892 1009 ἡνωμέ-

299 1051 403 1096 νος
427 1049 443 1066 ·
478 1033 572 1087 καὶ
602 1030 727 1085 οὔτε
759 1031 1102 1102 πλεονασμὸν
1152 1031 1187 1100 ἢ
1222 1028 1401 1099 λείψιν
1444 1028 1797 1083 ὑποστάσεων
1819 1030 1888 1098 τῇ

300 1125 435 1198 ἁγίᾳ
466 1124 659 1197 Τριάδι
692 1123 1062 1195 παρίστησινο
1110 1122 1269 1192 εἴπερ
1297 1121 1520 1186 ὁΛόγος
1570 1119 1669 1191 μία
1720 1133 1781 1173 τε
1827 1114 1898 1189 ἧν

302 1219 609 1281 ὑπόστασις
658 1217 766 1289 πρὸ
808 1217 1012 1287 σαρκὸς
1052 1217 1147 1270 καὶ
1198 1214 1338 1287 μετὰ
1388 1214 1601 1285 σάρκαο
1626 1210 1741 1268 ἀλλ’
1773 1211 1899 1266 οὐτε

300 1310 543 1364 ἐλάττων
567 1308 732 1373 αὐτὸς
768 1310 899 1380 μιᾶς
927 1308 1283 1371 ὑποστάσεως
1312 1299 1455 1360 εἶναι
1487 1304 1596 1375 πρὸ
1631 1304 1732 1375 τῆς
1762 1320 1899 1375 σαρ-

299 1401 397 1465 κὸς
421 1401 704 1454 δείκνυται
732 1400 792 1452 ὲν
828 1401 894 1471 τῇ
926 1398 1061 1469 (Ξιγίςτ⁸
1083 1397 1273 1467 Τριάδι
1306 1395 1583 1467 δηλονότι·
1618 1392 1742 1447 οὐδὲ
1790 1392 1899 1462 γὰρ

302 1491 601 1562 πρόσθεσιν
646 1488 1004 1553 ὑποστάσεως
1056 1487 1448 1558 ἐπιδεξάμενος
1492 1486 1595 1556 τὴν
1640 1484 1736 1539 νῦν
1785 1484 1899 1554 ἔχει

298 1584 617 1655 τελειότητα
648 1583 749 1653 τῆς
780 1581 1146 1646 ὑποστάσεως
1167 1599 1182 1614 ο
1211 1579 1329 1634 ἀλλ’
1360 1581 1428 1650 ἢν
1455 1573 1569 1649 εἶχε
1602 1577 1761 1649 μόνον
1806 1575 1900 1630 κέ-

300 1691 521 1742 κτηται,
557 1674 653 1727 καὶ
694 1673 834 1743 μετὰ
865 1671 967 1743 τὴν
1019 1672 1340 1744 προσθήκην
1384 1665 1454 1741 ἦς
1498 1669 1601 1723 οὐκ
1628 1663 1743 1739 εἶχε
1797 1666 1902 1736 φύ-

303 1784 474 1831 σεως·
508 1767 603 1821 καὶ
656 1766 829 1830 οὑτως
861 1768 1017 1819 ἔσται
1046 1766 1177 1837 ὑμῖν
1225 1765 1303 1828 είς
1354 1762 1509 1817 οὐδὲν
1552 1759 1897 1831 ἀναλυομένη

304 1861 460 1914 πᾶσα
496 1860 606 1912 τῶν
628 1857 945 1913 διπλὼσεων
976 1860 1070 1912 ἐπὶ
1100 1858 1203 1922 τὰς
1238 1854 1571 1926 τριπλώσεις
1593 1856 1628 1925 ἠ
1657 1853 1899 1925 ψηφολο-

2004 664 2173 735 igitur
2208 667 2351 721 hanc
2397 684 2621 724 movere
2666 670 3027 740 qutestionem
3059 672 3410 729 rationaliter
3439 674 3589 729 haud

2002 759 2321 827 potueritis,
2369 760 2499 829 quia
2544 768 2723 815 tamen
2768 776 2891 830 quae
2920 761 2994 817 sit
3023 764 3452 819 communicatio
3480 765 3592 819 Do-

2004 850 2137 904 mini
2186 851 2361 905 nostri
2411 853 2541 907 Jesu
2601 851 2806 908 Christi
2856 853 2913 908 in
2968 862 3152 909 vestra
3196 855 3592 926 imaginatione

2005 941 2274 1011 quaeritis,
2296 943 2401 997 hoc
2416 943 2699 1013 accipietis
2719 960 2749 998 a
2766 945 2927 999 nobis
2947 961 3298 1016 responsum.
3326 948 3592 1014 Verbum,

2005 1031 2153 1101 quod
2185 1040 2272 1087 est
2307 1049 2474 1087 unum
2507 1035 2855 1102 suppositum
2880 1037 3215 1105 completum
3245 1046 3305 1091 et
3335 1053 3444 1092 una
3472 1054 3597 1109 per-

2005 1136 2140 1176 sona
2167 1123 2527 1178 sanctissima:
2557 1123 2845 1179 Trinitatis
2874 1125 2963 1194 (ex
2991 1127 3245 1196 personis
3269 1129 3443 1191 enim,
3482 1143 3598 1183 non

2005 1230 2075 1269 ex
2101 1214 2316 1269 naturis
2342 1223 2533 1270 ternus
2560 1215 2839 1286 colligitur
2866 1219 3176 1289 numerus),
3216 1235 3344 1274 caro
3389 1220 3598 1274 factum

2005 1312 2114 1368 εει,
2145 1319 2270 1359 cum
2305 1314 2465 1359 antea
2498 1306 2617 1359 sine
2663 1321 2829 1361 carne
2859 1316 3027 1372 esset,
3056 1315 3113 1362 et
3159 1325 3307 1364 nunc
3328 1319 3412 1365 est
3437 1309 3600 1365 Chri-

2007 1403 2149 1458 stus,
2185 1395 2279 1463 qui
2318 1410 2385 1449 ex
2414 1402 2569 1464 parte
2613 1395 2699 1449 sui
2743 1394 2941 1464 ipsius,
2990 1396 3252 1452 videlicet
3290 1400 3599 1454 secundum

2009 1501 2175 1541 unam
2203 1500 2233 1539 e
2266 1488 2383 1540 suis
2418 1484 2655 1551 naturis,
2689 1487 3003 1542 communis
3039 1497 3126 1542 est
3155 1488 3602 1544 consubstantia-

2008 1579 2189 1648 lisque
2212 1586 2269 1633 et
2301 1594 2444 1633 unus
2472 1587 2670 1633 natura
2702 1594 2828 1633 cum
2874 1579 3039 1634 Patre
3072 1580 3283 1649 optimo
3311 1590 3368 1636 et
3407 1589 3601 1636 sancto

2007 1672 2128 1741 ejus
2162 1670 2394 1741 Spiritu,
2432 1672 2649 1725 ratione
2694 1671 2949 1725 essentia:
2981 1670 3116 1741 ipsis
3152 1672 3363 1729 unitus.
3408 1673 3601 1743 Neque

2009 1768 2363 1831 augmentum
2398 1760 2484 1815 vel
2515 1760 2958 1816 imminutionem
3004 1761 3164 1817 affert
3202 1779 3438 1819 numero
3470 1780 3601 1835 pcr-

2009 1866 2266 1906 sonarum
2306 1851 2671 1907 sanctissima:
2698 1851 2989 1907 Trinitatis
3015 1871 3029 1907 :
3055 1854 3331 1923 siquidem
3357 1856 3603 1913 Verbum

300 1952 423 2021 γία,
472 1951 570 2004 καὶ
603 1951 755 2005 πᾶσα
789 1952 823 2021 ὴ
864 1951 1007 2021 ὁμὰς
1033 1948 1129 2003 τοῦ
1159 1948 1451 2017 ἀλογίστου
1483 1945 1639 2017 ὑμῶν
1660 1942 1894 1999 καταλό-

2010 1940 2165 1995 unica
2194 1948 2321 1994 ante
2350 1940 2812 2007 incarnationem,
2835 1942 3001 1997 unica
3022 1951 3147 2012 post
3164 1944 3602 2002 incarnationem

302 2060 404 2111 γου
438 2042 676 2111 εὐλόγως
725 2043 859 2113 ἡμῖν
902 2039 1403 2113 παραλογισθεῖσαο
1434 2033 1516 2102 εἷς
1547 2037 1654 2109 γὰρ
1680 2036 1815 2099 ὅλως
1838 2036 1903 2089 ἐκ

302 2135 498 2205 τριῶν.
520 2129 567 2188 ὦ
601 2134 825 2206 δοκήσει
861 2134 1041 2203 σοφοὶ,
1097 2134 1159 2187 οὑ
1210 2132 1354 2187 κατὰ
1385 2129 1677 2185 κοινωνίαν
1712 2128 1742 2181 ὁ
1776 2128 1905 2197 Χρι-

305 2223 463 2287 στόςο
490 2219 572 2285 εἷς
602 2223 667 2293 δὴ
726 2223 824 2276 σὺν
852 2224 969 2285 τοῖς
1011 2221 1223 2285 λοιποῖς
1270 2219 1365 2275 δύο
1403 2219 1720 2290 προσώποις
1759 2215 1900 2270 κατὰ

303 2315 406 2385 τὴν
432 2314 718 2367 κοινωνίαν
745 2316 844 2385 τῆς
874 2314 1004 2383 μιᾶς
1024 2312 1134 2367 τῶν
1173 2314 1231 2365 ὲν
1257 2310 1405 2383 αὐτῷ
1442 2310 1682 2381 φύσεως,
1700 2307 1761 2361 οὑ
1791 2305 1900 2377 μὴν

304 2406 414 2459 τῶν
440 2407 498 2459 ἐν
527 2406 676 2477 αὐτῷ
702 2405 796 2459 δύο
830 2406 1048 2475 φύσεων
1074 2422 1088 2435 ·
1126 2406 1226 2459 οὐκ
1252 2405 1357 2457 εῐτι
1391 2403 1448 2457 δὲ
1477 2403 1551 2473 μὴ
1589 2402 1654 2454 ἐκ
1677 2399 1902 2452 πάντων

304 2497 413 2555 τῶν
438 2497 633 2551 ἑαυτοῦ
658 2500 906 2551 κοινωνεῖ
922 2515 1051 2563 τινι,
1076 2497 1196 2550 οὐδὲ
1218 2494 1397 2550 κοινὸν
1426 2494 1579 2547 ἔσται
1595 2491 1732 2561 πρὸς
1753 2489 1903 2544 αὐτό.

2011 2030 2117 2086 fuit
2148 2046 2405 2101 persona,
2435 2041 2491 2086 et
2520 2031 2698 2101 ipsum
2730 2048 2841 2088 non
2872 2034 3116 2089 caruisse
3150 2035 3430 2107 hypostasi
3473 2049 3602 2095 ante

2012 2122 2453 2177 incarnationem
2498 2122 2790 2177 evidenter
2821 2123 3236 2179 demonstratur
3270 2126 3327 2179 in
3369 2127 3603 2182 sanctis-

2010 2214 2150 2269 sima
2204 2212 2528 2268 Trinitate:
2584 2215 2631 2269 si
2678 2215 2825 2270 enim
2874 2216 3173 2286 perfectam
3230 2234 3380 2273 nunc
3433 2219 3604 2275 habet

2010 2304 2385 2377 hypostasim,
2439 2319 2554 2360 non
2614 2306 2764 2376 quod
2820 2307 3185 2378 hypostaseos
3241 2319 3603 2380 augmentum

2012 2397 2342 2466 susceperit,
2372 2396 2469 2452 sed
2502 2413 2668 2467 quam
2707 2400 2866 2469 prius
2890 2400 3149 2465 habebat,
3190 2401 3295 2456 hac
3321 2402 3437 2457 sola
3466 2418 3603 2472 gau-

2016 2488 2131 2555 det,
2162 2489 2333 2543 etiam
2359 2496 2485 2559 post
2508 2488 2808 2547 additionis
2834 2492 2980 2547 illius
3007 2508 3170 2562 quam
3198 2507 3311 2548 non
3337 2494 3601 2561 habebat,

305 2603 540 2650 naturae.
569 2593 637 2649 Et
670 2594 750 2649 sic
772 2594 931 2649 vobis
958 2595 1014 2648 in
1039 2593 1275 2649 nihilum
1325 2590 1551 2646 redacta
1583 2586 1697 2642 ruit
1726 2584 1911 2641 omnis
1939 2582 2381 2653 duplicationum
2411 2598 2579 2654 supra
2606 2585 3009 2656 triplicationes
3038 2598 3426 2660 congestarum
3465 2604 3603 2661 sup-

308 2688 561 2759 putatio,
612 2698 670 2744 et
718 2695 832 2743 tota
879 2689 974 2743 illa
1016 2686 1510 2744 innumerabilium
1566 2682 1907 2738 calculorum
1946 2694 2183 2744 summa,
2258 2680 2468 2736 erroris
2501 2682 2701 2737 merito
2742 2699 2774 2738 a
2838 2685 3002 2741 nobis
3044 2686 3321 2743 convicta.
3358 2687 3603 2755 Etenim,

304 2800 339 2839 o
374 2798 472 2839 vos
509 2784 566 2838 in
596 2791 780 2838 vestra
823 2784 1087 2854 opinione
1129 2784 1429 2854 sapientes,
1504 2778 1760 2835 Christus
1797 2792 1943 2832 unus
1987 2784 2075 2832 est
2112 2791 2182 2831 ex
2237 2776 2439 2842 tribus,
2490 2777 2611 2833 sine
2658 2782 3183 2850 communicatione,
3228 2799 3373 2838 unus
3416 2792 3602 2839 autem

303 2884 392 2932 est
456 2892 584 2931 cum
648 2877 863 2933 duabus
901 2877 1028 2932 aliis
1068 2877 1323 2947 personis
1361 2890 1462 2944 per
1499 2873 2057 2943 communicationem
2088 2870 2275 2937 unius,
2324 2887 2435 2926 non
2485 2888 2619 2927 vero
2648 2876 2936 2946 utriusque
2982 2891 3205 2931 suarum
3240 2886 3602 2955 naturarum;

304 2970 558 3043 quamvis
607 2979 794 3025 autem
849 2970 1059 3040 aliquid
1103 2970 1264 3025 alteri
1299 2983 1411 3023 non
1450 2964 1825 3022 communicet
1886 2979 1955 3019 ex
2031 2959 2289 3016 omnibus
2333 2961 2472 3029 suis,
2522 2978 2631 3016 non
2668 2964 2795 3020 ideo
2826 2979 3119 3022 commune
3162 2981 3287 3023 cum
3333 2970 3430 3026 illo
3489 2988 3603 3028 non

302 3063 433 3120 erit.

934 3159 1190 3213 ΚΕΦΑΛ.
1232 3155 1311 3212 E'.

379 3258 444 3312 Εἰ
479 3257 537 3311 τὸ
568 3251 656 3322 εἷς
684 3254 795 3323 τῆς
828 3250 1071 3320 Τριάδος
1127 3250 1192 3302 ὲκ
1245 3247 1501 3316 θεότητος
1558 3246 1652 3300 καὶ
1703 3240 1907 3312 σαρκὸς

309 3351 660 3421 σημαίνεται,
704 3345 822 3408 πῶς
851 3345 951 3398 οὐκ
986 3342 1141 3395 ἔσται
1168 3340 1267 3410 τῆς
1291 3338 1520 3410 Τριάδος
1544 3338 1637 3391 καὶ
1657 3338 1692 3407 ἠ
1729 3333 1902 3403 σάρξς

309 3446 358 3498 εί
385 3444 442 3497 δὲ
478 3445 511 3515 ή
539 3441 671 3509 ἁγία
704 3438 876 3508 Τριὰς
895 3436 1039 3491 κατά
1065 3452 1119 3488 τι
1146 3433 1315 3506 μονάς
1346 3435 1485 3495 ἐστι,
1508 3432 1611 3484 οὐκ
1638 3430 1790 3482 ἐσται
1813 3426 1908 3481 καὶ

308 3538 410 3609 τῆς
444 3533 675 3603 μονάδος
710 3533 745 3602 ή
782 3528 922 3599 σάρξ
945 3545 961 3560 ο
991 3528 1038 3580 εἰ
1073 3526 1131 3579 δὲ
1158 3525 1259 3596 τῆς
1293 3522 1521 3594 μονάδος
1547 3523 1582 3592 ὴ
1616 3517 1773 3591 σὰρξ,
1792 3535 1908 3571 κτιο

314 3628 414 3699 στὴ
442 3627 498 3680 δὲ
530 3624 691 3694 αὐτη,
728 3623 846 3685 πῶς
877 3621 1136 3682 ἇκτιστος
1182 3620 1216 3689 ή
1251 3616 1456 3688 μονάς;
1499 3613 1661 3668 Ἀλλὰ
1704 3612 1791 3673 τίς
1840 3610 1907 3664 ἂν

312 3722 397 3792 εἴη
429 3719 587 3786 λόγος
627 3716 755 3786 ὑμῖν
787 3714 817 3768 ὁ
858 3711 1144 3783 παριστῶν
1198 3709 1261 3763 τὸ
1310 3706 1451 3762 κατά
1493 3723 1548 3759 τι
1589 3702 1903 3792 κοινωνοῦν,

312 3788 534 3874 πάντως
560 3809 652 3863 καὶ
674 3806 816 3861 κατὰ
841 3804 1019 3858 πάντα
1048 3803 1327 3857 κοινωνεῖν
1356 3798 1706 3867 ἀναγκαίως;
1739 3796 1787 3849 εί
1809 3788 1905 3849 οὖν

312 3906 347 3975 ἠ
380 3875 519 3973 σάρξ
550 3896 923 3966 κεκοινώνηκε
953 3898 1021 3965 τῇ
1045 3894 1265 3963 θεότητι
1296 3891 1441 3944 κατὰ
1471 3889 1571 3960 τὴν
1606 3888 1907 3975 ὑπόστασιν

313 3972 408 4048 τοῦ
443 3972 646 4060 Λόγου,
680 3989 756 4052 ὡς
778 3988 870 4041 διὰ
892 3985 1054 4039 τοῦτο
1087 3985 1185 4039 καὶ
1215 3980 1436 4053 ἀληθῶς
1466 3981 1566 4033 σὺν
1597 3977 1748 4050 αὑτῷ
1768 3972 1906 4032 εῖναι

318 4083 451 4156 μιᾶς
505 4082 614 4135 τῶν
666 4078 915 4147 μονάδων
967 4076 1068 4147 τῆς
1107 4073 1271 4143 ἁγίας
1318 4070 1571 4143 Τριάδος,
1603 4069 1771 4139 ἧγουν
1806 4068 1907 4140 τῆς

317 4175 689 4243 ὑποπατικῆς
711 4170 1087 4242 ἀριθμήσεως,
1112 4166 1197 4229 τίς
1216 4166 1245 4218 ὁ
1280 4163 1601 4235 βιαζόμενος
1621 4160 1779 4229 λόγος
1794 4176 1909 4213 κοι-

317 4267 562 4340 νωνῆσαι
602 4265 771 4335 αὐτὴν
800 4263 897 4318 καί¹
933 4259 1011 4330 τῷ
1042 4257 1293 4313 οὐσιῶδει
1324 4256 1484 4327 Λόγῳ
1502 4255 1603 4325 τῆς
1630 4254 1905 4325 θεότητος,

316 4361 487 4431 ἡγουν
530 4356 610 4427 τῷ
652 4357 753 4427 τῆς
779 4355 996 4424 φύσεως
1023 4352 1170 4421 λόγῳ
1196 4349 1344 4404 κατὰ
1373 4348 1435 4403 τὸ
1465 4344 1757 4419 μοναδικὸν
1806 4344 1908 4415 τῆς

318 4451 608 4523 ὑπάρξεως
645 4450 745 4518 τῆς
773 4448 924 4511 θείας
960 4440 1627 4516 ωμπεριλαμὸανομένην
1680 4439 1779 4494 σὺν
1813 4438 1905 4492 αὐ-

316 4547 420 4616 τῇς
459 4544 527 4598 δι’
560 4542 692 4597 αὐτὸ
724 4541 839 4612 γὰρ
881 4539 948 4611 δὴ
992 4536 1153 4592 τοῦτο
1180 4534 1491 4591 τούναντίον
1532 4532 1715 4605 φαμὲν
1746 4533 1908 4603 ἡμεῖς

317 4638 430 4700 τοῖς
452 4634 741 4706 ὑμετέροις
760 4650 777 4666 ο
802 4633 890 4685 ὅτι
942 4631 1069 4684 ἐπεὶ
1090 4628 1289 4699 ἐκεινῳ
1308 4626 1386 4699 τῷ
1401 4626 1561 4697 Λόγῳ
1594 4624 1734 4697 ἔφθη
1767 4623 1911 4679 κατὰ

320 4730 422 4801 τὴν
460 4727 709 4781 εὐδοκίαν
749 4725 852 4793 τῆς
899 4723 1215 4792 οἰκονομίας
1245 4720 1515 4793 ὲνωθῆναι
1558 4720 1627 4789 τῇ
1679 4717 1844 4789 σαρκὶ
1875 4718 1910 4787 ἡ

323 4820 542 4891 θεότης,
601 4817 724 4872 καθ’
773 4815 803 4869 ὃ
848 4812 945 4868 καὶ
989 4813 1127 4883 πρὸς
1176 4812 1378 4882 ἑαυτήν
1428 4827 1547 4874 πως
1593 4808 1915 4879 διαφέρεται

324 4914 496 4982 ἥγουν
523 4910 667 4964 κατὰ
691 4908 790 4979 τὴν
822 4905 1143 4970 ὑπόστασιν,
1166 4902 1602 4974 ὡμολογημένους
1632 4900 1734 4954 οὐκ
1761 4898 1915 4951 ἔσται

324 5004 463 5077 πρὸς
487 5002 659 5072 αὐτὴν
697 4998 839 5053 κατὰ
896 4996 1055 5065 λόγον
1078 4994 1266 5058 οὐσίας
1312 4992 1646 5047 κοινωνοῦσα
1685 4990 1810 5044 καθ’
1855 4989 1916 5077 δν

326 5076 467 5166 πρὸς
493 5092 690 5161 ἑαυτὴν
719 5090 793 5160 μὴ
816 5085 1137 5156 διαφέρεται
1156 5100 1170 5115 ο
1206 5085 1256 5136 εί
1281 5081 1389 5153 γὰρ
1420 5080 1541 5134 οὐδὲ
1563 5078 1685 5133 καθ’
1717 5076 1916 5148 ἑαυτὴν

325 5184 678 5257 θεωρουμένη
703 5185 736 5251 ή
769 5180 961 5249 θεότης
996 5180 1056 5231 ὲν
1090 5175 1427 5247 ἀμφοτέροις
1470 5174 1584 5236 τοῖς
1612 5171 1791 5240 λόγοις
1818 5169 1916 5222 αὐ-

323 5280 447 5349 τῆς,
478 5276 652 5347 ἤγουν
679 5275 793 5335 τοῖς
816 5272 919 5340 τῆς
940 5270 1131 5332 οὐσίας
1154 5267 1250 5321 καὶ
1264 5266 1615 5327 ὑποστάσεως
1636 5263 1915 5317 δείκνυται

327 5365 668 5423 κοινωνοῦσα
689 5365 769 5436 (ἓν
790 5363 897 5434 γὰρ
922 5363 1042 5417 κατ’
1072 5360 1202 5416 ἄλλο
1228 5359 1367 5423 ἐστὶ,
1393 5359 1490 5411 καὶ
1503 5357 1632 5427 τρία
1648 5355 1770 5410 καθ’
1797 5354 1917 5408 ἓτε-

332 5457 421 5527 ρόν
443 5454 607 5524 ἑστι)’
642 5454 760 5517 πῶς
782 5451 860 5522 τῷ
894 5452 1023 5522 παρ’
1046 5449 1219 5521 αὐτὴν
1243 5448 1358 5502 ὄντι
1382 5448 1480 5501 σὺν
1502 5449 1569 5518 τῇ
1591 5446 1757 5517 σαρκὶ
1793 5445 1915 5500 κατ’

329 5548 617 5620 ἀμφότερα
669 5544 990 5615 κοινωνήσει
1014 5560 1028 5604 ;
1056 5544 1105 5595 εί
1150 5541 1260 5612 γὰρ
1289 5540 1449 5594 τοῦτο
1496 5538 1604 5609 εἴη,
1645 5538 1814 5599 ὅντως
1849 5536 1917 5590 ἂν

328 5644 397 5713 τῇ
439 5640 604 5710 σαρκὶ
631 5638 767 5709 μόνῃ
792 5635 851 5689 τό
874 5651 935 5688 τε
964 5633 1107 5705 ὑπὲρ
1136 5633 1269 5687 θεόν
1293 5648 1413 5695 πως
1446 5631 1541 5685 καὶ
1573 5628 1917 5698 ἀσυγκρίτως

330 5732 652 5803 ἁπλότερον,
689 5729 788 5784 καὶ
837 5729 1041 5798 ἑαυτῆς
1084 5724 1482 5795 ὑπερκείμενον
1531 5720 1916 5793 ἐμαρτύρησεν
1961 5796 1969 5805 ,

330 5825 401 5879 ἂν
429 5825 463 5895 ή
496 5822 686 5893 θεότης
706 5838 720 5850 ⁵
756 5819 849 5874 καὶ
897 5820 1023 5873 τάδε
1063 5819 1159 5888 μὲν
1189 5816 1363 5880 οὕτως
1384 5833 1398 5847 ·
1447 5817 1494 5869 εἰ
1526 5815 1582 5867 δὲ
1622 5813 1699 5885 τῷ
1731 5811 1915 5883 λεπτῷ

332 5914 426 5974 τοῦ
461 5913 818 5985 θεωρήματος
851 5910 980 5972 ἴσως
1029 5909 1129 5961 οὐκ
1164 5906 1471 5974 εὐγνωστον
1498 5906 1626 5976 ὑμῖν
1666 5905 1724 5958 τὸ
1758 5904 1913 5973 λεγό-

620 6005 889 6068 ΡΑττιιοιι.
944 6002 1061 6064 GR.
1109 5997 1457 6062 LXXXVI.

2672 3152 2824 3208 CAP.
2875 3156 2937 3209 V.

2086 3242 2143 3297 Si
2174 3243 2290 3299 haec
2317 3244 2509 3310 verba,
2543 3262 2681 3301 unus
2720 3247 2784 3300 de
2832 3248 3109 3317 Trimtale,
3158 3254 3491 3326 signiﬁcant,
3533 3273 3604 3313 ex

2009 3331 2305 3389 divinitate
2330 3342 2389 3390 et
2414 3350 2602 3402 carne,
2648 3353 2856 3409 ergone
2887 3340 3176 3399 Trinitatis
3200 3345 3308 3401 erit
3344 3348 3513 3402 caro?
3542 3348 3601 3404 Si

2008 3439 2142 3480 vero
2183 3426 2427 3483 Trinitas
2467 3428 2572 3484 sub
2607 3430 2796 3501 aliquo
2829 3444 3084 3504 reSpectu
3119 3436 3192 3491 sit
3221 3453 3435 3505 monas,
3465 3455 3601 3513 ergo

2007 3517 2263 3572 monadis
2309 3533 2440 3573 caro
2489 3520 2644 3575 erit?
2682 3521 2738 3577 Si
2783 3532 2968 3580 autem
3012 3528 3264 3583 monadis
3320 3529 3394 3584 sit
3443 3546 3598 3596 caro,

2008 3624 2135 3663 cum
2161 3625 2291 3665 caro
2322 3611 2397 3666 sit
2417 3621 2627 3680 creata,
2654 3616 2936 3685 quomodo
2968 3618 3211 3675 increata
3237 3622 3345 3679 erit
3368 3638 3561 3680 monas
3578 3626 3603 3678 ?

2006 3704 2079 3757 At
2105 3717 2216 3772 quo
2241 3715 2568 3775 argumento
2601 3708 2916 3777 probabitis
2969 3711 3117 3781 quod
3144 3713 3249 3769 sub
3278 3714 3465 3785 aliquo
3508 3732 3603 3772 rea

2007 3803 2202 3865 spectu
2220 3811 2515 3854 commune
2535 3809 2638 3866 est,
2658 3800 2795 3855 illud
2812 3803 2916 3857 sub
2935 3803 3084 3858 omni
3102 3820 3333 3876 prorsus
3347 3816 3602 3877 respectu

2009 3904 2303 3946 commune
2332 3893 2649 3948 necessario
2677 3894 2839 3949 esse?
2876 3894 2934 3950 Si
2963 3911 3098 3967 ergo
3132 3912 3260 3952 caro
3290 3899 3600 3954 communi-

2008 3982 2157 4037 cavit
2188 3982 2390 4038 Deitati
2429 3982 2484 4038 in
2520 3999 2757 4053 persona
2785 3986 2971 4052 Verbi,
3004 3987 3077 4041 ita
3109 3997 3172 4042 ut
3200 4003 3331 4043 vere
3369 4005 3495 4045 cum
3531 4006 3602 4047 eo

2007 4072 2083 4128 sit
2109 4088 2218 4128 una
2242 4088 2311 4129 ex
2332 4075 2663 4130 monadibus
2688 4076 3053 4133 sanctissima:
3080 4078 3394 4147 Trinitatis,
3415 4081 3467 4137 id
3490 4092 3599 4149 est,

2008 4179 2076 4221 ex
2107 4180 2468 4236 personarum
2506 4183 2774 4223 numero:
2802 4184 2934 4223 num
2966 4169 3092 4225 ideo
3118 4187 3346 4228 necesse
3383 4182 3469 4229 est
3511 4176 3600 4230 di-

2009 4266 2168 4311 catur
2192 4257 2388 4313 eadcm
2418 4273 2549 4313 caro
2590 4260 3033 4316 communicasse
3064 4261 3343 4317 divinitati
3387 4264 3634 4319 ratione

2008 4348 2287 4415 essentia,
2315 4349 2369 4403 id
2397 4359 2503 4414 est,
2528 4349 2739 4405 ratione
2766 4362 3000 4418 naturae,
3029 4352 3085 4406 in
3109 4352 3319 4408 unitate
3341 4354 3603 4409 substan-

2014 4441 2105 4497 tiae
2157 4440 2360 4496 divina:
2412 4440 2580 4496 simul
2630 4456 2757 4496 cum
2815 4442 2909 4497 illa
2954 4443 3398 4513 comprehensa?
3447 4445 3604 4501 Hanc

2016 4534 2166 4589 enim
2208 4534 2383 4604 ipsam
2426 4533 2499 4589 ob
2546 4548 2769 4589 causam
2815 4550 2918 4590 nos
2963 4543 3158 4591 contra
3190 4550 3290 4592 vos
3319 4536 3600 4593 dicimus:

2014 4640 2140 4681 cum
2175 4641 2275 4696 per
2303 4625 2524 4681 obviam
2559 4626 2930 4683 Providentiae
2959 4628 3304 4684 voluntatem
3336 4630 3493 4687 unita
3523 4631 3599 4686 sit

2015 4715 2169 4771 carni
2213 4714 2478 4771 divinitas
2526 4715 2630 4771 sub
2675 4716 2770 4772 iHo
2819 4726 3076 4788 respectu
3124 4733 3237 4789 quo
3273 4719 3510 4791 aliquam
3546 4720 3602 4776 in

2015 4805 2196 4876 seipsa
2222 4805 2635 4863 distinctionem
2667 4808 2929 4875 admittit,
2965 4809 3178 4865 scilicet
3202 4810 3509 4881 respective
3533 4812 3605 4866 ad

2016 4896 2397 4969 hypostasim:
2428 4898 2748 4954 fatebuntur
2775 4916 2969 4957 omnes
3002 4916 3121 4957 eam
3158 4918 3283 4958 cum
3305 4918 3470 4959 carne
3490 4919 3604 4959 non

2016 4990 2457 5045 communicasse
2496 4992 2805 5060 respective
2830 4992 2898 5047 ad
2936 5008 3091 5048 suam
3135 5002 3413 5059 naturam,
3444 4995 3602 5064 cujus

2017 5081 2236 5137 ratione
2284 5082 2494 5136 nullam
2549 5082 2790 5137 admittit
2820 5082 2880 5137 in
2930 5083 3111 5152 seipsa
3160 5082 3598 5138 distinctionem.

2016 5172 2174 5239 Quod
2222 5173 2269 5227 si
2312 5173 2661 5228 divinitatem
2705 5174 2760 5227 in
2813 5172 2995 5243 seipsa
3038 5172 3440 5229 consideratam
3485 5189 3601 5230 non

2018 5266 2433 5321 demonstratur
2473 5265 2886 5320 communicare
2933 5263 3037 5319 sub
3078 5264 3299 5318 duobus
3343 5266 3460 5320 suis
3515 5280 3603 5321 re-

2018 5359 2321 5429 spectibus,
2359 5358 2411 5413 id
2444 5365 2549 5424 est,
2600 5357 2706 5412 sub
2755 5367 3009 5427 respectu
3052 5364 3171 5412 tum
3220 5366 3453 5423 naturae.
3484 5366 3601 5412 tum

2017 5450 2379 5521 hypostaseos
2425 5448 2612 5517 (unum
2642 5448 2789 5502 enim
2831 5458 2915 5502 est
2956 5447 3059 5502 sub
3103 5448 3300 5519 priori,
3333 5451 3439 5503 tria
3468 5464 3603 5503 vero

2018 5539 2122 5594 sub
2155 5536 2473 5609 posteriori)
2502 5555 2515 5590 :
2547 5536 2827 5607 quomodo
2862 5537 2939 5592 illi
2974 5537 3068 5607 qui
3098 5538 3153 5595 in
3185 5553 3248 5593 ea
3279 5553 3406 5592 cum
3432 5552 3604 5593 carne

2019 5626 2187 5690 inest,
2233 5624 2339 5679 sub
2367 5624 2572 5693 duplici
2614 5632 2867 5694 respectu
2915 5626 3391 5681 communicabit?
3414 5627 3529 5682 Hoc
3556 5628 3606 5685 si

2018 5726 2186 5782 esset,
2222 5716 2342 5771 sola
2379 5731 2547 5771 carne
2595 5717 2803 5787 aliquid
2837 5718 3247 5787 quodammodo
3276 5733 3336 5773 se
3364 5718 3482 5788 ipsa
3519 5719 3609 5775 di~

2019 5808 2229 5873 vinius,
2277 5816 2336 5863 et
2387 5808 2715 5879 simplicius,
2766 5818 2824 5864 et
2871 5811 3234 5867 excellentius
3270 5812 3611 5868 ostendissrt

2021 5904 2302 5959 divinitas.
2355 5902 2423 5957 Et
2464 5902 2538 5958 ita
2584 5901 2809 5973 quidem
2840 5918 2897 5960 se
2931 5920 3020 5961 res
3064 5904 3292 5959 habent.
3333 5902 3610 5973 Quoniam

3154 5994 3263 6056 55*
