4116 6396
526 478 709 542 17C8°

1760 478 2071 539 LEONTII
2111 477 2517 536 BYZANTINI

3629 482 3803 547 1768d

528 610 682 656 vero,
714 592 785 646 ob
813 603 1265 663 argumentorum
1287 593 1674 656 subtilitatem,
1708 592 1865 645 vobis
1889 593 2117 644 fortasse

2228 608 2413 660 μενον,
2440 594 2910 664 παχυμερεστέρῳ
2940 593 3085 662 ὑμᾶς
3119 594 3405 662 ἐλεγκτέον
3437 595 3516 667 τῷ
3549 599 3808 665 παραδεί-

531 702 636 739 mm
666 693 797 738 sun-t
823 685 963 739 bene
1003 693 1132 739 nota
1160 702 1282 755 qua:
1314 686 1452 749 dixi,
1494 702 1581 739 res
1602 686 1759 740 vobis
1791 683 2119 739 elucidanda

529 788 615 831 cst
647 777 901 846 exemplo
932 776 1038 830 sub
1073 792 1271 831 sensus
1306 776 1482 848 magis
1510 778 1763 831 cadente.
1808 776 1952 846 lgnis
1976 776 2119 845 parti

530 884 657 939 pars
705 867 839 921 ferri
892 868 1270 937 conglutinata
1324 868 1732 938 quodammodo
1777 882 1944 921 unam
1990 882 2119 921 cum

528 963 622 1016 illa
655 960 823 1015 cﬂicit
868 961 1232 1031 bypostasim,
1282 976 1406 1029 quae
1454 961 1511 1015 in
1561 977 1662 1015 suo
1700 976 1822 1015 esse
1856 960 2019 1015 simul
2051 977 2119 1015 ex

529 1054 654 1121 igne
690 1061 747 1106 et
787 1050 936 1105 ferro
966 1053 1308 1122 completur:
1337 1060 1412 1117 et,
1442 1068 1568 1106 cum
1598 1051 1740 1122 ignis
1772 1058 1921 1106 totus
1955 1051 2011 1105 in
2051 1067 2116 1106 ea

532 1146 665 1200 insit
722 1147 935 1200 ratione
988 1160 1101 1199 sua:
1149 1153 1382 1209 naturae,
1433 1161 1636 1215 ergone
1677 1146 1833 1215 juxta
1873 1160 1973 1199 vos
2007 1144 2116 1200 dici

540 1239 743 1307 poterit
767 1238 877 1307 igni
913 1236 1122 1291 ferrum
1149 1252 1269 1291 esse
1299 1236 1813 1291 consubstantiale?
1844 1237 1899 1291 Si
1930 1244 2115 1291 autem

536 1329 671 1383 illud
733 1328 1089 1383 evidentibus
1141 1327 1577 1382 demonstratum
1632 1335 1718 1382 est
1766 1327 2114 1393 rationibus,

529 1419 783 1490 proinde,
819 1435 886 1473 ex
919 1418 1168 1473 omnium
1198 1416 1474 1481 confesso,
1499 1417 1650 1471 aliud
1690 1425 1774 1471 est
1804 1418 2116 1472 communi-

529 1515 673 1567 catio
720 1528 830 1582 qua
857 1512 1010 1565 varia
1036 1510 1171 1565 ferri
1205 1509 1361 1580 igniti
1386 1523 1618 1578 corpora
1656 1525 1845 1564 secum
1877 1510 2115 1565 invicem

530 1620 699 1659 unum
764 1603 1009 1657 elﬁciunt
1054 1602 1111 1655 in
1160 1600 1471 1671 hypostasi,
1525 1607 1581 1655 et
1626 1600 1777 1655 aliud
1824 1601 1956 1656 unio
2005 1616 2118 1672 qua

530 1711 702 1749 unum
732 1700 1030 1748 censentur
1061 1706 1188 1746 cum
1218 1690 1300 1744 eis
1325 1689 1530 1759 quibus
1559 1689 1996 1760 unumquodque
2023 1696 2110 1743 est

528 1784 1023 1843 consubstantialis
1070 1783 1127 1837 in
1169 1782 1450 1837 communi
1498 1792 1717 1836 natura.
1771 1781 1911 1852 Ergo
1961 1790 2114 1839 recte

527 1877 745 1933 dixistis
795 1876 1083 1931 Trinitatis
1115 1890 1236 1929 esse
1273 1888 1522 1937 carnem,
1564 1874 1681 1928 haec
1710 1874 1858 1928 enim
1892 1890 2000 1929 una
2030 1884 2115 1930 est

2226 700 2357 752 ματι
2378 699 2391 713 ·
2424 684 2547 736 ἑπεὶ
2564 686 2673 753 γὰρ
2703 686 2859 756 μέρει
2884 685 3055 756 πυρὸς
3084 685 3250 756 μέρος
3272 686 3497 757 σιδήρου
3523 689 3666 742 κατά
3688 705 3808 742 τινα

2223 774 2523 828 ὑπόστασιν
2552 776 2706 829 τοῦδέ
2732 794 2879 840 τινος
2928 778 3022 831 τοῦ
3072 778 3275 847 μύδρου
3308 780 3612 850 συνῆπται·
3639 781 3701 833 τὸ
3752 782 3810 835 δὲ

2221 860 2363 918 εἶναι
2392 865 2565 937 ταύτῃ
2594 868 2659 920 ἑκ
2684 868 2858 938 πυρός
2888 884 2946 920 τε
2973 869 3069 921 τοῦ
3092 869 3274 923 κοινοῦ
3305 871 3400 924 καὶ
3420 872 3642 942 σιδήρου
3665 872 3804 943 πληι-

2223 955 2415 1026 ροῦται
2445 974 2460 989 ·
2493 959 2616 1011 ἐπεὶ
2661 960 2722 1012 τὸ
2764 959 2876 1031 πῦρ
2910 960 3030 1013 ὅλον
3078 960 3257 1015 ἔνεστι
3299 962 3442 1015 κατά
3480 962 3579 1034 τὴν
3622 962 3807 1032 φύσιν,

2219 1049 2339 1113 πῶς
2384 1050 2485 1105 οὑκ
2543 1051 2699 1105 ἔσται
2739 1052 2920 1121 λέγειν
2965 1054 3060 1107 καὶ
3111 1053 3190 1125 τῷ
3245 1054 3381 1125 πυρὶ
3437 1055 3527 1109 τὸν
3592 1057 3809 1129 σίδηρον

2216 1141 2505 1213 ὁμοούσιον
2544 1145 2666 1199 καθ’
2692 1146 2869 1217 ὑμᾶς;
2893 1148 2958 1201 Ei
2992 1148 3050 1201 δὲ
3091 1148 3249 1202 τοῦτο
3280 1150 3548 1221 πρόδηλον
3581 1152 3694 1221 ἔχει
3719 1153 3810 1206 τὸν

2218 1236 2462 1306 ἔλεγχον,
2487 1236 2931 1309 ῶμολογημένως
2953 1239 3078 1295 καθ’
3111 1241 3308 1314 ἑτέραν
3337 1245 3627 1298 κοινωνίαν
3652 1245 3719 1299 τά
3747 1264 3808 1300 τε

2219 1324 2377 1391 ἑντῷ
2445 1325 2633 1397 μύδρῳ
2679 1327 2913 1395 σώματα
2960 1327 3197 1401 διάφορα
3235 1329 3298 1382 τὸ
3340 1329 3399 1384 ἓν
3440 1328 3578 1385 εἶναι
3627 1332 3810 1402 ἑχουσι

2220 1412 2316 1468 σὺν
2345 1413 2597 1485 ἀλλήλοις
2622 1416 2680 1468 ἑν
2696 1418 2763 1486 τῇ
2792 1416 3089 1471 ὑποστάσει
3113 1434 3128 1449 ο
3154 1420 3249 1473 καὶ
3267 1421 3394 1474 καθ’
3431 1421 3625 1489 ἑτέραν
3678 1423 3810 1476 ἒνω-

2220 1522 2307 1559 σιν
2329 1507 2492 1560 πάλιν
2515 1506 2573 1559 ἓν
2622 1510 2827 1562 νοεῖται
2854 1508 2979 1562 τάδε
3008 1511 3105 1564 σὺν
3141 1513 3257 1576 τοῖς
3288 1513 3497 1566 ἑαυτῶν
3547 1514 3811 1583 ἑκάτερον

2218 1599 2525 1667 ὁμοουσίοις
2556 1600 2614 1653 ὲν
2647 1603 2801 1670 κοινῇ
2843 1603 2913 1673 τῇ
2943 1600 3136 1671 φύσει·
3167 1603 3269 1674 τῆς
3296 1600 3390 1658 οὖν
3418 1605 3649 1676 Τριάδος
3674 1607 3811 1677 ἀλη-

2219 1690 2329 1753 θῶς
2351 1690 2517 1761 ἑφητε
2538 1691 2617 1744 ὅτι
2644 1691 2759 1745 ἑστι
2788 1693 2881 1745 καὶ
2917 1694 2948 1763 ή
2980 1694 3145 1765 σάρξ⁶
3200 1696 3331 1765 μιᾶς
3361 1695 3468 1768 γὰρ
3504 1696 3612 1749 τῶν
3642 1698 3811 1767 τριῶν

2221 1784 2613 1836 ὑποστάσεων·
2658 1784 2775 1837 ἀλλ’
2826 1785 2949 1856 οὐχὶ
2983 1785 3077 1839 καὶ
3123 1788 3224 1857 τῆς
3268 1788 3517 1859 μονάδος,
3566 1782 3611 1842 ὦ
3639 1783 3808 1851 οὗτοι,

2219 1875 2453 1946 πρώτως
2479 1876 2647 1947 ἠγουν
2674 1876 2862 1947 οίκείῳ
2887 1877 3031 1947 λόγῳ
3051 1918 3066 1932 .
3110 1878 3256 1932 Ἀλλ’
3280 1881 3314 1949 ή
3366 1881 3535 1951 Τριάς
3570 1881 3711 1934 κατά
3759 1898 3812 1933 τι

530 1968 703 2024 trium
744 1981 1133 2037 personarum.
1177 1964 1285 2020 Sed
1320 1965 1475 2036 (pace
1516 1974 1703 2019 vestra
1745 1964 1949 2034 dicam)
1982 1981 2112 2021 caro

2222 1937 2316 2022 καὶ
2352 1937 2538 2039 μονάς.
2577 1970 2765 2033 ἑστινν
2814 1937 3131 2039 ῐσωςνφατέ,
3151 1937 3314 2024 Ἀλλά
3346 1937 3466 2025 κατ’
3498 1937 3675 2025 έκεῖνο
3703 1972 3808 2026 οὑκ

524 2078 637 2117 non
676 2068 762 2115 est
788 2057 1040 2113 monadis
1068 2056 1332 2126 primario
1365 2072 1463 2110 seu
1496 2056 1548 2109 in
1570 2056 1794 2125 proprio
1829 2072 2016 2112 sensu.
2048 2089 2117 2101 ~—

524 2156 617 2220 At,
658 2152 844 2209 forsan
874 2149 1145 2221 inquitisc
1176 2149 1418 2203 Trinitas
1448 2148 1552 2203 sub
1585 2147 1826 2217 quodam
1859 2158 2114 2219 respectu

2222 2060 2368 2114 ἐστιν
2396 2061 2599 2128 ὁμοίως
2620 2064 2686 2132 τῇ
2713 2061 2905 2132 Τριάδι
2934 2062 3029 2115 καὶ
3050 2062 3219 2134 μονὰς
3239 2065 3274 2135 ἡ
3305 2063 3441 2135 σὰρξ
3472 2065 3569 2119 σὺν
3599 2065 3811 2133 αὑτοῖς,

2223 2153 2327 2205 ἀπε
2338 2151 2642 2221 ρίσκεπτοι.

524 2258 610 2303 est
647 2262 861 2301 monas.
885 2276 955 2284 —
978 2244 1182 2299 Verum
1230 2242 1334 2297 sub
1375 2242 1470 2296 illo
1496 2251 1754 2310 respectu
1784 2257 1978 2305 mouas
2008 2260 2120 2299 non
2153 2255 2241 2304 est
2310 2257 2451 2301 caro.
2478 2244 2677 2300 eodem
2716 2243 2883 2299 modo
2909 2259 2973 2301 ac
3032 2244 3290 2314 Trinitas,
3327 2244 3467 2302 heus
3497 2260 3597 2303 vos
3635 2243 3819 2300 medi-

530 2339 629 2392 tari
662 2337 949 2392 vobiscum
980 2335 1316 2389 nescientes.

1172 2447 1325 2502 CAP.
1380 2447 1470 2501 VI.

601 2539 659 2597 Si
713 2540 805 2594 ille
854 2554 991 2592 unus
1029 2538 1091 2591 de
1132 2537 1390 2592 Trinitate
1429 2552 1497 2591 ex
1525 2535 1817 2591 divinitate
1854 2545 1911 2591 et
1949 2548 2117 2590 carne

527 2633 899 2703 compleatur,
933 2628 1291 2699 impassibilis
1315 2644 1447 2682 vero
1470 2628 1717 2683 Trinitas
1762 2636 2114 2698 agnoscatur,

527 2722 808 2794 quomodo
836 2738 948 2776 non
975 2721 1083 2775 erit
1115 2719 1494 2789 impassibilis,
1534 2734 1659 2773 cum
1692 2718 1973 2781 divinitas,
2002 2726 2118 2772 tum

529 2815 706 2870 caro?
737 2814 793 2869 Si
826 2821 1012 2867 autem
1048 2809 1409 2880 impassibilis
1448 2819 1680 2879 utraque
1713 2809 1961 2879 sit,~quis
1991 2824 2119 2879 pas-

528 2923 625 2964 sus
676 2915 762 2961 est
803 2920 904 2975 pro
947 2904 1155 2959 nobis?
1193 2902 1327 2972 quid
1363 2901 1653 2956 dicebatur
1690 2901 1951 2971 passibile
1991 2910 2120 2955 ante

528 2997 1045 3055 resurrectionem?
1096 2996 1271 3050 Nemo
1325 2994 1483 3048 vobis
1534 2993 1772 3048 asseruit
1824 3008 1997 3046 unum
2052 2992 2121 3047 de

530 3088 805 3145 Trinitate
856 3102 923 3141 ex
972 3085 1263 3139 divinitate
1313 3091 1369 3137 et
1416 3097 1583 3137 carne
1648 3083 1917 3152 compleri
1964 3083 2122 3153 juxta

2828 2442 3083 2496 ΚΕΦΔΛ.
3118 2444 3209 2511 εῖν.

2297 2534 2361 2587 Εί
2411 2534 2474 2587 τὸ
2510 2530 2599 2600 εἷς
2640 2533 2753 2603 τῆς
2791 2533 3033 2603 Τριάδος
3082 2534 3148 2588 ἑκ
3191 2534 3443 2605 θεότητος
3483 2536 3577 2592 καὶ
3611 2540 3817 2609 σαρκὸς

2224 2624 2670 2696 ἀναπληροῦται·
2706 2623 2927 2695 ἀπαθὴς
2955 2624 3012 2678 δὲ
3040 2625 3075 2696 ἠ
3101 2624 3272 2696 Τριάς
3299 2625 3681 2696 ὡμολόγηται,
3694 2629 3821 2692 πῶς

2224 2717 2327 2768 οὐκ
2359 2715 2512 2768 ἔσται
2564 2714 2785 2786 ἀπαθὴς
2825 2717 2860 2785 ὴ
2893 2715 3086 2785 θεότης
3117 2716 3213 2769 καὶ
3245 2716 3470 2787 ἠσάρξ;
3501 2720 3550 2771 εί
3576 2719 3633 2772 δὲ
3665 2720 3817 2774 ἀπα-

2223 2808 2340 2878 θὴς,
2394 2809 2479 2872 τίς
2517 2811 2545 2862 6
2576 2808 2766 2862 παθὼν
2797 2808 2939 2879 ὑπὲρ
2972 2807 3167 2879 ἡμῶνς
3199 2810 3293 2863 καὶ
3325 2810 3377 2862 τί
3406 2810 3467 2863 τὸ
3519 2809 3817 2882 λεγόμενον

2221 2901 2468 2970 παθητὸν
2514 2900 2621 2970 πρὸ
2671 2899 2775 2969 τῆς
2837 2900 3224 2966 ἀναστάσεως;
3257 2901 3399 2954 Ἀλλ’
3453 2901 3629 2966 οὐδεὶς
3685 2904 3817 2973 ὑμῖν

2222 2990 2670 3062 ἀναπληροῦσθαι
2687 2992 2752 3044 ἐκ
2782 2991 3039 3059 θεότητος
3059 2990 3154 3043 καὶ
3178 2991 3379 3062 σαρκὸς
3402 2994 3542 3045 κατά
3554 2994 3652 3061 τὴν
3678 2994 3707 3045 ὑ
3716 3011 3819 3064 με-

2220 3084 2387 3153 τέραν
2415 3082 2643 3152 ἑκληψιν
2672 3082 2871 3136 δέδωκε
2897 3081 2990 3136 τὸν
3020 3082 3118 3136 ἕνα
3152 3082 3251 3153 τῆς
3274 3082 3504 3153 Τριάδος
3522 3100 3535 3115 ·
3559 3083 3681 3136 οὑδὲ
3705 3084 3819 3152 γὰρ

528 3190 771 3235 vestram
808 3176 1345 3247 interpretationem.
1392 3175 1586 3245 Neque
1630 3175 1780 3230 enim
1832 3174 2117 3230 divinitate

2226 3174 2299 3238 ὡς
2332 3173 2585 3237 ἑλλιποῦς
2619 3174 2773 3237 ὄντος
2817 3171 2912 3226 τοῦ
2962 3173 3141 3242 Λόγου
3185 3174 3285 3245 τῆς
3349 3174 3604 3245 θεότητος
3646 3176 3709 3229 ἑν
3736 3175 3819 3247 τῷ

532 3270 755 3326 carebat
784 3268 1030 3324 Verbum
1056 3267 1114 3321 in
1139 3267 1301 3332 Filio,
1337 3266 1570 3331 ratione,
1600 3274 1713 3320 tum
1740 3273 1972 3331 naturae,
2000 3274 2118 3321 tum

533 3361 913 3431 hypostaseos,
946 3372 1129 3426 neque
1163 3354 1473 3425 respective
1512 3354 1581 3409 ad
1623 3353 1947 3408 Trinitatem
1989 3370 2117 3425 per-

532 3465 797 3506 sonarum
850 3448 938 3502 vel
992 3448 1059 3502 ad
1122 3447 1390 3503 unitatem
1452 3455 1666 3501 naturae
1722 3446 2117 3516 incompletum

532 3553 655 3599 erat
708 3542 949 3599 Verbum
996 3541 1053 3595 in
1087 3540 1271 3610 seipso
1310 3539 1430 3594 sine
1466 3554 1634 3593 carne
1681 3537 2115 3604 consideratum,

534 3642 829 3703 antequam
875 3646 1005 3685 caro
1046 3631 1113 3685 ab
1144 3630 1263 3700 ipso
1297 3638 1694 3692 assumeretur,
1742 3626 1957 3697 ipsique
1994 3643 2120 3697 pas-

533 3725 715 3781 sibilis
751 3721 1079 3793 impassibili
1124 3719 1468 3792 hypostatice
1514 3718 1792 3772 uniretur.
1827 3717 1946 3772 Non
1970 3718 2117 3772 enim

535 3817 604 3872 ad
654 3815 1051 3887 perfectionem
1092 3814 1182 3869 vel
1222 3811 1688 3881 complementum
1741 3810 2120 3880 assumptione

534 3908 810 3979 passionis
856 3916 915 3961 et
961 3904 1240 3976 passibilis
1286 3904 1399 3958 Deo
1446 3912 1587 3972 Opus
1615 3910 1755 3958 crat.
1786 3904 1883 3968 Ac,
1915 3901 2029 3955 sive
2061 3902 2119 3956 in

535 3998 984 4069 impassibilitate
1028 4012 1140 4067 qua
1186 3995 1459 4067 gaudebat
1501 4002 1559 4050 et
1599 4002 1727 4048 ante
1774 4002 1831 4047 et
1866 4003 1990 4064 post
2031 3991 2120 4047 in-

535 4087 936 4151 carnationem,
968 4086 1087 4141 sive
1118 4085 1174 4139 in
1206 4083 1391 4139 carnis
1422 4082 1774 4154 passionibus
1800 4082 2120 4137 considere-

536 4188 627 4234 tur
659 4179 925 4244 Verbum,
961 4176 1109 4231 idem
1139 4192 1269 4232 vere
1298 4176 1629 4231 ostenditur.
1658 4174 1728 4229 At
1759 4174 1987 4229 minime
2015 4189 2119 4230 nos

534 4287 605 4326 ex
649 4269 739 4324 his
783 4283 907 4338 quae
950 4276 1069 4321 tum
1116 4274 1245 4321 ante
1289 4265 1724 4320 incarnationem
1764 4264 1955 4329 Verbi,
2002 4272 2120 4318 tum

536 4371 661 4435 post
689 4361 874 4415 carnis
921 4361 1042 4431 ejus
1084 4360 1552 4415 resurrectionem
1583 4357 1930 4422 admisimus,
1958 4372 2118 4411 revo-

534 4454 675 4511 catis
704 4452 943 4508 dicendo
990 4451 1317 4521 simpliciter
1356 4450 1753 4521 impassibilem
1783 4464 1903 4504 esse
1931 4448 2117 4503 Trini-

2224 3265 2339 3336 Υἱῴ
2362 3265 2502 3320 κατὰ
2530 3265 2693 3334 φύσιν
2738 3264 2771 3335 ἢ
2816 3265 3134 3333 ὑπόστασιν,
3176 3266 3270 3319 καὶ
3301 3267 3380 3330 είς
3403 3266 3497 3319 τὸν
3517 3267 3615 3336 τῆς
3644 3284 3816 3338 προσ-

2226 3358 2443 3428 ωπικῆς
2468 3357 2697 3429 Τριάδος
2719 3356 2976 3427 ἀριθμὸν,
2998 3357 3032 3427 ἢ
3060 3356 3162 3427 τῆς
3192 3358 3426 3429 φυσικῆς
3456 3359 3703 3429 μονάδος,
3735 3360 3815 3430 μὴ

2226 3448 2607 3512 συντελοῦντος
2636 3448 2728 3502 τοῦ
2755 3448 2934 3517 Λόγου
2982 3449 3143 3518 μόνον
3174 3449 3297 3504 καθ’
3332 3451 3496 3504 αὑτὸν
3528 3451 3813 3522 ἀσάρκως,

2223 3543 2258 3611 ἡ
2290 3542 2586 3610 πρόσθεσις
2603 3541 2702 3610 τῆς
2744 3541 2952 3611 σαρκὸς
2977 3541 3129 3612 αὑτῷ
3162 3541 3584 3611 προσείληπται,
3616 3543 3814 3594 ἑνυπο-

2226 3630 2398 3681 στᾶσα
2432 3628 2722 3699 τῷάπαθεί
2752 3629 2903 3701 αὐτῷ
2921 3632 2955 3701 ή
2986 3628 3237 3701 παθητὴ·
3263 3630 3325 3683 οὑ
3349 3630 3457 3702 γὰρ
3487 3632 3569 3693 είς
3593 3630 3817 3684 τελείω-

2225 3736 2310 3773 σιν
2337 3721 2433 3774 ml.
2455 3720 2738 3792 πλήρωσιν
2769 3722 2890 3794 Θεῷ
2905 3721 3110 3786 πάθους
3132 3724 3229 3776 καὶ
3255 3721 3499 3793 παθητοῦ
3522 3723 3816 3791 ἐπίκτησις

2223 3810 2415 3881 χρεία·
2450 3810 2546 3863 καὶ
2572 3810 2641 3863 τὰ
2672 3811 2802 3879 γοῦν
2816 3811 2916 3881 τῆς
2945 3810 3053 3881 πρὸ
3084 3809 3287 3880 σαρκὸς
3320 3810 3417 3863 καὶ
3450 3808 3591 3879 μετά
3629 3810 3816 3878 σάρκα

2226 3900 2499 3964 ἀπαθείας
2529 3901 2693 3954 αὑτοῦ
2730 3904 2757 3955 6
2778 3902 2972 3970 Λόγος,
2998 3901 3093 3955 καὶ
3118 3902 3187 3954 τὰ
3216 3900 3315 3971 τῆς
3334 3900 3532 3971 σαρκὸς
3560 3900 3613 3953 δὲ
3642 3899 3821 3954 αὑτοῦ

2225 3994 2400 4063 πάθη,
2430 3996 2459 4048 ὁ
2488 3994 2652 4057 αὐτὸς
2678 3994 2897 4065 ἀληθῶς
2928 3994 3324 4047 ἐπιδείκνυται·
3360 3992 3495 4045 ἀλλά
3542 3993 3821 4062 μηδαμῶς

2225 4084 2370 4155 ἡμᾶς
2391 4085 2455 4137 ἑκ
2480 4083 2591 4138 τῶν
2621 4084 2728 4155 πρὸ
2774 4084 2875 4154 τῆς
2907 4082 3237 4155 σαρκώσεως
3282 4082 3376 4135 τοῦ
3418 4082 3612 4150 Λόγου,
3639 4084 3673 4153 ἢ
3702 4083 3822 4136 τῶν

2228 4176 2369 4247 μετά
2397 4174 2494 4247 τὴν
2519 4175 2819 4229 ἀνάστασιν
2835 4175 2935 4246 τῆς
2963 4173 3165 4245 σαρκὸς
3189 4173 3353 4226 αὑτοῦ
3373 4173 3825 4244 ὡμολογημένων

2229 4266 2611 4335 συναρπάζετε
2655 4266 2908 4335 λέγοντες
2959 4264 3146 4327 ἁπλῶς
3195 4265 3277 4318 ὅτι
3327 4263 3545 4334 ἀπαθὴς
3590 4265 3624 4334 ἡ
3678 4265 3827 4332 ἀγίςι

2225 4357 2399 4429 Τριάς
2414 4375 2427 4389 ο
2456 4356 2705 4429 φανερῶς
2721 4356 2831 4428 γὰρ
2854 4357 2983 4427 ὑμῖν
3006 4355 3122 4409 τόδε
3140 4354 3533 4424 ὁμολογοῦμεν,
3563 4354 3645 4407 ὅτι
3668 4356 3826 4409 κατά

2225 4449 2317 4501 τὸν
2348 4448 2540 4519 καιρὸν
2582 4447 2680 4519 τὴς
2721 4447 2991 4517 ἑνσάρκου
3037 4444 3335 4515 ἐπιδημίας
3383 4445 3476 4496 τοῦ
3503 4444 3676 4511 Λόγου
3720 4446 3829 4498 ἐπὶ

535 4552 708 4598 latent
736 4561 749 4597 :
789 4542 935 4597 clare
984 4540 1133 4595 enim
1167 4540 1494 4610 proﬁtemur
1518 4548 1574 4594 et
1602 4554 1724 4604 nos,
1751 4554 1819 4593 ex
1845 4554 1956 4609 quo
1985 4538 2117 4592 Ver-

2224 4540 2327 4609 γῆς
2352 4538 2543 4609 ὥσπερ
2573 4539 2673 4591 οὑκ
2720 4538 2964 4608 ἄσαρκος
2991 4531 3059 4608 ἦν
3090 4536 3240 4589 πᾶσα
3277 4536 3311 4605 ἡ
3344 4535 3475 4604 ἁγία
3506 4534 3677 4604 Τριάς
3703 4536 3829 4588 τῶν

533 4632 668 4687 bum
717 4645 846 4686 caro
891 4630 1097 4684 factum
1149 4628 1417 4684 habitavit
1464 4630 1533 4683 in'
1579 4628 1767 4692 terris,
1818 4628 1963 4682 sicut
2011 4642 2124 4680 non

533 4721 654 4777 sine
701 4698 869 4775 carne
915 4719 1022 4773 fuit
1064 4718 1328 4773 universa
1363 4733 1725 4789 personarum
1756 4716 2021 4782 Trinitas,
2050 4716 2125 4769 ita

531 4828 638 4869 nec
671 4810 1073 4882 impassibilem
1119 4810 1289 4865 fuisse
1334 4825 1553 4865 onmem
1600 4809 1767 4880 hujus
1807 4825 2122 4879 personam,

531 4907 663 4979 quia
696 4904 979 4978 passibilis
1018 4911 1103 4960 est
1132 4901 1360 4967 Christi,
1405 4902 1560 4973 juxta
1589 4899 1726 4955 illud
1775 4900 1950 4956 sancti
1993 4915 2125 4969 apo-

530 5000 659 5055 stoli
704 4998 981 5054 dicentis:
1022 5014 1040 5048 ι
1078 4995 1147 5049 Ει
1175 4993 1391 5065 primus
1429 5009 1497 5048 ex
1528 4992 1940 5048 resurrectione
1966 5007 2116 5046 mor-

530 5103 753 5147 tuorum
774 5093 821 5145 b.
864 5110 882 5144 ι
921 5091 1022 5147 llic
1048 5090 1197 5145 enim
1227 5096 1312 5144 est
1335 5088 1516 5160 ipsum
1545 5086 1791 5142 Verbum
1815 5085 1963 5156 quod
1995 5094 2117 5140 erat

529 5182 587 5237 in
614 5182 911 5253 principio.
943 5178 1309 5251 lmpassibilis
1330 5193 1461 5233 vero
1483 5185 1569 5233 est
1594 5176 1802 5242 divina,
1832 5186 1949 5229 tum
1972 5177 2112 5247 ejus,

530 5282 649 5329 tum
689 5274 890 5339 Patris,
928 5282 1043 5328 tum
1072 5271 1316 5343 Spiritus
1354 5269 1530 5325 sancti
1572 5278 1792 5333 natura,
1839 5283 1960 5337 quae
1997 5268 2114 5323 sive

2224 4632 2596 4696 ὑποστάσεων,
2622 4629 2794 4692 οὑτως
2828 4630 2951 4683 οὑδὲ
2973 4628 3190 4699 ἀπαθὴς
3211 4624 3278 4700 ἦν
3308 4628 3458 4680 πᾶσα
3482 4626 3652 4695 αὐτῆς
3674 4628 3832 4681 ὑπό-

2226 4740 2434 4788 στασις,
2470 4724 2517 4776 εί
2571 4721 2813 4791 παθητὸς
2869 4723 2897 4775 6
2946 4721 3184 4792 Χριστὸς
3237 4720 3381 4775 κατά
3414 4720 3503 4772 τὸν
3557 4721 3831 4789 φήσαντα

2224 4813 2400 4882 ἅγιον,
2443 4831 2461 4865 ι
2493 4814 2588 4868 καὶ
2612 4814 2828 4885 πρῶτος
2850 4812 2911 4877 ὲξ
2936 4812 3284 4875 ἀναστάσεως
3308 4811 3517 4882 νεκρῶν
3535 4825 3551 4842 ·
3580 4829 3599 4861 ι
3653 4806 3831 4876 οὗτος

2223 4906 2332 4976 γάρ
2356 4907 2473 4959 ἑστι
2503 4907 2598 4959 καὶ
2625 4908 2653 4960 6
2685 4906 2856 4975 Λόγος
2881 4904 3043 4968 αὐτὸς
3071 4905 3099 4956 6
3126 4904 3185 4957 ὲν
3216 4904 3360 4975 ἀρχῆ
3378 4921 3392 4934 ⁸
3428 4902 3640 4973 ἀπαθὴς
3664 4904 3734 4957 δὲ
3753 4906 3833 4959 ἂν

2223 4998 2258 5067 ἡ
2282 4996 2403 5050 θεία
2448 4997 2611 5067 φύσις
2666 4999 2785 5051 ἐστὶ
2819 4996 2985 5051 αὑτοῦ
3021 5014 3083 5050 τε
3111 4998 3205 5050 καὶ
3232 4996 3326 5049 τοῦ
3357 4995 3562 5064 ἀγαθοῦ
3591 4997 3833 5069 Πατρός

2223 5088 2433 5141 καὶτοῦ
2465 5088 2623 5158 ἁγίου
2657 5089 2979 5158 Πνεύματος
3013 5088 3203 5153 αὑτοῦ,
3247 5088 3368 5157 ἥτις
3398 5090 3455 5141 ὲν
3486 5087 3727 5159 ἀσάρκῳ
3761 5106 3833 5143 τε

2224 5178 2319 5231 καὶ
2350 5180 2749 5251 σεσαρκωμὲνῃ
2772 5184 2837 5250 τῇ
2871 5180 3009 5251 αὑτῇ
3034 5178 3331 5233 ὑποστάσει
3361 5179 3458 5231 τοῦ
3494 5178 3674 5247 Λόγου
3715 5181 3833 5253 τῆς

2222 5269 2479 5340 ἀληθείας
2517 5271 2665 5324 ἔστιν
2687 5272 2792 5326 ἀεί.

530 5375 657 5421 ante
678 5366 792 5421 sive
841 5372 965 5437 post
1010 5362 1474 5431 incarnationem,
1519 5362 1576 5416 in
1622 5360 1819 5416 eadem
1848 5376 2085 5430 persona
2114 5361 2279 5419 Verbi
2306 5363 2554 5419 veritatis
2578 5379 2752 5434 usque
2779 5372 2982 5419 manet.

1165 5476 1317 5532 CAP.
1356 5476 1469 5532 VlI.

603 5594 661 5649 Si
692 5593 785 5648 ille
818 5610 955 5647 unus
990 5592 1053 5646 de
1088 5591 1345 5646 Tn’m’tate
1369 5605 1436 5645 ex
1468 5588 1673 5645 deitate
1696 5598 1752 5644 et
1778 5604 1941 5643 carne
1963 5603 2111 5643 com-

531 5685 771 5753 pleatur,
796 5684 1074 5752 quomodo
1108 5698 1221 5738 non
1265 5683 1374 5737 erit
1415 5682 1507 5736 ille
1541 5695 1685 5734 unus
1714 5679 1784 5734 de
1816 5680 2107 5746 Trinitatc,

530 5776 676 5833 sicut
722 5774 886 5841 Deus,
935 5775 1010 5829 ita
1053 5783 1111 5831 et
1155 5774 1364 5830 homo?
1400 5780 1457 5829 et
1494 5773 1541 5829 si
1570 5773 1673 5828 hoc
1695 5781 1799 5839 est,
1830 5772 2107 5843 quomodo

606 5913 636 5955 δ
666 5913 878 5969 Coloss.
907 5930 946 5980 ι,
982 5913 1065 5968 18.

2825 5477 3071 5533 ΚΕΦΑΛ.
3125 5480 3201 5532 Z'.

2292 5588 2356 5640 Εί
2384 5589 2443 5641 τὸ
2475 5583 2562 5654 εἷς
2592 5586 2704 5657 τῆς
2743 5589 2988 5656 Τριάδος
3038 5590 3101 5642 ἑκ
3155 5590 3407 5661 θεότητος
3445 5591 3542 5645 καὶ
3598 5596 3829 5666 σαρκὸς

2218 5681 2655 5754 ἀναπληροῦται,
2712 5681 2829 5745 πῶς
2856 5684 2956 5735 οὑκ
3009 5683 3161 5736 ἔσται
3211 5680 3347 5746 ὑεῖς
3394 5686 3494 5754 τῆς
3547 5684 3825 5753 Τριάδος,

2218 5770 2406 5844 ὥσπερ
2433 5772 2567 5837 Θεὸς
2590 5772 2763 5837 οὑτως
2794 5774 2890 5829 καὶ
2932 5775 3240 5845 ἄνθρωπος,
3270 5775 3365 5829 καὶ
3392 5775 3693 5844 ὑμοοὺσιος
3721 5781 3826 5833 καὶ
