4116 6438
384 375 524 442 1763
551 388 574 416 °

1307 390 1706 453 ADVERSUS
1745 392 2293 458 NESTDRIANOS.
2321 423 2391 434 --
2419 399 2565 461 LIB.
2607 400 2736 461 VII.

3455 395 3593 460 1768
3629 392 3646 432 ί

379 513 446 580 τῇ
473 511 688 582 Μητρί;
741 515 838 568 καὶ
876 517 928 568 εἰ
984 517 1163 584 τοῦτο,
1215 518 1338 583 πῶς
1389 523 1489 576 οὑκ
1515 523 1666 578 ἔσται
1695 527 1722 578 6
1752 521 1832 589 εἷς
1866 526 1961 595 τῆς

2072 523 2182 561 non
2213 507 2323 562 erit
2354 507 2445 562 ille
2483 524 2626 562 unus
2657 508 2726 561 de
2757 505 3047 569 Trinitatc,
3080 503 3224 560 sicut
3261 519 3406 557 unus
3431 502 3498 558 de
3528 503 3657 557 Tri~

381 603 613 674 Τριάδος
654 603 845 678 ὥσπερ
872 605 954 672 εἷς
1008 611 1108 680 τῆς
1140 613 1390 682 Τριάδος,
1432 615 1602 682 ὅντως
1634 619 1730 672 καὶ
1759 614 1840 682 εἷς
1872 621 1970 691 τῆς

381 693 731 765 ἀνθρωπείας
781 697 1019 767 φύσεως,
1053 700 1134 755 ἔτι
1171 703 1228 755 δὲ
1264 704 1362 775 τῆς
1395 707 1650 776 Τριάδος,
1684 710 1781 761 καὶ
1825 711 1971 763 κατά

381 788 634 856 θεότητα,
680 793 776 845 καὶ
813 794 954 848 κατὰ
1006 796 1104 868 τὴν
1158 799 1370 870 σάρκας
1411 803 1530 867 πῶς
1555 804 1647 858 οὖν
1673 807 1774 858 οὑκ
1815 806 1970 859 ἔσται

380 878 475 930 καὶ
525 878 626 948 τῆς
667 881 1013 950 ανθρωπείας
1073 885 1308 953 φύσεως,
1346 891 1460 963 ικει).
1532 895 1677 948 κατὰ
1737 895 1970 970 θεότητα

380 971 474 1023 καὶ⁸
531 972 673 1024 κατὰ
729 974 947 1043 σάρκα;
1003 976 1149 1031 Ἀλλ’
1192 981 1292 1052 ἤδη
1343 983 1560 1056 εἴρηται
1624 989 1726 1058 μὲν
1752 990 1828 1055 ὡς
1869 998 1968 1052 οὐκ

379 1063 462 1125 εἰς
511 1063 573 1116 τὺ
639 1065 842 1119 τέλειον
895 1068 1186 1136 ὲλλιποῢς·
1239 1075 1270 1145 ἢ
1324 1080 1406 1142 εἰς
1478 1081 1540 1134 τὸ
1599 1080 1740 1139 εἶναι
1808 1089 1836 1141 ὃ
1900 1089 1967 1147 ἦν

377 1155 408 1206 6
453 1155 648 1255 ,Λόγος
713 1160 778 1212 ὲκ
844 1160 944 1230 τῆς
1008 1165 1208 1234 σαρκὸς
1265 1169 1699 1241 ἀναπληροῦται·
1753 1175 1819 1248 ἧν
1859 1135 1968 1255 γὲίρ

379 1243 612 1340 καλ-πρὸ
667 1248 870 1317 σαρκὸς
924 1251 1151 1317 τέλειος,
1210 1250 1289 1320 εἷς
1318 1260 1415 1328 τῆς
1477 1265 1638 1332 ἁγίας
1690 1243 1963 1340 Τριάδοςό

378 1335 515 1428 αλλὰ
541 1339 881 1395 τούναντίον·
913 1341 995 1408 εἷς
1024 1347 1084 1402 τὸ
1111 1350 1209 1402 καὶ
1255 1353 1354 1423 τὴν
1386 1355 1460 1419 ὡς
1493 1361 1633 1428 πρὸς
1667 1335 1802 1415 Θεὸν
1836 1335 1965 1420 ἀτε-

378 1426 522 1528 λειον
553 1430 736 1501 σάρκα
774 1436 1001 1506 ποιῆσαι
1045 1439 1140 1494 τοῦ
1173 1443 1292 1508 ἐνὸς
1313 1443 1582 1502 εἶναιτῶν
1615 1452 1838 1508 τελείων
1865 1458 1966 1528 τῆς

378 1520 540 1618 ἀγίας
568 1523 798 1618 Τριάδος
829 1529 997 1598 ἤγουν
1035 1532 1257 1598 ἑαυτοῦ,
1298 1539 1388 1591 καὶ
1417 1544 1516 1609 τῆς
1552 1545 1760 1611 οἰκείας
1793 1520 1962 1618 μετάζ

375 1610 580 1712 λαθεῖνΔ
623 1615 997 1689 τελειότητος⁶
1025 1625 1120 1678 καὶ
1156 1627 1294 1696 μετά
1326 1625 1419 1684 οὖν
1467 1635 1567 1704 τῆν
1617 1637 1715 1708 τῆς
1763 1610 1966 1712 σαρκὸς

375 1705 647 1776 ἀνάληψιν
691 1711 894 1780 ὁμοίως
933 1714 1099 1769 πάλιν
1125 1719 1222 1772 σὺν
1257 1721 1394 1793 αὑτῇ
1423 1726 1452 1776 6
1499 1705 1694 1794 Λόγος,
1726 1727 1808 1795 εἷς
1838 1705 1963 1790 ἐστὶ

375 1799 476 1900 τῇς
511 1798 945 1900 ἀγίριςΤρ-ιάδος,
977 1810 1026 1860 εἰ
1052 1810 1144 1862 καὶ
1172 1811 1360 1885 ὥσπερ
1387 1815 1520 1881 Θεὸς
1548 1815 1629 1884 εἷς
1651 1824 1801 1878 ἐστιν
1825 1827 1963 1900 άλη-

377 1887 508 1992 θιῖις,
538 1892 1054 1992 καὶ-ὠςᾳόμοούσιος
1099 1904 1179 1974 τῷ
1217 1908 1415 1979 Πατρὶ,
1443 1911 1731 1982 όμοούσιος
1751 1921 1816 1990 τῇ
1853 1887 1959 1992 μη-

380 1981 490 2075 τρι,
527 1986 671 2038 κατά
705 1987 765 2038 τὸ
819 1989 1099 2062 ἑκατέροις
1143 1996 1439 2067 ἀναλογοῦν
1480 1981 1816 2075 γόμοούσιονιί
1853 1981 1960 2068 ’κάὶ

371 2074 552 2138 τοῦτο,
587 2077 647 2130 οὑ
685 2079 826 2134 κατά
854 2082 953 2154 τὴν
975 2086 1143 2156 αὑτὴν
1169 2090 1280 2144 τῶν
1313 2094 1370 2146 ὲν
1396 2096 1546 2168 αὑτῷ
1579 2100 1822 2168 φύσεων·
1864 2111 1961 2162 καὶ⁹

370 2169 547 2266 ταῦτα
603 2169 701 2238 μὲν
745 2171 950 2236 οὕτως’
1001 2175 1067 2230 τὰ
1087 2177 1143 2230 δὲ
1176 2181 1532 2252 ἀπεντεῦθεν,
1579 2193 1785 2258 σκαιῶς
1829 2196 1958 2266 ὑμῖν

371 2255 495 2354 ἀντὶ
528 2258 890 2354 ὑποστάσεως
926 2267 1025 2321 sitv
1065 2270 1228 2338 φύσιν
1275 2278 1602 2347 παρεισάγει
1643 2255 1804 2354 ἡμῖν’
1841 2255 1960 2342 δεον

371 2347 481 2418 γὰρ
519 2350 662 2420 ὑμᾶς
692 2354 1004 2423 ἀκολούθως
1049 2363 1375 2432 ἐπαγαγεῖν,
1418 2369 1504 2422 ἵνα
1549 2347 1716 2442 μηδὲν
1757 2377 1960 2434 ἄτοπον

372 2446 675 2512 φανήσεται
714 2446 920 2513 οὕτως’
955 2455 1050 2506 καὶ
1089 2458 1139 2509 εί
1169 2456 1360 2530 ὥσπερ
1391 2457 1472 2527 εἷς
1501 2465 1668 2536 ἤγουν
1705 2471 1802 2538 μία
1829 2473 1961 2526 ὑπό-

372 2548 562 2630 στασις
610 2541 719 2590 τῶν
757 2541 925 2611 τριῶν
976 2544 1329 2605 ὑποστάσεων
1374 2553 1477 2624 τῆς
1545 2556 1697 2623 θείας
1743 2562 1959 2630 φύσεώς

371 2622 508 2687 ἐστι,
547 2624 722 2690 οὕτως
760 2631 854 2683 καὶ
894 2626 976 2696 εἷς
1028 2637 1197 2706 ἧγουν
1231 2640 1328 2709 μία
1366 2643 1664 2712 ὑπόστασις
1695 2622 1806 2704 των
1833 2622 1962 2708 πυλ;

369 2713 617 2820 λ’ὦνὶἦς
668 2720 1016 2820 ἀνθρωπίνης
1063 2729 1280 2796 φύσεώς
1308 2735 1444 2788 ἐστι’
1488 2738 1688 2794 ἔστιδὲ
1726 2745 1826 2815 μία
1861 2750 1960 2820 τῆς

372 2807 601 2906 Ἰῖριάὸος
653 2813 764 2865 τῶν
813 2816 1167 2874 ὑποστάσεων
1203 2825 1322 2878 καθ’
1359 2828 1656 2886 ὑπόστασιν
1683 2807 1781 2906 την
1818 2807 1959 2895 κατά

371 2896 470 2992 την
509 2898 744 2992 θεότητά
795 2921 852 2957 τε
911 2908 1006 2960 καὶ
1059 2910 1478 2986 ἀνθρωπότητα,
1535 2918 1688 2974 ἔσται
1717 2896 1826 2992 άρα
1865 2929 1959 2980 καὶ

376 2987 475 3058 μία
523 2991 630 3044 τῶν
688 2994 1045 3051 ὑποστάσεων
1078 3001 1178 3071 τῆς
1210 3003 1632 3078 ἀνθρωπότητος
1658 2987 1781 3067 καθ’
1826 3018 1959 3071 υπό-

375 3097 566 3136 στασιν
607 3086 707 3156 τὴν
746 3088 891 3142 κατὰ
934 3090 1167 3163 θεότητά
1195 3113 1254 3148 τε
1294 3099 1388 3152 καὶ
1429 3101 1825 3176 ἀνθρωπότητα
1853 3125 1865 3140 ο
1898 3111 1957 3164 ὲν

2073 603 2274 668 nitate,
2314 603 2390 657 ita
2433 612 2488 657 et
2525 619 2668 656 unus
2700 602 2769 656 de
2806 613 3003 656 natura
3039 599 3320 654 humana?
3351 597 3579 660 lterum,
3610 595 3657 650 si

2073 696 2146 751 sit
2199 696 2266 749 de
2303 696 2573 750 Trinitate
2619 703 2674 748 et
2722 693 2931 747 ratione
2979 690 3289 745 divinitatis
3335 698 3391 744 ει
3441 689 3658 743 ratione

2071 787 2274 849 carnis,
2309 787 2588 857 quomodo
2616 802 2723 840 non
2754 785 2861 838 erit
2890 784 2958 838 de
2989 793 3187 837 natura
3216 783 3458 836 humana
3483 789 3540 835 et
3563 796 3654 834 ra-

2073 881 2221 935 tione
2251 879 2558 935 divinitatis
2587 888 2640 933 et
2668 879 2877 933 ratione
2907 876 3129 931 carnis?
3155 875 3223 930 Ut
3250 890 3415 944 supra
3442 873 3653 928 dictum

2070 983 2174 1039 est,
2221 989 2330 1027 non
2377 989 2444 1028 eo
2498 989 2661 1027 sensu
2713 971 2952 1026 Verbum
2997 985 3065 1023 ex
3107 983 3272 1022 carne
3314 965 3651 1035 completum

2068 1074 2174 1129 est,
2201 1065 2347 1134 quod
2377 1064 2773 1134 perfectionem
2799 1078 2907 1131 qua
2938 1061 3165 1116 carebat
3195 1057 3536 1128 acquisierit,
3563 1054 3652 1110 vel

2070 1154 2274 1209 facttun
2317 1155 2390 1209 sit
2423 1155 2571 1226 quod
2595 1171 2704 1208 non
2733 1164 2852 1210 erat
2879 1153 3018 1223 (erat
3043 1152 3193 1207 enim
3223 1151 3390 1206 etiam
3414 1158 3540 1205 ante
3569 1150 3654 1204 iu-

2068 1243 2448 1298 carnationem
2512 1242 2790 1312 perfectus
2846 1243 2937 1297 ille
2991 1258 3135 1296 unus
3180 1240 3250 1296 de
3306 1240 3650 1296 sanctissima

2069 1333 2397 1401 Trinitate);
2431 1350 2624 1389 verum
2651 1350 2681 1389 ε
2714 1342 2929 1400 contra,
2962 1342 3023 1388 ut
3055 1349 3298 1400 carnem,
3331 1334 3554 1388 relative
3579 1333 3648 1387 ad

2067 1428 2241 1482 Deum
2281 1429 2679 1498 imperfectam,
2712 1438 3026 1484 consortem
3067 1429 3268 1484 faceret
3299 1427 3464 1483 unius
3494 1443 3648 1482 com-

2066 1519 2339 1588 pietorum
2380 1519 2476 1574 SS.
2512 1520 2800 1574 Trinitatis
2831 1520 3275 1590 suppositorum,
3317 1519 3529 1576 scilicet
3559 1519 3646 1573 sui

2066 1614 2260 1684 ipsius,
2292 1624 2349 1670 et
2377 1629 2491 1669 sua:
2514 1614 2750 1684 prepriae
2778 1613 3104 1684 participem
3134 1614 3509 1684 perfectionis.
3537 1613 3648 1667 Ita-

2065 1721 2196 1776 que,
2231 1705 2396 1761 etiam
2429 1713 2553 1776 post
2591 1705 2775 1760 carnis
2817 1705 3276 1775 assumptionem,
3308 1704 3489 1760 adhuc
3522 1719 3646 1756 cum

2065 1813 2130 1852 ea
2164 1797 2406 1852 Verbum
2438 1813 2582 1851 unus
2607 1805 2693 1852 est
2714 1796 2782 1851 de
2805 1795 3148 1851 sanctissima
3174 1795 3467 1859 Trinitate,
3491 1795 3644 1864 quia,

2069 1897 2328 1960 tanquam
2369 1891 2534 1953 Deus,
2569 1903 2698 1944 vere
2739 1904 2886 1943 unus
2923 1897 3035 1953 est;
3085 1902 3169 1953 ac,
3217 1888 3363 1942 sicut
3404 1887 3646 1943 consub-

2061 1983 2336 2038 stantialis
2382 1990 2469 2037 est
2509 1982 2680 2047 Patri,
2725 1981 2801 2036 ita
2829 1979 3324 2036 consubstantialis
3364 1988 3420 2034 et
3455 1977 3643 2042 matri,

2061 2075 2634 2131 consubstantialitate
2688 2075 2911 2143 utrique
2962 2088 3241 2143 congrua,
3293 2089 3404 2127 non
3461 2082 3646 2126 tamen

2061 2167 2367 2236 respective
2393 2165 2462 2220 ad
2491 2182 2655 2220 unam
2680 2173 2736 2221 et
2763 2165 3013 2220 eamdem
3043 2180 3267 2219 suarum
3297 2173 3643 2218 naturarum.

2059 2261 2129 2315 Et
2161 2259 2384 2329 quidem
2411 2258 2487 2313 ita
2511 2273 2569 2313 se
2603 2273 2694 2312 res
2722 2257 2950 2310 habent.
2979 2256 3059 2311 Ex
3089 2257 3157 2311 iis
3180 2266 3362 2311 autem
3390 2256 3528 2310 male
3559 2255 3647 2309 in-

2060 2352 2328 2406 ducimini
2357 2347 2424 2405 ad
2459 2349 2905 2405 substituendam
2937 2349 3140 2418 ubique
3172 2348 3450 2419 hypostasi
3479 2357 3646 2402 natu-

2060 2458 2198 2496 ram.
2230 2441 2461 2511 Oportet
2483 2441 2631 2495 enim
2655 2455 2754 2494 vos
2775 2439 2862 2510 (ne
2886 2440 3018 2508 quid
3042 2439 3345 2494 absurdum
3368 2437 3644 2506 videatur)

2061 2534 2206 2588 hanc
2250 2533 2454 2587 inferre
2500 2533 2954 2588 conclusionem:
2997 2549 3124 2587 cum
3179 2533 3325 2588 sicut
3372 2547 3536 2595 unus,
3590 2531 3647 2586 id

2061 2635 2166 2690 εει,
2205 2641 2312 2679 una
2339 2639 2577 2694 persona
2605 2624 2775 2678 trium
2809 2640 3172 2696 personarum
3211 2624 3412 2679 divina:
3435 2628 3649 2678 natura:

2061 2725 2166 2781 est,
2205 2717 2280 2770 ita
2325 2731 2489 2777 unus,
2540 2713 2595 2768 id
2638 2723 2744 2779 est,
2782 2731 2891 2771 una
2937 2731 3173 2786 persona
3204 2715 3504 2770 multarum
3550 2729 3648 2768 na-

2062 2817 2199 2863 turae
2233 2808 2489 2862 humana:
2520 2823 2882 2878 personarum
2911 2809 3015 2875 sit;
3059 2809 3131 2863 sit
3171 2818 3357 2863 autem
3382 2824 3488 2862 una
3515 2823 3646 2878 per-

2061 2916 2319 2956 sonarum
2363 2900 2578 2956 ratione
2627 2901 2988 2971 hypostaseos
3036 2916 3104 2954 ex
3145 2900 3352 2955 deitate
3387 2908 3446 2954 et
3477 2914 3645 2955 carne

2061 2988 2445 3054 coalescentis,
2490 2987 2598 3044 erit
2646 2989 2815 3058 igitur
2861 2987 3071 3057 pariter
3117 3003 3227 3042 una
3275 3002 3644 3058 personarum

2061 3091 2276 3137 naturae
2333 3082 2588 3136 humana:
2657 3081 2872 3136 ratione
2913 3079 3272 3150 hypostaseos
3320 3096 3387 3134 ex
3436 3078 3644 3133 deitate

377 3178 476 3248 μὲν
499 3183 619 3245 ταῖς
647 3181 842 3249 θείαις,
865 3185 953 3240 διὰ
971 3186 1081 3241 τῶν
1101 3189 1458 3260 ἀνθρωπίνων
1486 3169 1791 3270 ἰδιωμάτων
1819 3206 1958 3259 κατά

2063 3189 2338 3244 carneque
2379 3171 2686 3228 constantis
2729 3191 2740 3226 :
2786 3172 2841 3226 in
2887 3171 3091 3227 divinis
3127 3171 3352 3241 quidem
3389 3169 3644 3240 personis

373 3271 538 3338 φύσιν
582 3273 977 3343 πλεονάζουσα,
1038 3281 1133 3334 καὶ
1185 3285 1242 3336 ὲν
1292 3289 1410 3350 ταῖς
1450 3289 1844 3364 ἀνθρωπίναις,
1878 3297 1992 3369 τῷ·

375 3362 505 3460 θείῳ
541 3365 793 3460 ίᾷιώματι
820 3370 1164 3443 ὑπερέχουσα
1189 3393 1204 3408 ο
1239 3377 1356 3431 ἀλλ’
1405 3379 1562 3450 ὑμεῖς
1612 3384 1674 3437 τὸ
1723 3362 1953 3460 μὲν-τῆς

377 3455 729 3522 ὑποστάσεως
755 3461 1053 3532 ὲσιγὴσατε
1073 3479 1086 3492 ·
1115 3507 1130 3521 .
1171 3505 1188 3522 .
1229 3508 1247 3527 .
1280 3467 1475 3540 ὄνομα.
1525 3512 1540 3527 .
1585 3512 1600 3528 .
1629 3455 1954 3551 ἵνατροπην

375 3550 471 3641 καὶ
519 3553 903 3624 καταστροφὴν
953 3557 1189 3628 φυσικὴν
1249 3561 1346 3614 καὶ
1389 3566 1504 3628 τοῖς
1531 3564 1783 3634 λέγουσιν
1821 3550 1956 3641 ἡμίν

375 3640 743 3714 ὑποστατικὴν
765 3641 904 3699 εἶναι
926 3646 1024 3716 τὴν
1051 3649 1356 3721 ἀσύγχυτον
1389 3653 1585 3710 ἕνωσιν
1605 3658 1714 3712 τῶν
1736 3640 1955 3730 φύσεων

377 3733 737 3806 ὲγκαλέσητε,
776 3737 965 3812 ὥσπερ
1003 3745 1119 3808 τοῖς
1173 3749 1334 3825 κατὰ.
1357 3748 1490 3819 μίαν
1518 3749 1677 3820 φύσιν
1699 3756 1950 3824 γενέσθαι

372 3825 471 3897 τὴν
511 3826 704 3883 ἕνωσιν
736 3831 1029 3900 φάσκουσι.

973 4079 1228 4134 ΚΕΦΑΛ.
1275 4081 1350 4137 Η’.

445 4187 604 4242 Κατά
634 4187 840 4261 ταύτην
891 4192 987 4252 τὴν
1034 4191 1354 4246 ἀκολουθίαν
1411 4194 1506 4248 καλ⁸
1555 4195 1616 4250 τὸ
1664 4198 1808 4264 Θεὸς
1858 4199 1954 4252 πέ-

375 4280 539 4333 πονθε
575 4280 761 4352 σαρκὶ,
802 4281 897 4336 καὶ
946 4284 974 4336 6
1021 4280 1214 4353 Λόγος,
1273 4285 1371 4339 καὶ⁵
1415 4287 1444 4339 6
1480 4287 1736 4358 Χριστὸς,
1785 4289 1880 4343 καὶ
1926 4291 1956 4343 6

375 4371 503 4436 Υἱὸς
543 4372 890 4438 ἐξεταστέον·
949 4374 982 4446 ἢ
1020 4375 1130 4446 γάρ
1167 4376 1565 4448 περιλαμϐάνει
1611 4380 1680 4433 τά
1715 4381 1956 4453 ὀνόματα

373 4465 546 4518 ταῦτα
568 4468 635 4537 τῇ
664 4467 913 4539 σημασίᾳ
935 4467 1004 4520 τὰ
1026 4466 1140 4534 δύο,
1173 4468 1206 4540 ἢ
1237 4467 1331 4521 οὔθ
1363 4473 1411 4522 εί
1443 4471 1544 4540 μὲν
1577 4467 1671 4525 οὖν
1717 4473 1778 4525 οὑ
1806 4491 1957 4546 περι-

2064 3285 2164 3340 per
2201 3267 2469 3322 attributa
2516 3266 2758 3320 humana
2793 3265 3005 3319 ratione
3041 3271 3255 3318 natura:
3299 3261 3640 3327 redundans,

2063 3361 2121 3416 in
2167 3358 2424 3414 humanis
2467 3373 2599 3412 vero
2647 3372 2745 3427 per
2786 3356 3050 3410 attributa
3083 3355 3265 3409 divina
3290 3355 3641 3424 superexcel-

2060 3454 2200 3508 lens.
2251 3451 2363 3507 Vos
2399 3458 2584 3504 autem
2616 3447 2765 3519 quod
2800 3447 2869 3502 ad
2903 3447 3242 3519 hyposlasim
3290 3455 3521 3516 spectat.
3562 3453 3644 3500 ta-

2062 3542 2395 3598 cuistis......
2436 3541 2786 3594 Nomen......
2829 3539 2901 3595 Ut
2931 3537 3405 3593 conversationem
3456 3545 3512 3591 et
3548 3537 3644 3591 de-

2062 3633 2426 3691 structionem
2456 3641 2666 3686 natura;
2698 3630 2861 3686 nobis
2896 3628 3212 3684 dicentibus
3245 3628 3642 3700 hypostaticarn

2061 3741 2185 3782 esse
2214 3724 2562 3780 inconfusam
2597 3732 2925 3778 naturarum
2957 3722 3220 3776 unionem
3254 3719 3450 3776 eodem
3477 3720 3642 3775 modo

2059 3816 2430 3872 criminemini
2463 3831 2626 3886 quam
2654 3815 2762 3869 illis
2791 3815 2886 3884 qui
2928 3815 3192 3868 unionem
3259 3810 3316 3865 in
3358 3811 3521 3867 unica
3560 3811 3642 3867 fa-

2062 3918 2208 3964 ctam
2247 3922 2368 3964 esse
2406 3913 2604 3960 natura
2631 3904 2994 3960 contendunt.

2669 4079 2817 4137 CAP.
2866 4079 3004 4135 Vlll.

2121 4199 2279 4256 Circa
2317 4198 2459 4252 hanc
2488 4193 2901 4251 conclusionem
2925 4201 2981 4246 et
3007 4191 3126 4246 haec
3149 4189 3314 4245 verba
3345 4204 3359 4242 :
3393 4206 3410 4240 ι
3439 4187 3641 4244 Passus

2051 4303 2136 4349 est
2157 4293 2322 4355 Deus,
2356 4288 2620 4348 Verbum,
2654 4285 2932 4350 Christus,
2967 4284 3160 4346 Filius,
3183 4300 3201 4332 ι
3242 4277 3642 4336 examinandus

2053 4393 2139 4440 est
2171 4384 2345 4438 locus.
2389 4381 2484 4437 Vel
2532 4379 2681 4434 enim
2731 4378 2849 4432 haec
2891 4376 3117 4430 nomina
3161 4373 3477 4444 signiﬁcant
3504 4370 3638 4435 duo,

2054 4477 2143 4531 vel
2197 4491 2325 4529 non.
2370 4472 2425 4529 Si
2488 4487 2599 4526 non
2649 4469 2983 4542 signiﬁcant,
3027 4467 3114 4521 vel
3161 4465 3281 4522 sine
3329 4463 3640 4520 substantia

375 4556 666 4626 λαμϐάνει,
811 4559 1062 4615 ἀνούσιον
1113 4559 1344 4616 δώσουσι
1391 4562 1490 4634 τὴν
1525 4563 1725 4634 σάρκα,
1770 4564 1804 4635 ἢ
1863 4567 1954 4619 τὸν

2063 4577 2146 4622 εει
2183 4568 2297 4622 sive
2327 4581 2456 4620 caro
2478 4565 2592 4619 sive
2625 4563 2889 4625 Verbum,
2925 4561 3009 4615 vel
3041 4559 3374 4614 alterutrum
3412 4565 3494 4611 est
3523 4556 3640 4610 sive

376 4649 570 4717 Λόγον,
595 4649 628 4720 ἦ
652 4649 904 4719 ὄργανον,
932 4652 964 4721 ἦ
989 4653 1230 4723 ἐργάτην
1255 4653 1482 4724 θάτερον
1499 4671 1512 4684 ·
1531 4656 1579 4708 εξ
1606 4654 1664 4708 δὲ
1685 4673 1750 4708 πε
1759 4655 1879 4727 ριλα
1889 4674 1951 4726 μ-

379 4740 620 4794 ϐάνειτὰ
652 4739 746 4792 δύο
784 4740 1017 4794 ’ἑκαστον
1047 4743 1156 4795 τῶν
1205 4744 1508 4814 ὀνομάτων,
1566 4744 1636 4796 τὰ
1691 4746 1958 4815 εἰρημένα

377 4834 554 4888 ἄτοπα
593 4834 777 4896 αὐτοῖς
825 4832 1248 4903 ὲπαχθήσονται.
1298 4835 1458 4900 Ἀλλ’,
1494 4830 1540 4890 ὦ
1573 4830 1740 4903 οὗτοι,
1798 4854 1958 4909 περι-

378 4926 646 4997 λαμϐάνει
673 4925 772 4996 μὲν
799 4923 1246 4979 καθ’ὑπόστασιν
1288 4926 1416 4997 μίαν
1452 4927 1522 4980 τὰ
1567 4927 1682 4990 δύο,
1727 4928 1960 4983 ἕκαστον

379 5016 488 5068 τῶν
507 5015 815 5086 εἰρημένων
849 5015 1160 5085 ὀνομάτων·
1202 5016 1262 5068 οὑ
1297 5017 1701 5087 περιλαμϐάνει
1725 5019 1782 5072 δὲ
1816 5019 1957 5073 κατά

384 5107 512 5174 μίαν
541 5110 722 5174 φύσιν,
746 5104 885 5160 ἀλλὰ
913 5103 1052 5158 κατὰ
1075 5104 1188 5168 δύο,
1213 5105 1273 5158 τό
1300 5122 1358 5157 τε
1381 5105 1635 5174 Χριστὸς
1664 5107 1757 5160 καὶ
1786 5107 1953 5174 Θεὸς,

381 5202 475 5254 καὶ
517 5201 648 5267 nec
678 5201 882 5271 ὄνομα·
908 5199 969 5252 τὸ
1001 5199 1101 5271 μέν
1138 5217 1219 5254 τοι
1248 5201 1438 5270 Λόγος
1480 5201 1572 5255 καὶ
1597 5203 1743 5268 Θεός
1770 5243 1782 5266 ,
1835 5202 1963 5256 ἐπεὶ

383 5294 479 5346 καὶ
507 5293 649 5347 κατά
695 5293 795 5363 τὴν
837 5292 967 5362 μίαν
1013 5291 1174 5362 μόνον
1231 5291 1390 5360 φύσιν
1438 5292 1660 5346 δύναται
1703 5293 1961 5361 λέγεσθαι

382 5387 481 5455 τὴν
537 5385 644 5458 πρὸ
717 5386 939 5457 σαρκὸς,
1002 5384 1116 5456 ἔχει
1187 5385 1620 5457 προσειρημένον
1671 5385 1730 5440 τὸ
1773 5386 1959 5457 σαρκὶ,

383 5480 553 5550 ἤγουν
584 5481 650 5550 τῇ
686 5479 849 5550 ἑτέρα
891 5478 1053 5549 φύσει
1093 5481 1158 5549 τῇ
1189 5479 1247 5532 ἐν
1299 5477 1376 5548 τῷ
1415 5477 1654 5547 συνθέτῳ
1702 5478 1956 5551 Χριστῷο

384 5571 479 5625 καὶ
496 5569 586 5624 διὰ
610 5570 766 5625 τοῦτο
793 5571 958 5642 ἡνίκα
996 5571 1058 5624 τὸ
1099 5569 1269 5634 πάθος
1303 5569 1396 5624 τού
1420 5570 1646 5642 Λόγουῆ
1669 5570 1804 5624 Θεοῦ
1829 5589 1961 5627 κατ-

383 5661 714 5732 ηγοροῦμεν,
765 5662 840 5726 ὡς
895 5662 988 5716 τοῦ
1053 5661 1173 5716 ὅλου
1203 5661 1496 5734 προσώπου
1540 5644 1802 5733 Χριστοῦ,
1850 5662 1961 5717 ἀπὸ

388 5751 590 5822 μέρους
616 5752 726 5805 τῶν
767 5753 824 5806 ὲν
858 5753 1010 5824 αὑτῷ
1065 5754 1362 5826 ἐπάγομεν,
1399 5755 1488 5810 καὶ
1538 5754 1628 5810 διὰ
1661 5753 1820 5820 ποίας
1853 5753 1959 5810 τῶν

385 5840 444 5894 ὲν
470 5839 618 5914 αὐτῷ
644 5842 879 5912 φύσεων.

2061 4661 2488 4715 instrmnentum
2513 4655 2628 4711 sive
2650 4655 2924 4725 operans?
2950 4653 3005 4707 Si
3038 4667 3173 4706 vero
3203 4648 3641 4719 unumquodque

2060 4745 2411 4816 praefatorum
2475 4743 2762 4797 nominum
2815 4743 2926 4796 duo
2970 4740 3251 4810 exprimit,
3312 4738 3459 4810 quod
3507 4737 3643 4806 ipsis

2060 4838 2320 4908 adjicitur
2361 4835 2600 4891 absurde
2630 4843 2714 4891 est
2750 4835 3021 4890 additum.
3055 4833 3186 4899 Sed,
3217 4832 3359 4887 heus
3398 4831 3532 4886 vos!
3565 4829 3642 4883 si-

2061 4929 2529 5000 gniﬁcatquidem
2554 4927 2665 4981 duo
2700 4927 2754 4979 in
2789 4925 2949 4980 unica
2973 4921 3252 4995 hypostasi
3284 4917 3640 4988 unumquod-

2062 5037 2168 5092 que
2202 5021 2550 5091 praefatorum
2579 5019 2898 5083 nominum;
2948 5033 3057 5072 non
3098 5014 3352 5070 alludunt
3400 5027 3532 5066 vero
3569 5010 3638 5064 ad

2063 5114 2286 5169 unicam
2308 5121 2583 5177 naturam,
2627 5109 2722 5164 sed
2775 5110 2840 5164 ad
2867 5109 3006 5163 duas
3037 5116 3265 5162 naturas
3292 5118 3456 5158 voces
3476 5101 3640 5157 Chri-

2062 5212 2203 5267 stus,
2259 5203 2424 5267 Deus,
2492 5211 2549 5256 et
2581 5199 2844 5255 Verbum.
2880 5197 3110 5252 Nomina
3164 5205 3345 5248 tamen
3400 5194 3546 5248 Deus
3583 5201 3641 5246 et

2066 5295 2310 5356 Verbum,
2374 5309 2500 5348 cum
2549 5293 2658 5346 dici
2713 5290 2927 5360 possint
2959 5288 3027 5343 de
3071 5287 3234 5341 unica
3281 5292 3481 5340 natura
3510 5291 3640 5339 ante

2064 5386 2502 5440 incarnationem
2557 5390 2832 5452 spectata,
2889 5380 3132 5435 additam
3187 5376 3394 5432 habent
3442 5391 3638 5430 vocem

2063 5493 2244 5540 carne,
2284 5476 2340 5531 id
2386 5484 2490 5540 est,
2523 5477 2697 5531 altera
2731 5482 2925 5528 natura
2969 5472 3025 5526 in
3069 5471 3380 5541 composito
3416 5467 3639 5523 Christo

2061 5569 2383 5625 exsistente.
2412 5568 2479 5621 Et
2517 5566 2662 5620 hanc
2694 5564 2766 5620 ob
2799 5578 3020 5618 causam
3061 5562 3284 5632 quando
3323 5559 3637 5632 passionem

2063 5663 2177 5718 Deo
2227 5672 2322 5716 aut
2349 5660 2531 5715 Verbo
2568 5657 2922 5714 attribuimus
2961 5656 3181 5712 Christo
3224 5671 3326 5725 pro
3363 5651 3638 5722 completa

2064 5767 2300 5824 persona
2350 5750 2558 5815 habito,
2608 5766 2675 5804 ex
2714 5757 2870 5819 parte
2913 5763 3106 5802 eorum
3154 5746 3362 5817 quibus
3396 5753 3634 5811 constat,

2068 5841 2359 5914 adjicimus
2407 5854 2639 5910 quanam
2691 5853 2758 5892 ex
2811 5836 3021 5892 naturis
3053 5835 3168 5891 suis
3208 5849 3403 5906 passus
3436 5833 3527 5889 sit.
