4116 6438
484 391 617 455 1763
640 389 667 429 ⁸

1122 510 1272 569 CAP.
1334 514 1429 569 IX.

556 597 759 654 Dicunt
795 600 963 657 etiam
1011 620 1025 657 :
1070 602 1127 658 Si
1174 606 1480 661 secundum
1531 608 1896 663 substantiam
1944 623 2057 664 non

488 700 712 755 passum
746 698 831 746 est
847 692 1113 762 Verbum,
1139 696 1490 752 manifestum
1524 708 1609 754 est
1633 699 1765 753 illud
1791 715 1900 754 non
1929 700 2060 755 sub-

483 782 817 837 stantialiter
860 800 982 841 esse
1015 791 1269 857 passum;
1316 790 1361 845 si
1400 806 1531 847 vero
1564 808 1674 848 non
1725 793 2058 850 substantia-

482 868 633 935 Iiter,
656 871 882 927 minime
911 890 1131 945 passum
1153 886 1236 933 est
1270 896 1283 932 :
1316 882 1637 936 substantia:
1666 882 1813 938 enim
1839 883 2057 953 proprie

482 967 612 1013 sunt
659 962 963 1030 passiones.
999 966 1069 1020 At
1101 982 1335 1037 persona
1373 971 1539 1025 etiam
1572 972 1814 1028 Verbum
1854 973 2059 1028 dicitur

481 1068 603 1108 esse
638 1071 895 1125 passum:
928 1061 1227 1130 assumpsit
1254 1062 1404 1117 enim
1448 1064 1769 1135 passibilem
1797 1074 2057 1121 naturam

480 1144 539 1199 in
584 1162 738 1202 suam
774 1150 951 1219 ipsius
971 1153 1306 1223 hypostasim
1332 1170 1455 1210 cum
1486 1158 1709 1227 propria
1736 1174 1834 1212 sua
1862 1166 2057 1213 natura

482 1236 808 1308 impassibili
837 1251 929 1298 :et
960 1254 1173 1301 naturae
1214 1248 1479 1302 attributa
1514 1249 1581 1303 de
1626 1264 1861 1318 persona
1907 1260 2057 1306 recte

482 1329 591 1385 dici
635 1333 839 1389 solent.

1137 1452 1289 1507 CAP.
1342 1454 1410 1509 X.

553 1549 717 1618 Ecce,
740 1553 1017 1623 inquiunt,
1049 1556 1214 1613 Pater
1235 1570 1420 1614 vester
1445 1559 1702 1632 Cyrillus,
1723 1563 1892 1617 Deum
1920 1563 2057 1619 Ver-

479 1638 611 1693 bum
654 1657 873 1711 passum
917 1658 1038 1699 esse
1086 1646 1299 1711 dicens,
1347 1656 1405 1703 et
1434 1651 1712 1720 quomodo
1740 1652 1874 1707 illud
1910 1653 2060 1707 dicat

479 1745 603 1789 esse
660 1735 928 1802 possibile
989 1736 1385 1809 interrogatus,
1442 1756 1503 1795 se
1557 1741 1806 1797 defendit
1853 1745 2057 1813 passim

479 1825 868 1894 respondendo
915 1827 1155 1883 Verbum
1207 1845 1429 1885 carnem
1462 1839 1661 1887 natura
1704 1849 1921 1903 passam
1950 1834 2057 1889 sibi

478 1917 889 1986 apprOpriasse.
936 1918 993 1974 Si
1037 1934 1171 1990 ergo
1208 1936 1308 1997 per
1354 1924 1860 1992 apprOpriationem
1907 1924 2057 1980 illius

478 2008 574 2087 qui
623 2023 653 2062 a
691 2008 897 2064 Iudaeis
927 2026 1125 2087 passus
1153 2019 1258 2076 est,
1291 2013 1572 2081 passibilis
1602 2022 1686 2069 est
1721 2017 1866 2071 Deus
1901 2016 1957 2070 in
1990 2031 2057 2071 eo

480 2114 614 2153 vere
667 2100 996 2166 immanens,
1046 2117 1178 2172 ergo
1213 2112 1268 2157 et
1301 2118 1402 2172 per
1451 2104 1622 2158 solam
1655 2107 2058 2176 appropriatio-

478 2205 603 2245 nem
650 2190 799 2246 illius
836 2192 930 2262 qui
960 2208 1028 2247 ex
1075 2192 1307 2247 muliere
1343 2202 1509 2249 natus
1542 2203 1647 2259 est,
1692 2202 1855 2249 natus
1878 2206 2056 2251 estex

477 2282 710 2336 muliere
743 2298 972 2339 manens
1018 2284 1073 2337 in
1114 2285 1233 2353 ipso
1274 2285 1439 2339 Deus.
1473 2284 1596 2339 Non
1625 2285 1790 2356 igitur
1820 2296 1968 2343 recte
1996 2298 2056 2344 ut

475 2372 706 2427 deicidze
728 2373 1003 2428 habentur
1024 2373 1220 2440 Judaei,
1262 2375 1516 2444 quamvis
1544 2375 1833 2441 dicantur;
1873 2392 2055 2447 neque

473 2469 560 2521 est
602 2461 838 2530 Deipara
889 2462 1079 2532 Virgo,
1134 2464 1391 2533 quamvis
1434 2463 1653 2519 dicatur
1705 2483 1717 2518 :
1768 2480 1897 2519 nam
1946 2467 2053 2522 sibi

474 2551 835 2621 appropriare
876 2567 1100 2621 passum
1159 2561 1215 2608 et
1266 2564 1609 2623 generatum,
1655 2571 1765 2610 non
1805 2566 1888 2612 est
1939 2558 2053 2627 pati

473 2642 562 2695 vel
610 2643 886 2712 generari.
939 2643 1010 2697 At
1057 2659 1160 2699 nos
1209 2645 1457 2712 realitcr,
1506 2662 1617 2700 non
1667 2662 1820 2701 mera
1870 2650 2055 2705 carnis

474 2734 929 2802 appropriatione
990 2751 1211 2805 passum
1262 2752 1385 2792 esse
1437 2738 1523 2793 vel
1575 2747 1767 2793 natum
1819 2739 2054 2796 dicimus

472 2822 739 2879 Verbum.
774 2824 912 2881 Cum
943 2827 1104 2896 plura
1136 2828 1193 2882 in
1234 2829 1455 2884 unicam
1492 2830 1763 2901 integram
1793 2832 2054 2903 hyposta-

473 2913 577 2967 sim
610 2913 904 2979 uniuntur,
944 2916 1211 2970 attributa
1240 2916 1675 2988 uniuscujusque
1707 2919 1777 2975 de
1808 2928 1921 2976 tota
1949 2922 2053 2977 hac

475 3001 761 3072 hypostasi
811 3003 1107 3072 praedicari
1159 3015 1412 3075 possunt,
1457 3009 1921 3077 quemadmodum
1982 3011 2051 3067 de

474 3091 796 3147 hominibus
840 3093 1085 3148 dicitur:
1122 3113 1142 3147 ι
1174 3096 1398 3151 Videbit
1436 3098 1617 3154 omnis
1648 3114 1776 3154 caro
1806 3102 2051 3157 salutare

1331 400 1641 464 LEONTII
1680 406 2085 469 BYZANTINI
2122 406 2291 469 ADV.
2328 405 2647 470 NESTOR.
2684 408 2829 469 LIB.
2863 407 3000 472 VII.

2086 516 2139 576 A

3551 402 3685 469 I768
3708 401 3739 443 "

2775 520 3029 575 ΚΕΦΛΛ.
3051 517 3130 574 Θ’.

2231 615 2399 671 Φασὶν
2424 613 2536 667 ἔτιο
2572 612 2621 665 εί
2643 612 2764 666 κατ’
2797 612 2988 664 οὐσίαν
3020 612 3121 665 οὐκ
3148 610 3386 682 ἔπασχεν
3416 610 3445 664 6
3470 608 3641 677 Λόγος
3666 611 3734 682 τῇ

2165 710 2350 779 σαρκὶ,
2375 707 2532 776 δῆλον
2558 705 2639 758 ὅτι
2670 704 2934 765 άνουσίως
2958 702 3192 773 ἔπασχεν
3211 720 3225 733 ·
3271 703 3321 755 εί
3358 702 3414 755 δὲ
3452 700 3736 764 ἀνουσίως,

2138 797 2284 874 ⁴οὐδὲ
2329 795 2563 849 ἔπαθενο
2622 791 2809 854 οὐσίας
2855 790 2965 862 γὰρ
3021 790 3091 844 τὰ
3142 791 3291 861 πάθη
3335 789 3557 860 κυρίως.
3598 788 3739 841 Ἀλλ’

2164 887 2458 942 ὑποστάσει
2479 884 2573 937 καὶ
2607 883 2637 936 6
2668 882 2837 951 Λόγος
2860 882 3079 951 λέγεται
3107 882 3299 935 παθεῖν
3324 897 3338 911 ·
3371 879 3739 951 προσελάϐετο

2163 980 2271 1050 γὰρ
2299 975 2545 1047 παθητὴν
2588 974 2778 1029 οὐσίαν
2825 974 2907 1036 εἰς
2954 972 3053 1043 τὴν
3083 971 3281 1025 ἑαυτοῦ
3316 972 3608 1025 ὑπόστασιν
3640 972 3739 1023 σὺν

2163 1073 2229 1142 τῇ
2278 1069 2454 1139 οἰκείᾳ
2474 1069 2541 1138 τῇ
2590 1065 2827 1121 ἀπαθεῖ·
2859 1063 2956 1118 καὶ
2991 1064 3061 1119 τὰ
3083 1064 3182 1134 τῆς
3210 1063 3401 1127 οὐσίας
3429 1062 3739 1131 κατηγορή-

2167 1179 2311 1233 ματα
2345 1158 2525 1214 εἰώθει
2544 1161 2644 1231 τῆς
2673 1156 3025 1220 ὑποστάσεως
3076 1154 3502 1226 κατηγορεῖσθαι
3534 1153 3736 1225 ὀρθῶς.

2793 1444 3048 1499 ΚΕΦΛΛ.
3078 1444 3118 1498 I'

2245 1546 2399 1611 Ἰδοὺ,
2436 1546 2624 1617 φασὶν,
2678 1547 2708 1601 6
2763 1548 3032 1620 ὑμέτερος
3085 1547 3272 1619 πατὴρ
3323 1547 3592 1620 Κύριλλος
3643 1548 3740 1602 τὸν

2163 1636 2296 1691 Θεὸν
2326 1636 2499 1707 Λόγον
2520 1636 2846 1692 πεπονθέναι
2885 1638 3051 1708 σαρκὶ
3082 1637 3278 1707 λέγων,
3306 1637 3587 1692 καὶτοῦτο
3619 1638 3739 1701 πῶς

2165 1746 2298 1800 φησι
2324 1728 2549 1783 δυνατὸν
2574 1724 2714 1783 εἶναι
2748 1728 3099 1798 άπαιτηθεὶς,
3142 1730 3267 1782 κατ’
3320 1728 3595 1783 οίκείωσιν
3638 1729 3739 1797 τῆς

2165 1819 2497 1884 πεπονθυίας
2537 1820 2703 1890 φύσει
2725 1820 2929 1891 σαρκὸς
2955 1819 3118 1873 αὐτοῦ
3152 1821 3264 1876 ἄνω
3293 1822 3387 1874 καὶ
3414 1821 3565 1873 κάτω
3600 1820 3739 1872 άπο-

2160 1912 2397 1981 λογεῖται
2423 1927 2437 1941 ·
2489 1913 2540 1966 εί
2594 1907 2689 1965 οῦν
2731 1913 2799 1981 τῇ
2861 1910 3134 1964 οἰκειώσει
3180 1909 3273 1965 τοῦ
3320 1910 3585 1973 παθόντος
3629 1909 3737 1963 ὑπὸ

2159 2002 2428 2057 Ἰουδαίων
2463 2003 2706 2073 παθητὸς
2732 2004 2761 2055 6
2787 2001 2921 2066 Θεὸς
2951 2001 2980 2053 6
3005 2004 3061 2055 ὲν
3096 2000 3243 2071 αὐτῷ
3275 2003 3454 2072 μένων
3494 2000 3733 2072 ἀληθῶς,

2158 2094 2268 2165 ἄρα
2292 2110 2356 2163 γε
2380 2094 2476 2146 καὶ⁵
2506 2095 2573 2164 τῇ
2603 2090 2879 2146 οίκειώσει
2922 2092 3017 2146 τοῦ
3056 2092 3410 2163 γεννηθέντος
3440 2094 3505 2146 ὲκ
3538 2110 3734 2162 γυναι-

2159 2187 2275 2251 κὸς,
2306 2185 2565 2255 γεννητὸς
2602 2185 2663 2249 ἐξ
2691 2184 2863 2255 αὐτῆς
2891 2186 2918 2238 6
2960 2186 3019 2238 ὲν
3050 2182 3200 2254 αὐτῷ
3230 2184 3364 2247 Θεὸς
3404 2184 3595 2255 μόνον·
3630 2182 3733 2239 οὐκ

2160 2278 2270 2348 ἄρα
2320 2272 2416 2331 οῦν
2482 2276 2699 2345 άληθῶς
2754 2274 3001 2330 νοοῦνται
3052 2274 3324 2328 θεοκτόνοι
3359 2275 3622 2343 Ἰουδαῖοι,
3681 2276 3733 2330 εί

2160 2370 2254 2420 καὶ
2303 2367 2583 2435 λέγονται·
2641 2365 2764 2419 οὐδὲ
2814 2365 3076 2427 Θεοτόκος
3112 2366 3146 2435 ἡ
3191 2364 3492 2433 Παρθένος,
3544 2366 3594 2417 εί
3637 2364 3731 2418 καὶ

2155 2458 2372 2525 λέγεται
2391 2474 2406 2489 ’
2435 2458 2494 2511 οὐ
2540 2457 2649 2527 γὰρ
2673 2454 2736 2510 τὸ
2774 2454 3104 2509 οἰκειοῦσθαι
3131 2454 3191 2508 τὸ
3220 2455 3424 2526 πάσχον
3447 2456 3482 2524 ἦ
3516 2455 3580 2509 τὸ
3604 2472 3735 2525 γεν-

2155 2547 2415 2617 νώμενον,
2447 2546 2551 2617 ἤδη
2588 2542 2835 2614 παθεῖνῆ
2875 2541 3205 2614 γεννηθῆναί
3234 2543 3371 2597 ἐστι.
3408 2542 3546 2595 Ἀλλ’
3570 2542 3734 2611 ἡμεῖς

2154 2637 2345 2698 ὅντως,
2393 2638 2493 2708 οὐχ
2524 2636 2715 2700 ἁπλῶς
2753 2633 3024 2688 οἰκειώσει
3078 2636 3195 2705 τῆςπ
3227 2635 3429 2705 σαρκὸς
3474 2632 3665 2687 παθεῖν
3696 2631 3731 2703 ἢ

2153 2728 2480 2800 γεννηθῆναι
2530 2728 2620 2782 τὸν
2650 2727 2831 2795 Λόγον
2873 2725 3091 2796 φαμὲνο
3149 2725 3264 2779 ἀλλ’
3309 2723 3495 2796 ἐπειδὴ
3542 2725 3634 2777 ἐπὶ
3663 2726 3731 2794 τῇ

2154 2822 2347 2876 ἑνώσει
2385 2822 2547 2875 τινῶν
2578 2823 2644 2892 τῇ
2673 2822 2754 2883 είς
2798 2820 2929 2890 μίαν
2981 2818 3352 2888 ὑποστατικὴν
3385 2818 3617 2887 ὀλότητα
3659 2816 3732 2870 τά

2153 2914 2393 2985 ὀνόματα
2439 2914 2670 2967 ἑκάστου
2719 2911 2829 2965 τῶν
2873 2913 2930 2964 ὲν
2970 2912 3105 2981 αὐτῇ
3163 2910 3387 2963 δύναται
3443 2908 3586 2962 κατὰ
3630 2905 3731 2960 τοῦ

2153 3006 2280 3060 ὅλου
2314 3004 2595 3077 φέρεσθαι,
2616 3004 2806 3075 ὥσπερ
2833 3003 2895 3056 τὸ
2916 3004 3045 3075 περὶ
3068 3001 3370 3073 ἀνθρώπων
3398 3000 3693 3070 λεγόμενον
3710 3013 3733 3033 ⁸

2152 3098 2251 3152 καὶ
2271 3096 2464 3167 ὄψεται
2494 3098 2645 3149 πᾶσα
2678 3094 2813 3165 σάρξ
2862 3095 2922 3148 τὸ
2951 3095 3227 3166 Σωτήριον
3258 3094 3495 3166 Κυρίου·
3546 3094 3643 3148 καὶ
3671 3091 3736 3147 τὸ

473 3185 693 3239 Domini
724 3196 782 3251 ες
825 3204 845 3238 ι
880 3194 935 3241 et
969 3184 1071 3239 Lot
1104 3186 1313 3242 dicitur
1347 3204 1361 3241 :
1408 3207 1425 3239 ι
1461 3187 1691 3245 Salvans
1746 3192 1895 3246 salva
1941 3194 2061 3248 ani-

2161 3188 2452 3261 είρημένον
2503 3185 2582 3257 τῷ
2635 3186 2793 3239 Λώτ·
2823 3204 2841 3237 ι
2904 3185 3099 3249 Σὼζων
3172 3185 3311 3250 σῶζε
3358 3186 3458 3255 τὴν
3499 3182 3734 3239 σεαυτοῦ

474 3290 621 3330 mam
658 3285 803 3330 tuam
846 3276 895 3330 ά.
925 3295 943 3328 ι
983 3276 1296 3347 Aliquando
1341 3287 1527 3333 autem
1571 3281 1837 3337 attributa
1880 3285 2051 3341 totius

476 3367 852 3438 praedicantur
908 3369 977 3424 de
999 3372 1300 3439 partibus:
1346 3371 1491 3426 sicut
1535 3371 1773 3427 dicimus
1820 3372 2056 3430 fractum

474 3459 648 3514 fuisse
692 3459 841 3515 hunc
880 3461 1086 3527 virum,
1129 3464 1381 3532 quamvis
1412 3464 1480 3519 de
1520 3466 1773 3520 membro
1807 3470 2057 3538 corporis

475 3551 643 3623 hujus
680 3560 892 3606 tantum
918 3552 1082 3608 modo
1105 3562 1328 3625 agatur;
1357 3565 1412 3611 et
1433 3557 1734 3626 superbum
1765 3574 1885 3615 esse
1910 3560 2057 3616 hunc

474 3641 565 3697 vel
598 3642 754 3696 Illum
802 3642 1104 3708 hominem,
1153 3645 1408 3713 quamvis
1436 3645 1489 3699 id
1518 3646 1690 3703 solius
1727 3648 1800 3703 sit
1836 3650 2053 3705 animae.

476 3731 927 3787 Interdumvero
966 3733 1115 3803 quod
1147 3742 1233 3788 est
1262 3736 1545 3804 proprium
1568 3738 1661 3791 uni
1688 3739 1860 3795 totius
1887 3742 2054 3811 parti,

475 3822 633 3877 alteri
656 3824 825 3877 etiam
849 3824 989 3892 parti
1028 3824 1833 3893 attribuimus;sicutdieimus
1864 3848 1878 3884 :
1914 3831 2057 3898 Quot

477 3913 676 3967 animae
731 3914 930 3969 occisae
980 3923 1111 3969 sunt
1151 3915 1209 3969 in
1257 3919 1667 3987 expugnatione
1712 3921 2052 3978 Jerusalem!

476 4002 741 4069 Quamvis
786 4004 841 4059 id
887 4005 1214 4075 corporibus
1262 4014 1477 4061 tantum
1530 4019 1823 4080 competat.
1866 4010 2001 4067 Item
2038 4029 2054 4067 :

474 4090 595 4146 Non
617 4091 725 4146 fert
757 4092 1013 4163 injuriam
1041 4108 1245 4163 corpus
1273 4095 1549 4164 liberum;
1580 4098 1710 4153 licet
1735 4100 1848 4154 sola
1874 4100 2055 4156 anima

476 4180 711 4251 pudoris
726 4182 802 4236 sit
823 4197 1013 4252 capax.
1036 4183 1117 4237 Ex
1138 4184 1225 4239 his
1265 4186 1527 4241 omnibus
1551 4195 1703 4257 patet
1728 4188 1836 4243 dici
1870 4205 2053 4259 posse,

474 4286 643 4327 carne
692 4271 900 4328 Christi
942 4288 1123 4343 passa,
1157 4274 1337 4345 ipsum
1372 4275 1614 4331 Verbum
1655 4294 1777 4334 esse
1809 4294 2051 4349 passum,

474 4376 576 4432 per
611 4361 895 4431 unionem,
956 4379 1067 4419 non
1101 4380 1201 4435 per
1247 4381 1455 4421 meram
1504 4369 2050 4439 appropriationem;

474 4462 800 4524 generatum
830 4471 963 4511 vero
991 4472 1112 4512 esse
1131 4458 1326 4513 eodem
1352 4474 1540 4526 sensu,
1569 4476 1633 4515 ac
1660 4460 1885 4532 insuper
1914 4478 2052 4532 qua-

2160 3279 2367 3350 ψυχήνο
2406 3300 2425 3330 ρ
2454 3278 2586 3331 ποτὲ
2614 3277 2671 3331 δὲ
2701 3277 2793 3330 καὶ
2823 3276 2892 3331 τὰ
2922 3277 3014 3330 τοῦ
3047 3277 3168 3329 ὅλου
3193 3275 3335 3330 κατὰ
3360 3276 3472 3329 τῶν
3501 3273 3690 3346 μερῶν
3709 3288 3731 3307 ’

2160 3369 2349 3439 ὥσπερ
2382 3368 2563 3439 φαμὲν
2600 3367 2683 3421 ὅτι
2713 3366 2950 3437 ἐκλάσθη
2982 3367 3009 3419 ό
3050 3366 3357 3439 ἄνθρωπος,
3398 3366 3579 3419 καίτοι
3634 3362 3737 3435 μόε

2158 3478 2248 3513 νον
2277 3458 2339 3513 τὸ
2372 3459 2684 3528 σωματικὸν
2717 3458 2879 3529 μέλος
2904 3456 3061 3510 τοῦδε
3083 3472 3097 3487 ⁸
3150 3457 3246 3510 καὶ
3262 3457 3344 3510 ὅτι
3402 3454 3734 3527 ὑψηλόφρων

2160 3550 2447 3622 ἄνθρωπος
2475 3553 2503 3604 ό
2531 3550 2700 3613 δεῖνα,
2749 3549 2928 3603 καίτοι
2976 3548 3111 3619 μόνῃ
3163 3550 3230 3618 τῇ
3265 3547 3443 3617 ψυχῇο
3488 3546 3620 3599 ποτὲ
3671 3546 3734 3600 δὲ

2161 3643 2258 3695 καὶ
2285 3641 2353 3694 τὰ
2383 3640 2477 3694 τοῦ
2503 3640 2693 3712 ἐτέρου
2731 3640 2840 3694 τῶν
2872 3642 2933 3694 ὲν
2964 3638 3043 3709 τῷ
3075 3639 3154 3692 ὲνὶ
3190 3639 3297 3709 ὅλῳ
3323 3635 3467 3692 κατὰ
3492 3635 3588 3690 τοῦ
3630 3637 3737 3691 σὺν

2158 3729 2306 3801 αῦτῷ
2334 3730 2544 3802 ἐτέρου,
2574 3730 2761 3801 ὥσπερ
2784 3729 3035 3801 λέγομεν.
3073 3730 3243 3783 Πόσαι
3288 3728 3458 3799 ψυχαὶ
3500 3727 3737 3783 κατεκό·

2162 3841 2343 3893 πησαν
2402 3823 2461 3875 ὲν
2518 3824 2585 3894 τῇ
2640 3821 2840 3877 ἁλώσει
2919 3822 3333 3894 Ἰεροσολύμωνῐ
3407 3821 3583 3874 καίτοι
3660 3819 3738 3874 τὰ

2160 3912 2390 3983 σώματα
2415 3912 2578 3983 μόνον
2597 3928 2610 3941 '
2644 3913 2740 3966 καὶ
2769 3912 2933 3966 ὅτιού
2964 3913 3121 3983 φέρει
3154 3912 3252 3982 τὴν
3276 3912 3434 3982 ὓϐριν
3477 3911 3537 3964 τὸ
3570 3910 3739 3979 σῶμα

2158 4003 2219 4056 τὸ
2279 4003 2589 4075 ἐλεύθερον,
2620 4003 2853 4075 καίτοιὴ
2906 4004 3051 4074 ψυχὴ
3096 4004 3483 4075 ἐπαισχύνεται
3539 4004 3735 4074 μόνον’

2166 4093 2326 4164 δῆλον
2354 4093 2433 4158 ὡς
2463 4095 2602 4160 ἐστι,
2638 4096 2733 4148 καὶ
2760 4096 2858 4166 τῆς
2902 4097 3106 4167 σαρκὸς
3138 4094 3377 4167 Χριστοῦ
3424 4094 3736 4165 παθούσης,

2158 4184 2338 4253 λέγειν
2365 4185 2458 4238 τὸν
2491 4186 2677 4257 ἀπαθῆ
2716 4186 2880 4241 αὐτὸν
2911 4186 3084 4256 Λόγον
3114 4188 3309 4242 παθεῖν
3348 4186 3438 4241 διὰ
3467 4185 3569 4258 τὴν
3591 4186 3739 4240 Em-

2157 4292 2269 4329 σινο
2298 4276 2359 4329 οὐ
2382 4276 2449 4329 δι’
2469 4277 2743 4330 οίκείωσιν
2778 4276 2940 4348 μόνον
2961 4292 2977 4306 ⁶
3001 4266 3332 4350 γὲννηθῖψαι
3386 4278 3445 4331 δὲ
3506 4279 3601 4332 καὶ
3639 4279 3742 4333 διὰ

2155 4366 2296 4428 τόδε.
2320 4366 2415 4420 καὶ
2462 4365 2539 4431 ὡς
2581 4365 2719 4423 ίδίαν
2758 4368 2852 4421 καὶ
2905 4366 3071 4423 αὐτὸν
3116 4369 3433 4424 ὑποστάντα
3473 4369 3741 4439 γέννησιν

2159 4458 2257 4511 σὺν
2278 4457 2415 4530 αὐτῇ
2437 4474 2452 4491 ·
2479 4459 2580 4512 οὐκ
2599 4460 2682 4523 εἰς
2709 4458 2771 4512 τὸ
2800 4454 2938 4513 εἶναι
2959 4457 3150 4532 ὥσπερ
3186 4460 3351 4531 αῦτη,
3393 4459 3510 4513 ἀλλ’
3544 4460 3627 4523 είς
3667 4459 3739 4515 τὸ

474 4554 638 4599 tenus
659 4545 940 4615 propriam
960 4562 1113 4602 suam
1134 4550 1543 4619 generationem
1568 4550 1904 4622 hypostatice
1924 4568 2050 4608 cum

2157 4547 2438 4619 ὲνσάρκως
2456 4543 2631 4603 εῖναι·
2688 4549 2786 4604 καὶ
2832 4550 3191 4622 μορφωθῆναι
3245 4551 3347 4621 τὴν
3385 4549 3518 4604 ίδίαν
3562 4550 3742 4619 ἀόρα-

474 4647 641 4688 carne
693 4635 990 4703 copulavit,
1025 4652 1137 4692 non
1190 4647 1252 4692 ut
1283 4640 1435 4694 carni
1482 4639 1679 4697 similis
1722 4641 1899 4708 ﬁeret,
1954 4643 2050 4697 sed

474 4732 538 4778 ut
582 4724 741 4780 ﬁeret
786 4726 844 4780 in
898 4741 1103 4794 carne;
1146 4738 1204 4784 et
1254 4728 1487 4784 formam
1531 4731 1809 4802 accepisse
1856 4733 2049 4788 invisi-

472 4812 646 4869 bilem
681 4814 854 4885 ipsius
894 4816 1256 4887 bypostasim,
1295 4819 1517 4891 quando
1558 4837 1690 4883 caro
1722 4838 1885 4879 suum
1927 4839 2049 4881 esse

472 4903 529 4959 in
567 4919 632 4961 ea
686 4905 939 4976 sumpsit.

1107 5021 1262 5080 CAP.
1317 5022 1415 5078 XI.

543 5110 652 5167 Per
700 5110 852 5167 aliud
893 5112 1111 5183 patiens
1152 5114 1267 5184 pati
1320 5115 1460 5171 nihil
1509 5130 1577 5171 ex
1617 5114 1687 5172 iis
1724 5116 1892 5172 etiam
1927 5133 2051 5188 quae

472 5209 671 5257 natura
704 5212 835 5257 sunt
876 5204 1180 5273 passibilia,
1220 5214 1404 5276 potest
1437 5224 1450 5260 :
1490 5207 1674 5277 passio
1714 5208 1861 5262 enim
1895 5209 1952 5265 in
1983 5224 2050 5264 eo

474 5300 687 5348 tantum
711 5293 928 5349 videtur
961 5296 1019 5350 in
1053 5312 1164 5365 quo
1186 5297 1538 5366 supervenit;
1578 5314 1691 5353 non
1721 5309 1905 5354 autem
1938 5300 2050 5355 ullo

472 5386 637 5441 modo
673 5385 751 5440 illi
799 5386 944 5442 inest
990 5403 1090 5457 per
1132 5404 1295 5458 quem
1341 5389 1562 5444 accidit.
1611 5390 1829 5457 Quanto
1877 5391 2051 5461 magis

476 5477 815 5546 impassibile
863 5479 1102 5533 Verbum
1162 5495 1327 5534 carne
1365 5496 1485 5535 esse
1528 5497 1749 5551 passum
1785 5483 1904 5537 sine
1944 5482 2047 5537 im-

471 5567 681 5636 pietate
718 5569 823 5624 dici
872 5570 1079 5639 nequit.
1126 5569 1316 5624 Sciant
1360 5571 1662 5627 adversarii
1697 5574 1869 5644 magis
1926 5588 2047 5628 esse

474 5657 629 5725 pium
684 5668 740 5713 et
790 5663 901 5717 Deo
934 5661 1156 5732 dignius
1212 5662 1322 5715 dici
1368 5662 1608 5717 Verbum
1663 5680 1883 5735 passum
1922 5680 2045 5721 esse

550 5804 570 5835 ε
615 5794 749 5861 Luc.
780 5812 859 5863 tu,
912 5802 964 5853 6.
1043 5798 1070 5839 ιι
1119 5800 1256 5855 Gcn.
1312 5814 1421 5866 Ius,
1468 5803 1549 5857 l7.

859 5921 949 6006 θ

2155 4656 2248 4695 τον
2274 4640 2574 4698 ὑπόστασιν
2614 4641 2703 4697 ὅτε
2738 4643 2773 4714 ἡ
2808 4642 2953 4715 σὰρξ,
2976 4642 3037 4697 τὸ
3073 4641 3212 4699 εἶναι
3267 4645 3326 4699 ὲν
3369 4644 3506 4716 αὐτῇ
3553 4644 3739 4715 ὲλάμ-

2156 4731 2307 4789 σανε.

2734 5005 3128 5082 ΚΕΦΑΛΪἾΜ.

2220 5114 2299 5167 Δι’
2336 5114 2522 5187 ἐτέρου
2549 5115 2801 5189 πάσχειν,
2828 5121 2982 5191 φησὶ,
3020 5122 3351 5183 πεπονθότος
3370 5122 3491 5177 οὖδέ
3520 5140 3573 5176 τι
3619 5123 3739 5179 τῶν

2150 5205 2310 5273 φύσει
2349 5208 2609 5279 παθητῶν
2640 5210 2894 5267 δυνατόν’
2924 5214 3056 5267 αὐτὸ
3098 5215 3208 5286 γὰρ
3241 5216 3304 5285 δὴ
3336 5216 3398 5268 τὸ
3429 5214 3628 5281 πάθος,
3655 5217 3740 5269 ’ἐν

2149 5290 2193 5366 ᾧ
2222 5298 2464 5367 γέγονεν,
2488 5302 2683 5370 ὁρᾶται
2707 5304 2888 5373 μόνον,
2908 5304 3030 5357 οὔτε
3047 5306 3102 5359 δὲ
3120 5306 3189 5359 δι’
3214 5300 3275 5360 οὗ
3321 5306 3545 5374 γέγονεν
3575 5306 3737 5378 αὐτῷ

2155 5389 2278 5444 οὔτε
2306 5391 2380 5457 ὡς
2414 5392 2619 5447 ἔνεστιν
2637 5411 2653 5427 ο
2682 5396 2831 5466 πόσῳ
2873 5393 2965 5451 οὖν
3003 5398 3202 5468 μᾶλλον
3226 5402 3254 5453 6
3290 5400 3505 5469 ἀπαθὴς
3531 5400 3738 5469 Λόγος,

2155 5482 2253 5535 οὐκ
2280 5483 2456 5552 ὀρθῶς
2506 5487 2667 5557 σαρκὶ
2696 5485 2905 5555 λέγοιτο
2962 5491 3153 5543 παθεῖν
3193 5494 3308 5554 τοῖς
3371 5489 3737 5557 εὐσεϐοῦσιν;

2158 5576 2421 5628 Ἴστωσαν
2477 5571 2571 5629 οὖν
2621 5576 2697 5637 ὡς
2740 5578 2941 5648 μᾶλλον
2976 5582 3087 5643 τοῖς
3132 5597 3197 5648 γε
3244 5580 3739 5650 θεοπρεπεστέρως

2153 5664 2437 5721 εὐσεϐοῦσι
2464 5667 2557 5722 τὸν
2586 5668 2757 5737 Λόγον
2782 5669 2974 5725 παθεῖν
3004 5672 3213 5741 λέγοιτο
3244 5673 3404 5743 σαρκὶ
3427 5675 3485 5725 ὲν
3506 5671 3745 5743 Χριστῷ
